<!DOCTYPE html>
<meta charset="utf-8" />
<!-- version 1 -->
<title>UU replay: der gaviols vs. An Actual Pidgey</title>
<style>
html,body {font-family:Verdana, sans-serif;font-size:10pt;margin:0;padding:0;}body{padding:12px 0;} .battle-log {font-family:Verdana, sans-serif;font-size:10pt;} .battle-log-inline {border:1px solid #AAAAAA;background:#EEF2F5;color:black;max-width:640px;margin:0 auto 80px;padding-bottom:5px;} .battle-log .inner {padding:4px 8px 0px 8px;} .battle-log .inner-preempt {padding:0 8px 4px 8px;} .battle-log .inner-after {margin-top:0.5em;} .battle-log h2 {margin:0.5em -8px;padding:4px 8px;border:1px solid #AAAAAA;background:#E0E7EA;border-left:0;border-right:0;font-family:Verdana, sans-serif;font-size:13pt;} .battle-log .chat {vertical-align:middle;padding:3px 0 3px 0;font-size:8pt;} .battle-log .chat strong {color:#40576A;} .battle-log .chat em {padding:1px 4px 1px 3px;color:#000000;font-style:normal;} .chat.mine {background:rgba(0,0,0,0.05);margin-left:-8px;margin-right:-8px;padding-left:8px;padding-right:8px;} .spoiler {color:#BBBBBB;background:#BBBBBB;padding:0px 3px;} .spoiler:hover, .spoiler:active, .spoiler-shown {color:#000000;background:#E2E2E2;padding:0px 3px;} .spoiler a {color:#BBBBBB;} .spoiler:hover a, .spoiler:active a, .spoiler-shown a {color:#2288CC;} .chat code, .chat .spoiler:hover code, .chat .spoiler:active code, .chat .spoiler-shown code {border:1px solid #C0C0C0;background:#EEEEEE;color:black;padding:0 2px;} .chat .spoiler code {border:1px solid #CCCCCC;background:#CCCCCC;color:#CCCCCC;} .battle-log .rated {padding:3px 4px;} .battle-log .rated strong {color:white;background:#89A;padding:1px 4px;border-radius:4px;} .spacer {margin-top:0.5em;} .message-announce {background:#6688AA;color:white;padding:1px 4px 2px;} .message-announce a, .broadcast-green a, .broadcast-blue a, .broadcast-red a {color:#DDEEFF;} .broadcast-green {background-color:#559955;color:white;padding:2px 4px;} .broadcast-blue {background-color:#6688AA;color:white;padding:2px 4px;} .infobox {border:1px solid #6688AA;padding:2px 4px;} .infobox-limited {max-height:200px;overflow:auto;overflow-x:hidden;} .broadcast-red {background-color:#AA5544;color:white;padding:2px 4px;} .message-learn-canlearn {font-weight:bold;color:#228822;text-decoration:underline;} .message-learn-cannotlearn {font-weight:bold;color:#CC2222;text-decoration:underline;} .message-effect-weak {font-weight:bold;color:#CC2222;} .message-effect-resist {font-weight:bold;color:#6688AA;} .message-effect-immune {font-weight:bold;color:#666666;} .message-learn-list {margin-top:0;margin-bottom:0;} .message-throttle-notice, .message-error {color:#992222;} .message-overflow, .chat small.message-overflow {font-size:0pt;} .message-overflow::before {font-size:9pt;content:'...';} .subtle {color:#3A4A66;}
</style>
<div class="wrapper replay-wrapper" style="max-width:1180px;margin:0 auto">
<input type="hidden" name="replayid" value="uu-536292684" />
<div class="battle"></div><div class="battle-log"></div><div class="replay-controls"></div><div class="replay-controls-2"></div>
<h1 style="font-weight:normal;text-align:center"><strong>UU</strong><br /><a href="http://pokemonshowdown.com/users/dergaviols" class="subtle" target="_blank">der gaviols</a> vs. <a href="http://pokemonshowdown.com/users/anactualpidgey" class="subtle" target="_blank">An Actual Pidgey</a></h1>
<script type="text/plain" class="battle-log-data">|j|der gaviols
|j|An Actual Pidgey
|player|p1|der gaviols|165
|player|p2|An Actual Pidgey|101
|gametype|singles
|gen|6
|tier|UU
|rated
|seed|23440,32143,32792,19638
|rule|Sleep Clause Mod: Limit one foe put to sleep
|rule|Species Clause: Limit one of each Pokémon
|rule|OHKO Clause: OHKO moves are banned
|rule|Moody Clause: Moody is banned
|rule|Evasion Moves Clause: Evasion moves are banned
|rule|Endless Battle Clause: Forcing endless battles is banned
|rule|HP Percentage Mod: HP is shown in percentages
|clearpoke
|poke|p1|Aggron, M|item
|poke|p1|Mismagius, F|item
|poke|p1|Arcanine, M|item
|poke|p1|Celebi|item
|poke|p1|Blastoise, M|item
|poke|p1|Swellow, M|item
|poke|p2|Chandelure, F|item
|poke|p2|Cresselia, F|item
|poke|p2|Heracross, M, shiny|item
|poke|p2|Goodra, F|item
|poke|p2|Kyurem|item
|poke|p2|Sceptile, M, shiny|item
|rule|Swagger Clause: Swagger is banned
|rule|Baton Pass Clause: Limit one Baton Passer, can't pass Spe and other stats simultaneously
|teampreview
|choice|team 1, team 2, team 3, team 4, team 5, team 6|team 3, team 2, team 1, team 4, team 5, team 6
|
|start
|switch|p1a: Aggron|Aggron, M|281\/281
|switch|p2a: Heracross|Heracross, M, shiny|301\/301
|turn|1
|choice|switch 6|move brickbreak
|
|switch|p1a: Swellow|Swellow, M|261\/261
|move|p2a: Heracross|Brick Break|p1a: Swellow
|-damage|p1a: Swellow|19\/261
|-damage|p2a: Heracross|271\/301|[from] item: Life Orb
|
|upkeep
|turn|2
|choice|move airslash|switch 4
|
|switch|p2a: Goodra|Goodra, F|321\/321
|move|p1a: Swellow|Air Slash|p2a: Goodra
|-damage|p2a: Goodra|246\/321
|
|-heal|p2a: Goodra|266\/321|[from] item: Leftovers
|upkeep
|turn|3
|choice|switch 6|move thunderpunch
|
|switch|p1a: Aggron|Aggron, M|281\/281
|move|p2a: Goodra|Thunder Punch|p1a: Aggron
|-damage|p1a: Aggron|227\/281
|
|-heal|p2a: Goodra|286\/321|[from] item: Leftovers
|upkeep
|turn|4
|choice|move icepunch mega|move powerwhip
|
|detailschange|p1a: Aggron|Aggron-Mega, M
|-mega|p1a: Aggron|Aggron|Aggronite
|move|p1a: Aggron|Ice Punch|p2a: Goodra
|-supereffective|p2a: Goodra
|-crit|p2a: Goodra
|-damage|p2a: Goodra|0 fnt
|-ability|p2a: Goodra|Gooey
|-unboost|p1a: Aggron|spe|1
|faint|p2a: Goodra
|
|upkeep
|choice||switch 4
|
|switch|p2a: Heracross|Heracross, M, shiny|271\/301
|turn|5
|choice|switch 3|move brickbreak
|
|switch|p1a: Arcanine|Arcanine, M|321\/321
|move|p2a: Heracross|Brick Break|p1a: Arcanine
|-damage|p1a: Arcanine|121\/321
|-damage|p2a: Heracross|241\/301|[from] item: Life Orb
|
|upkeep
|turn|6
|choice|switch 2|move stoneedge
|
|switch|p1a: Mismagius|Mismagius, F|261\/261
|move|p2a: Heracross|Stone Edge|p1a: Mismagius
|-damage|p1a: Mismagius|18\/261
|-damage|p2a: Heracross|211\/301|[from] item: Life Orb
|
|upkeep
|turn|7
|choice|move destinybond|move megahorn
|
|move|p1a: Mismagius|Destiny Bond|p1a: Mismagius
|-singlemove|p1a: Mismagius|Destiny Bond
|move|p2a: Heracross|Megahorn|p1a: Mismagius
|-resisted|p1a: Mismagius
|-damage|p1a: Mismagius|0 fnt
|-damage|p2a: Heracross|181\/301|[from] item: Life Orb
|faint|p1a: Mismagius
|-activate|p1a: Mismagius|move: Destiny Bond
|faint|p2a: Heracross
|
|upkeep
|choice|switch 6|switch 2
|
|switch|p1a: Swellow|Swellow, M|19\/261
|switch|p2a: Cresselia|Cresselia, F|381\/381
|turn|8
|choice|switch 5|move psychic
|
|switch|p1a: Blastoise|Blastoise, M|362\/362
|move|p2a: Cresselia|Psychic|p1a: Blastoise
|-damage|p1a: Blastoise|320\/362
|-unboost|p1a: Blastoise|spd|1
|
|upkeep
|turn|9
|choice|move scald|move calmmind
|
|move|p2a: Cresselia|Calm Mind|p2a: Cresselia
|-boost|p2a: Cresselia|spa|1
|-boost|p2a: Cresselia|spd|1
|move|p1a: Blastoise|Scald|p2a: Cresselia
|-damage|p2a: Cresselia|332\/381
|-status|p2a: Cresselia|brn
|
|-damage|p2a: Cresselia|285\/381 brn|[from] brn
|upkeep
|turn|10
|choice|move mirrorcoat|move calmmind
|
|move|p2a: Cresselia|Calm Mind|p2a: Cresselia
|-boost|p2a: Cresselia|spa|1
|-boost|p2a: Cresselia|spd|1
|move|p1a: Blastoise|Mirror Coat|p2a: Cresselia
|-fail|p2a: Cresselia
|
|-damage|p2a: Cresselia|238\/381 brn|[from] brn
|upkeep
|turn|11
|choice|move mirrorcoat|move calmmind
|
|move|p2a: Cresselia|Calm Mind|p2a: Cresselia
|-boost|p2a: Cresselia|spa|1
|-boost|p2a: Cresselia|spd|1
|move|p1a: Blastoise|Mirror Coat|p2a: Cresselia
|-fail|p2a: Cresselia
|
|-damage|p2a: Cresselia|191\/381 brn|[from] brn
|upkeep
|turn|12
|choice|move mirrorcoat|move calmmind
|
|move|p2a: Cresselia|Calm Mind|p2a: Cresselia
|-boost|p2a: Cresselia|spa|1
|-boost|p2a: Cresselia|spd|1
|move|p1a: Blastoise|Mirror Coat|p2a: Cresselia
|-fail|p2a: Cresselia
|
|-damage|p2a: Cresselia|144\/381 brn|[from] brn
|upkeep
|turn|13
|choice|move mirrorcoat|move calmmind
|
|move|p2a: Cresselia|Calm Mind|p2a: Cresselia
|-boost|p2a: Cresselia|spa|1
|-boost|p2a: Cresselia|spd|1
|move|p1a: Blastoise|Mirror Coat|p2a: Cresselia
|-fail|p2a: Cresselia
|
|-damage|p2a: Cresselia|97\/381 brn|[from] brn
|upkeep
|turn|14
|choice|move mirrorcoat|move rest
|
|move|p2a: Cresselia|Rest|p2a: Cresselia
|-status|p2a: Cresselia|slp
|-heal|p2a: Cresselia|381\/381 slp|[silent]
|-status|p2a: Cresselia|slp|[from] move: Rest
|-enditem|p2a: Cresselia|Chesto Berry|[eat]
|-curestatus|p2a: Cresselia|slp|[msg]
|move|p1a: Blastoise|Mirror Coat|p2a: Cresselia
|-fail|p2a: Cresselia
|
|upkeep
|turn|15
|choice|move mirrorcoat|move calmmind
|
|move|p2a: Cresselia|Calm Mind|p2a: Cresselia
|-boost|p2a: Cresselia|spa|1
|-boost|p2a: Cresselia|spd|1
|move|p1a: Blastoise|Mirror Coat|p2a: Cresselia
|-fail|p2a: Cresselia
|
|upkeep
|turn|16
|choice|move mirrorcoat|move psychic
|
|move|p2a: Cresselia|Psychic|p1a: Blastoise
|-damage|p1a: Blastoise|106\/362
|-unboost|p1a: Blastoise|spd|1
|move|p1a: Blastoise|Mirror Coat|p2a: Cresselia
|-damage|p2a: Cresselia|0 fnt
|faint|p2a: Cresselia
|
|upkeep
|choice||switch 6
|
|switch|p2a: Sceptile|Sceptile, M, shiny|281\/281
|turn|17
|choice|switch 3|move dragonpulse mega
|
|switch|p1a: Aggron|Aggron-Mega, M|227\/281
|detailschange|p2a: Sceptile|Sceptile-Mega, M, shiny
|-mega|p2a: Sceptile|Sceptile|Sceptilite
|move|p2a: Sceptile|Dragon Pulse|p1a: Aggron
|-resisted|p1a: Aggron
|-damage|p1a: Aggron|125\/281
|
|upkeep
|turn|18
|choice|move icepunch|switch 5
|
|switch|p2a: Kyurem|Kyurem|454\/454
|-ability|p2a: Kyurem|Pressure
|move|p1a: Aggron|Ice Punch|p2a: Kyurem
|-damage|p2a: Kyurem|323\/454
|
|upkeep
|turn|19
|choice|move ironhead|move dragonpulse
|
|move|p2a: Kyurem|Dragon Pulse|p1a: Aggron
|-resisted|p1a: Aggron
|-damage|p1a: Aggron|0 fnt
|-damage|p2a: Kyurem|278\/454|[from] item: Life Orb
|faint|p1a: Aggron
|
|upkeep
|choice|switch 2|
|
|switch|p1a: Arcanine|Arcanine, M|121\/321
|turn|20
|choice|move closecombat|move stoneedge
|
|move|p1a: Arcanine|Close Combat|p2a: Kyurem
|-supereffective|p2a: Kyurem
|-damage|p2a: Kyurem|0 fnt
|-unboost|p1a: Arcanine|def|1
|-unboost|p1a: Arcanine|spd|1
|-damage|p1a: Arcanine|89\/321|[from] item: Life Orb
|faint|p2a: Kyurem
|
|upkeep
|choice||switch 3
|
|switch|p2a: Chandelure|Chandelure, F|261\/261
|turn|21
|choice|move wildcharge|move shadowball
|
|move|p2a: Chandelure|Shadow Ball|p1a: Arcanine
|-damage|p1a: Arcanine|0 fnt
|faint|p1a: Arcanine
|
|upkeep
|choice|switch 5|
|
|switch|p1a: Swellow|Swellow, M|19\/261
|turn|22
|choice|move boomburst|switch 5
|
|switch|p2a: Sceptile|Sceptile-Mega, M, shiny|281\/281
|move|p1a: Swellow|Boomburst|p2a: Sceptile
|-crit|p2a: Sceptile
|-damage|p2a: Sceptile|0 fnt
|faint|p2a: Sceptile
|
|upkeep
|choice||switch 5
|
|switch|p2a: Chandelure|Chandelure, F|261\/261
|turn|23
|choice|move boomburst|move fireblast
|
|move|p2a: Chandelure|Fire Blast|p1a: Swellow
|-damage|p1a: Swellow|0 fnt
|faint|p1a: Swellow
|
|upkeep
|choice|switch 3|
|
|switch|p1a: Blastoise|Blastoise, M|106\/362
|turn|24
|choice|move scald|move fireblast
|
|move|p2a: Chandelure|Fire Blast|p1a: Blastoise|[miss]
|-miss|p2a: Chandelure|p1a: Blastoise
|move|p1a: Blastoise|Scald|p2a: Chandelure
|-supereffective|p2a: Chandelure
|-damage|p2a: Chandelure|1\/261
|
|upkeep
|turn|25
|choice|move scald|move fireblast
|
|move|p2a: Chandelure|Fire Blast|p1a: Blastoise
|-resisted|p1a: Blastoise
|-damage|p1a: Blastoise|55\/362
|move|p1a: Blastoise|Scald|p2a: Chandelure
|-supereffective|p2a: Chandelure
|-damage|p2a: Chandelure|0 fnt
|faint|p2a: Chandelure
|
|win|der gaviols
|player|p1
|player|p2
|l|An Actual Pidgey
|raw|der gaviols's rating: 1090 &rarr; <strong>1117<\/strong><br \/>(+27 for winning)
|raw|An Actual Pidgey's rating: 1097 &rarr; <strong>1072<\/strong><br \/>(-25 for losing)</script>
</div>
<div class="battle-log battle-log-inline"><div class="inner"><div class="battle-options"></div><div class="inner"><div class="chat"><small>der gaviols joined.</small></div><div class="chat"><small>An Actual Pidgey joined.</small></div><div class=""><small>Format:</small> <br><strong>UU</strong></div><div class="rated"><strong>Rated battle</strong></div><div class=""><small><em>Sleep Clause Mod:</em> Limit one foe put to sleep</small></div><div class=""><small><em>Species Clause:</em> Limit one of each Pokémon</small></div><div class=""><small><em>OHKO Clause:</em> OHKO moves are banned</small></div><div class=""><small><em>Moody Clause:</em> Moody is banned</small></div><div class=""><small><em>Evasion Moves Clause:</em> Evasion moves are banned</small></div><div class=""><small><em>Endless Battle Clause:</em> Forcing endless battles is banned</small></div><div class=""><small><em>HP Percentage Mod:</em> HP is shown in percentages</small></div><div class=""><small><em>Swagger Clause:</em> Swagger is banned</small></div><div class=""><small><em>Baton Pass Clause:</em> Limit one Baton Passer, can't pass Spe and other stats simultaneously</small></div><div class="chat battle-history"><strong>der gaviols's team:</strong> <em style="color:#445566;display:block;">Aggron / Mismagius / Arcanine / Celebi / Blastoise / Swellow</em></div><div class="chat battle-history"><strong>An Actual Pidgey's team:</strong> <em style="color:#445566;display:block;">Chandelure / Cresselia / Heracross / Goodra / Kyurem / Sceptile</em></div><div class="spacer battle-history"><br></div><div class="battle-history">Battle started between der gaviols and An Actual Pidgey!<br></div><div class="spacer battle-history"><br></div><div class="battle-history">Go! <strong>Aggron</strong>!<br></div><div class="spacer battle-history"><br></div><div class="battle-history">An Actual Pidgey sent out <strong>Heracross</strong>!<br></div><div class="spacer battle-history"><br></div><h2 class="battle-history">Turn 1</h2><div class="spacer battle-history"><br></div><div class="battle-history">Aggron, come back!<br></div><div class="battle-history">Go! <strong>Swellow</strong>!<br></div><div class="spacer battle-history"><br></div><div class="battle-history">The opposing Heracross used <strong>Brick Break</strong>!<br></div><div class="battle-history"><small>(Swellow lost <abbr title="−242/261">92.7%</abbr> of its health!)</small><br></div><div class="battle-history"><small>The opposing Heracross lost some of its HP!</small><br></div><div class="spacer battle-history"><br></div><h2 class="battle-history">Turn 2</h2><div class="spacer battle-history"><br></div><div class="battle-history">An Actual Pidgey withdrew Heracross!<br></div><div class="battle-history">An Actual Pidgey sent out <strong>Goodra</strong>!<br></div><div class="spacer battle-history"><br></div><div class="battle-history">Swellow used <strong>Air Slash</strong>!<br></div><div class="battle-history"><small>(The opposing Goodra lost <abbr title="−75/321">23.4%</abbr> of its health!)</small><br></div><div class="spacer battle-history"><br></div><div class="battle-history"><small>The opposing Goodra restored a little HP using its Leftovers!</small><br></div><div class="spacer battle-history"><br></div><h2 class="battle-history">Turn 3</h2><div class="spacer battle-history"><br></div><div class="battle-history">Swellow, come back!<br></div><div class="battle-history">Go! <strong>Aggron</strong>!<br></div><div class="spacer battle-history"><br></div><div class="battle-history">The opposing Goodra used <strong>Thunder Punch</strong>!<br></div><div class="battle-history"><small>(Aggron lost <abbr title="−54/281">19.2%</abbr> of its health!)</small><br></div><div class="spacer battle-history"><br></div><div class="battle-history"><small>The opposing Goodra restored a little HP using its Leftovers!</small><br></div><div class="spacer battle-history"><br></div><h2 class="battle-history">Turn 4</h2><div class="spacer battle-history"><br></div><div class="battle-history"><small>Aggron's Aggronite is reacting to der gaviols's Mega Bracelet!</small><br>Aggron has Mega Evolved into Mega Aggron!<br></div><div class="spacer battle-history"><br></div><div class="battle-history">Aggron used <strong>Ice Punch</strong>!<br></div><div class="battle-history"><small>It's super effective!</small><br></div><div class="battle-history"><small>A critical hit!</small><br></div><div class="battle-history"><small>(The opposing Goodra lost <abbr title="−286/321">89.1%</abbr> of its health!)</small><br></div><div class="battle-history"><small>[The opposing Goodra's Gooey]</small><br></div><div class="battle-history"><small>Aggron's Speed fell!</small><br></div><div class="spacer battle-history"><br></div><div class="battle-history">The opposing Goodra fainted!<br></div><div class="spacer battle-history"><br></div><div class="battle-history">An Actual Pidgey sent out <strong>Heracross</strong>!<br></div><div class="spacer battle-history"><br></div><h2 class="battle-history">Turn 5</h2><div class="spacer battle-history"><br></div><div class="battle-history">Aggron, come back!<br></div><div class="battle-history">Go! <strong>Arcanine</strong>!<br></div><div class="spacer battle-history"><br></div><div class="battle-history">The opposing Heracross used <strong>Brick Break</strong>!<br></div><div class="battle-history"><small>(Arcanine lost <abbr title="−200/321">62.3%</abbr> of its health!)</small><br></div><div class="battle-history"><small>The opposing Heracross lost some of its HP!</small><br></div><div class="spacer battle-history"><br></div><h2 class="battle-history">Turn 6</h2><div class="spacer battle-history"><br></div><div class="battle-history">Arcanine, come back!<br></div><div class="battle-history">Go! <strong>Mismagius</strong>!<br></div><div class="spacer battle-history"><br></div><div class="battle-history">The opposing Heracross used <strong>Stone Edge</strong>!<br></div><div class="battle-history"><small>(Mismagius lost <abbr title="−243/261">93.1%</abbr> of its health!)</small><br></div><div class="battle-history"><small>The opposing Heracross lost some of its HP!</small><br></div><div class="spacer battle-history"><br></div><h2 class="battle-history">Turn 7</h2><div class="spacer battle-history"><br></div><div class="battle-history">Mismagius used <strong>Destiny Bond</strong>!<br></div><div class="battle-history">Mismagius is hoping to take its attacker down with it!<br></div><div class="spacer battle-history"><br></div><div class="battle-history">The opposing Heracross used <strong>Megahorn</strong>!<br></div><div class="battle-history"><small>It's not very effective...</small><br></div><div class="battle-history"><small>(Mismagius lost <abbr title="−18/261">6.9%</abbr> of its health!)</small><br></div><div class="battle-history"><small>The opposing Heracross lost some of its HP!</small><br></div><div class="spacer battle-history"><br></div><div class="battle-history">Mismagius fainted!<br></div><div class="battle-history"><small>Mismagius took its attacker down with it!</small><br></div><div class="spacer battle-history"><br></div><div class="battle-history">The opposing Heracross fainted!<br></div><div class="spacer battle-history"><br></div><div class="battle-history">Go! <strong>Swellow</strong>!<br></div><div class="spacer battle-history"><br></div><div class="battle-history">An Actual Pidgey sent out <strong>Cresselia</strong>!<br></div><div class="spacer battle-history"><br></div><h2 class="battle-history">Turn 8</h2><div class="spacer battle-history"><br></div><div class="battle-history">Swellow, come back!<br></div><div class="battle-history">Go! <strong>Blastoise</strong>!<br></div><div class="spacer battle-history"><br></div><div class="battle-history">The opposing Cresselia used <strong>Psychic</strong>!<br></div><div class="battle-history"><small>(Blastoise lost <abbr title="−42/362">11.6%</abbr> of its health!)</small><br></div><div class="battle-history"><small>Blastoise's Special Defense fell!</small><br></div><div class="spacer battle-history"><br></div><h2 class="battle-history">Turn 9</h2><div class="spacer battle-history"><br></div><div class="battle-history">The opposing Cresselia used <strong>Calm Mind</strong>!<br></div><div class="battle-history"><small>The opposing Cresselia's Special Attack rose!</small><br></div><div class="battle-history"><small>The opposing Cresselia's Special Defense rose!</small><br></div><div class="spacer battle-history"><br></div><div class="battle-history">Blastoise used <strong>Scald</strong>!<br></div><div class="battle-history"><small>(The opposing Cresselia lost <abbr title="−49/381">12.9%</abbr> of its health!)</small><br></div><div class="battle-history"><small>The opposing Cresselia was burned!</small><br></div><div class="spacer battle-history"><br></div><div class="battle-history"><small>The opposing Cresselia was hurt by its burn!</small><br></div><div class="spacer battle-history"><br></div><h2 class="battle-history">Turn 10</h2><div class="spacer battle-history"><br></div><div class="battle-history">The opposing Cresselia used <strong>Calm Mind</strong>!<br></div><div class="battle-history"><small>The opposing Cresselia's Special Attack rose!</small><br></div><div class="battle-history"><small>The opposing Cresselia's Special Defense rose!</small><br></div><div class="spacer battle-history"><br></div><div class="battle-history">Blastoise used <strong>Mirror Coat</strong>!<br></div><div class="battle-history"><small>But it failed!</small><br></div><div class="spacer battle-history"><br></div><div class="battle-history"><small>The opposing Cresselia was hurt by its burn!</small><br></div><div class="spacer battle-history"><br></div><h2 class="battle-history">Turn 11</h2><div class="spacer battle-history"><br></div><div class="battle-history">The opposing Cresselia used <strong>Calm Mind</strong>!<br></div><div class="battle-history"><small>The opposing Cresselia's Special Attack rose!</small><br></div><div class="battle-history"><small>The opposing Cresselia's Special Defense rose!</small><br></div><div class="spacer battle-history"><br></div><div class="battle-history">Blastoise used <strong>Mirror Coat</strong>!<br></div><div class="battle-history"><small>But it failed!</small><br></div><div class="spacer battle-history"><br></div><div class="battle-history"><small>The opposing Cresselia was hurt by its burn!</small><br></div><div class="spacer battle-history"><br></div><h2 class="battle-history">Turn 12</h2><div class="spacer battle-history"><br></div><div class="battle-history">The opposing Cresselia used <strong>Calm Mind</strong>!<br></div><div class="battle-history"><small>The opposing Cresselia's Special Attack rose!</small><br></div><div class="battle-history"><small>The opposing Cresselia's Special Defense rose!</small><br></div><div class="spacer battle-history"><br></div><div class="battle-history">Blastoise used <strong>Mirror Coat</strong>!<br></div><div class="battle-history"><small>But it failed!</small><br></div><div class="spacer battle-history"><br></div><div class="battle-history"><small>The opposing Cresselia was hurt by its burn!</small><br></div><div class="spacer battle-history"><br></div><h2 class="battle-history">Turn 13</h2><div class="spacer battle-history"><br></div><div class="battle-history">The opposing Cresselia used <strong>Calm Mind</strong>!<br></div><div class="battle-history"><small>The opposing Cresselia's Special Attack rose!</small><br></div><div class="battle-history"><small>The opposing Cresselia's Special Defense rose!</small><br></div><div class="spacer battle-history"><br></div><div class="battle-history">Blastoise used <strong>Mirror Coat</strong>!<br></div><div class="battle-history"><small>But it failed!</small><br></div><div class="spacer battle-history"><br></div><div class="battle-history"><small>The opposing Cresselia was hurt by its burn!</small><br></div><div class="spacer battle-history"><br></div><h2 class="battle-history">Turn 14</h2><div class="spacer battle-history"><br></div><div class="battle-history">The opposing Cresselia used <strong>Rest</strong>!<br></div><div class="battle-history"><small>The opposing Cresselia fell asleep!</small><br></div><div class="battle-history"><small>The opposing Cresselia slept and became healthy!</small><br></div><div class="battle-history"><small>The opposing Cresselia ate its Chesto Berry!</small><br></div><div class="battle-history"><small>The opposing Cresselia woke up!</small><br></div><div class="spacer battle-history"><br></div><div class="battle-history">Blastoise used <strong>Mirror Coat</strong>!<br></div><div class="battle-history"><small>But it failed!</small><br></div><div class="spacer battle-history"><br></div><h2 class="battle-history">Turn 15</h2><div class="spacer battle-history"><br></div><div class="battle-history">The opposing Cresselia used <strong>Calm Mind</strong>!<br></div><div class="battle-history"><small>The opposing Cresselia's Special Attack rose!</small><br></div><div class="battle-history"><small>The opposing Cresselia's Special Defense rose!</small><br></div><div class="spacer battle-history"><br></div><div class="battle-history">Blastoise used <strong>Mirror Coat</strong>!<br></div><div class="battle-history"><small>But it failed!</small><br></div><div class="spacer battle-history"><br></div><h2 class="battle-history">Turn 16</h2><div class="spacer battle-history"><br></div><div class="battle-history">The opposing Cresselia used <strong>Psychic</strong>!<br></div><div class="battle-history"><small>(Blastoise lost <abbr title="−214/362">59.1%</abbr> of its health!)</small><br></div><div class="battle-history"><small>Blastoise's Special Defense fell!</small><br></div><div class="spacer battle-history"><br></div><div class="battle-history">Blastoise used <strong>Mirror Coat</strong>!<br></div><div class="battle-history"><small>(The opposing Cresselia lost <abbr title="−381/381">100%</abbr> of its health!)</small><br></div><div class="spacer battle-history"><br></div><div class="battle-history">The opposing Cresselia fainted!<br></div><div class="spacer battle-history"><br></div><div class="battle-history">An Actual Pidgey sent out <strong>Sceptile</strong>!<br></div><div class="spacer battle-history"><br></div><h2 class="battle-history">Turn 17</h2><div class="spacer battle-history"><br></div><div class="battle-history">Blastoise, come back!<br></div><div class="battle-history">Go! Aggron (<strong>Aggron-Mega</strong>)!<br></div><div class="spacer battle-history"><br></div><div class="battle-history"><small>The opposing Sceptile's Sceptilite is reacting to An Actual Pidgey's Mega Bracelet!</small><br>The opposing Sceptile has Mega Evolved into Mega Sceptile!<br></div><div class="spacer battle-history"><br></div><div class="battle-history">The opposing Sceptile used <strong>Dragon Pulse</strong>!<br></div><div class="battle-history"><small>It's not very effective...</small><br></div><div class="battle-history"><small>(Aggron lost <abbr title="−102/281">36.3%</abbr> of its health!)</small><br></div><div class="spacer battle-history"><br></div><h2 class="battle-history">Turn 18</h2><div class="spacer battle-history"><br></div><div class="battle-history">An Actual Pidgey withdrew Sceptile!<br></div><div class="battle-history">An Actual Pidgey sent out <strong>Kyurem</strong>!<br></div><div class="battle-history"><small>[The opposing Kyurem's Pressure]</small><br><small>The opposing Kyurem is exerting its pressure!</small><br></div><div class="spacer battle-history"><br></div><div class="battle-history">Aggron used <strong>Ice Punch</strong>!<br></div><div class="battle-history"><small>(The opposing Kyurem lost <abbr title="−131/454">28.9%</abbr> of its health!)</small><br></div><div class="spacer battle-history"><br></div><h2 class="battle-history">Turn 19</h2><div class="spacer battle-history"><br></div><div class="battle-history">The opposing Kyurem used <strong>Dragon Pulse</strong>!<br></div><div class="battle-history"><small>It's not very effective...</small><br></div><div class="battle-history"><small>(Aggron lost <abbr title="−125/281">44.5%</abbr> of its health!)</small><br></div><div class="battle-history"><small>The opposing Kyurem lost some of its HP!</small><br></div><div class="spacer battle-history"><br></div><div class="battle-history">Aggron fainted!<br></div><div class="spacer battle-history"><br></div><div class="battle-history">Go! <strong>Arcanine</strong>!<br></div><div class="spacer battle-history"><br></div><h2 class="battle-history">Turn 20</h2><div class="spacer battle-history"><br></div><div class="battle-history">Arcanine used <strong>Close Combat</strong>!<br></div><div class="battle-history"><small>It's super effective!</small><br></div><div class="battle-history"><small>(The opposing Kyurem lost <abbr title="−278/454">61.2%</abbr> of its health!)</small><br></div><div class="battle-history"><small>Arcanine's Defense fell!</small><br></div><div class="battle-history"><small>Arcanine's Special Defense fell!</small><br></div><div class="battle-history"><small>Arcanine lost some of its HP!</small><br></div><div class="spacer battle-history"><br></div><div class="battle-history">The opposing Kyurem fainted!<br></div><div class="spacer battle-history"><br></div><div class="battle-history">An Actual Pidgey sent out <strong>Chandelure</strong>!<br></div><div class="spacer battle-history"><br></div><h2 class="battle-history">Turn 21</h2><div class="spacer battle-history"><br></div><div class="battle-history">The opposing Chandelure used <strong>Shadow Ball</strong>!<br></div><div class="battle-history"><small>(Arcanine lost <abbr title="−89/321">27.7%</abbr> of its health!)</small><br></div><div class="spacer battle-history"><br></div><div class="battle-history">Arcanine fainted!<br></div><div class="spacer battle-history"><br></div><div class="battle-history">Go! <strong>Swellow</strong>!<br></div><div class="spacer battle-history"><br></div><h2 class="battle-history">Turn 22</h2><div class="spacer battle-history"><br></div><div class="battle-history">An Actual Pidgey withdrew Chandelure!<br></div><div class="battle-history">An Actual Pidgey sent out Sceptile (<strong>Sceptile-Mega</strong>)!<br></div><div class="spacer battle-history"><br></div><div class="battle-history">Swellow used <strong>Boomburst</strong>!<br></div><div class="battle-history"><small>A critical hit!</small><br></div><div class="battle-history"><small>(The opposing Sceptile lost <abbr title="−281/281">100%</abbr> of its health!)</small><br></div><div class="spacer battle-history"><br></div><div class="battle-history">The opposing Sceptile fainted!<br></div><div class="spacer battle-history"><br></div><div class="battle-history">An Actual Pidgey sent out <strong>Chandelure</strong>!<br></div><div class="spacer battle-history"><br></div><h2 class="battle-history">Turn 23</h2><div class="spacer battle-history"><br></div><div class="battle-history">The opposing Chandelure used <strong>Fire Blast</strong>!<br></div><div class="battle-history"><small>(Swellow lost <abbr title="−19/261">7.3%</abbr> of its health!)</small><br></div><div class="spacer battle-history"><br></div><div class="battle-history">Swellow fainted!<br></div><div class="spacer battle-history"><br></div><div class="battle-history">Go! <strong>Blastoise</strong>!<br></div><div class="spacer battle-history"><br></div><h2 class="battle-history">Turn 24</h2><div class="spacer battle-history"><br></div><div class="battle-history">The opposing Chandelure used <strong>Fire Blast</strong>!<br></div><div class="battle-history"><small>Blastoise avoided the attack!</small><br></div><div class="spacer battle-history"><br></div><div class="battle-history">Blastoise used <strong>Scald</strong>!<br></div><div class="battle-history"><small>It's super effective!</small><br></div><div class="battle-history"><small>(The opposing Chandelure lost <abbr title="−260/261">99.6%</abbr> of its health!)</small><br></div><div class="spacer battle-history"><br></div><h2 class="battle-history">Turn 25</h2><div class="spacer battle-history"><br></div><div class="battle-history">The opposing Chandelure used <strong>Fire Blast</strong>!<br></div><div class="battle-history"><small>It's not very effective...</small><br></div><div class="battle-history"><small>(Blastoise lost <abbr title="−51/362">14.1%</abbr> of its health!)</small><br></div><div class="spacer battle-history"><br></div><div class="battle-history">Blastoise used <strong>Scald</strong>!<br></div><div class="battle-history"><small>It's super effective!</small><br></div><div class="battle-history"><small>(The opposing Chandelure lost <abbr title="−1/261">0.4%</abbr> of its health!)</small><br></div><div class="spacer battle-history"><br></div><div class="battle-history">The opposing Chandelure fainted!<br></div><div class="spacer battle-history"><br></div><div class="battle-history"><strong>der gaviols</strong> won the battle!<br></div><div class="chat"><small>An Actual Pidgey left.</small></div><div class="chat">der gaviols's rating: 1090 → <strong>1117</strong><br>(+27 for winning)</div><div class="chat">An Actual Pidgey's rating: 1097 → <strong>1072</strong><br>(-25 for losing)</div></div><div class="inner-preempt"></div></div></div>
</div>
<script>
let daily = Math.floor(Date.now()/1000/60/60/24);document.write('<script src="https://play.pokemonshowdown.com/js/replay-embed.js?version'+daily+'"></'+'script>');
</script>
