<!DOCTYPE html>
<meta charset="utf-8" />
<!-- version 1 -->
<title>UU replay: bohemian raphsody vs. klonktg</title>
<style>
html,body {font-family:Verdana, sans-serif;font-size:10pt;margin:0;padding:0;}body{padding:12px 0;} .battle-log {font-family:Verdana, sans-serif;font-size:10pt;} .battle-log-inline {border:1px solid #AAAAAA;background:#EEF2F5;color:black;max-width:640px;margin:0 auto 80px;padding-bottom:5px;} .battle-log .inner {padding:4px 8px 0px 8px;} .battle-log .inner-preempt {padding:0 8px 4px 8px;} .battle-log .inner-after {margin-top:0.5em;} .battle-log h2 {margin:0.5em -8px;padding:4px 8px;border:1px solid #AAAAAA;background:#E0E7EA;border-left:0;border-right:0;font-family:Verdana, sans-serif;font-size:13pt;} .battle-log .chat {vertical-align:middle;padding:3px 0 3px 0;font-size:8pt;} .battle-log .chat strong {color:#40576A;} .battle-log .chat em {padding:1px 4px 1px 3px;color:#000000;font-style:normal;} .chat.mine {background:rgba(0,0,0,0.05);margin-left:-8px;margin-right:-8px;padding-left:8px;padding-right:8px;} .spoiler {color:#BBBBBB;background:#BBBBBB;padding:0px 3px;} .spoiler:hover, .spoiler:active, .spoiler-shown {color:#000000;background:#E2E2E2;padding:0px 3px;} .spoiler a {color:#BBBBBB;} .spoiler:hover a, .spoiler:active a, .spoiler-shown a {color:#2288CC;} .chat code, .chat .spoiler:hover code, .chat .spoiler:active code, .chat .spoiler-shown code {border:1px solid #C0C0C0;background:#EEEEEE;color:black;padding:0 2px;} .chat .spoiler code {border:1px solid #CCCCCC;background:#CCCCCC;color:#CCCCCC;} .battle-log .rated {padding:3px 4px;} .battle-log .rated strong {color:white;background:#89A;padding:1px 4px;border-radius:4px;} .spacer {margin-top:0.5em;} .message-announce {background:#6688AA;color:white;padding:1px 4px 2px;} .message-announce a, .broadcast-green a, .broadcast-blue a, .broadcast-red a {color:#DDEEFF;} .broadcast-green {background-color:#559955;color:white;padding:2px 4px;} .broadcast-blue {background-color:#6688AA;color:white;padding:2px 4px;} .infobox {border:1px solid #6688AA;padding:2px 4px;} .infobox-limited {max-height:200px;overflow:auto;overflow-x:hidden;} .broadcast-red {background-color:#AA5544;color:white;padding:2px 4px;} .message-learn-canlearn {font-weight:bold;color:#228822;text-decoration:underline;} .message-learn-cannotlearn {font-weight:bold;color:#CC2222;text-decoration:underline;} .message-effect-weak {font-weight:bold;color:#CC2222;} .message-effect-resist {font-weight:bold;color:#6688AA;} .message-effect-immune {font-weight:bold;color:#666666;} .message-learn-list {margin-top:0;margin-bottom:0;} .message-throttle-notice, .message-error {color:#992222;} .message-overflow, .chat small.message-overflow {font-size:0pt;} .message-overflow::before {font-size:9pt;content:'...';} .subtle {color:#3A4A66;}
</style>
<div class="wrapper replay-wrapper" style="max-width:1180px;margin:0 auto">
<input type="hidden" name="replayid" value="uu-538661176" />
<div class="battle"></div><div class="battle-log"></div><div class="replay-controls"></div><div class="replay-controls-2"></div>
<h1 style="font-weight:normal;text-align:center"><strong>UU</strong><br /><a href="http://pokemonshowdown.com/users/bohemianraphsody" class="subtle" target="_blank">bohemian raphsody</a> vs. <a href="http://pokemonshowdown.com/users/klonktg" class="subtle" target="_blank">klonktg</a></h1>
<script type="text/plain" class="battle-log-data">|j|bohemian raphsody
|j|klonktg
|player|p1|bohemian raphsody|169
|player|p2|klonktg|163
|gametype|singles
|gen|6
|tier|UU
|rated
|seed|42294,12738,35363,40578
|rule|Sleep Clause Mod: Limit one foe put to sleep
|rule|Species Clause: Limit one of each Pokémon
|rule|OHKO Clause: OHKO moves are banned
|rule|Moody Clause: Moody is banned
|rule|Evasion Moves Clause: Evasion moves are banned
|rule|Endless Battle Clause: Forcing endless battles is banned
|rule|HP Percentage Mod: HP is shown in percentages
|clearpoke
|poke|p1|Banette, M|item
|poke|p1|Froslass, F, shiny|item
|poke|p1|Heracross, M, shiny|item
|poke|p1|Pinsir, M|item
|poke|p1|Golduck, F|item
|poke|p1|Sableye, F|item
|poke|p2|Nidoking, M|item
|poke|p2|Swampert, M|item
|poke|p2|Arcanine, M|item
|poke|p2|Hydreigon, M|item
|poke|p2|Goodra, F|item
|poke|p2|Celebi|item
|rule|Swagger Clause: Swagger is banned
|rule|Baton Pass Clause: Limit one Baton Passer, can't pass Spe and other stats simultaneously
|teampreview
|c|☆klonktg|ayyyyyy
|c|☆bohemian raphsody|you again XD
|c|☆klonktg|'sup
|c|☆bohemian raphsody|cmon the last time u almost win me, you'll do this time
|choice|team 4, team 2, team 3, team 1, team 5, team 6|team 4, team 2, team 3, team 1, team 5, team 6
|
|start
|switch|p1a: Pinsir|Pinsir, M|334\/334
|switch|p2a: Hydreigon|Hydreigon, M|325\/325
|-ability|p1a: Pinsir|Mold Breaker
|turn|1
|c|☆klonktg|maybe
|choice|move xscissor|move flashcannon
|
|move|p2a: Hydreigon|Flash Cannon|p1a: Pinsir
|-damage|p1a: Pinsir|160\/334
|move|p1a: Pinsir|X-Scissor|p2a: Hydreigon
|-supereffective|p2a: Hydreigon
|-damage|p2a: Hydreigon|0 fnt
|faint|p2a: Hydreigon
|
|upkeep
|c|☆klonktg|oh dang
|choice||switch 4
|
|switch|p2a: Nidoking|Nidoking, M|303\/303
|turn|2
|choice|move stealthrock|move flamethrower
|
|move|p2a: Nidoking|Flamethrower|p1a: Pinsir
|-supereffective|p1a: Pinsir
|-damage|p1a: Pinsir|0 fnt
|faint|p1a: Pinsir
|
|upkeep
|choice|switch 5|
|
|switch|p1a: Golduck|Golduck, F|363\/363
|-ability|p1a: Golduck|Cloud Nine
|turn|3
|choice|move surf|switch 6
|
|switch|p2a: Celebi|Celebi|341\/341
|move|p1a: Golduck|Surf|p2a: Celebi
|-resisted|p2a: Celebi
|-damage|p2a: Celebi|276\/341
|
|-heal|p2a: Celebi|297\/341|[from] item: Leftovers
|upkeep
|turn|4
|c|☆klonktg|dude you are tough
|c|☆bohemian raphsody|why? XD
|choice|switch 6|move gigadrain
|
|switch|p1a: Sableye|Sableye, F|304\/304
|move|p2a: Celebi|Giga Drain|p1a: Sableye
|-damage|p1a: Sableye|148\/304
|-heal|p2a: Celebi|341\/341|[from] drain|[of] p1a: Sableye
|
|-heal|p1a: Sableye|167\/304|[from] item: Leftovers
|upkeep
|turn|5
|c|☆bohemian raphsody|oh.. celebi
|choice|move painsplit|move dazzlinggleam
|
|move|p1a: Sableye|Pain Split|p2a: Celebi
|-sethp|p2a: Celebi|254\/341|p1a: Sableye|254\/304|[from] move: Pain Split
|move|p2a: Celebi|Dazzling Gleam|p1a: Sableye
|-supereffective|p1a: Sableye
|-damage|p1a: Sableye|24\/304
|
|-heal|p2a: Celebi|275\/341|[from] item: Leftovers
|-heal|p1a: Sableye|43\/304|[from] item: Leftovers
|upkeep
|turn|6
|c|☆klonktg|im observing the mafia chat
|choice|move painsplit|switch 3
|
|switch|p2a: Arcanine|Arcanine, M|382\/382
|-ability|p2a: Arcanine|Intimidate|boost
|-unboost|p1a: Sableye|atk|1
|move|p1a: Sableye|Pain Split|p2a: Arcanine
|-sethp|p2a: Arcanine|212\/382|p1a: Sableye|212\/304|[from] move: Pain Split
|
|-heal|p1a: Sableye|231\/304|[from] item: Leftovers
|upkeep
|turn|7
|choice|move protect|move willowisp
|
|move|p1a: Sableye|Protect|p1a: Sableye
|-singleturn|p1a: Sableye|Protect
|move|p2a: Arcanine|Will-O-Wisp|p1a: Sableye
|-activate|p1a: Sableye|move: Protect
|
|-heal|p1a: Sableye|250\/304|[from] item: Leftovers
|upkeep
|turn|8
|choice|move toxic|move bodyslam
|
|move|p1a: Sableye|Toxic|p2a: Arcanine
|-status|p2a: Arcanine|tox
|move|p2a: Arcanine|Body Slam|p1a: Sableye
|-immune|p1a: Sableye|[msg]
|
|-heal|p1a: Sableye|269\/304|[from] item: Leftovers
|-damage|p2a: Arcanine|189\/382 tox|[from] psn
|upkeep
|-enditem|p2a: Arcanine|Sitrus Berry|[eat]
|-heal|p2a: Arcanine|284\/382 tox|[from] item: Sitrus Berry
|turn|9
|c|☆klonktg|somebody died instantly
|c|☆bohemian raphsody|wtf
|c|☆bohemian raphsody|XD
|c|☆klonktg|wait since when was sableye ghost
|c|☆bohemian raphsody|missed clic i guess XD
|c|☆bohemian raphsody|mmm
|c|☆bohemian raphsody|since he was invented
|c|☆bohemian raphsody|XD
|c|☆klonktg|you sue?
|c|☆bohemian raphsody|i am playing pokemon esmeralda gba and sableye is ghost and dark
|c|☆klonktg|i swear to god in ruby i could hit them with normal
|c|☆klonktg|i had leaf green sapphire ruby fire red (still have Yellow forGBC) and one other
|c|☆bohemian raphsody|whith a move i dont remember you can hit ghost
|choice|move protect|move flamethrower
|
|move|p1a: Sableye|Protect|p1a: Sableye
|-singleturn|p1a: Sableye|Protect
|move|p2a: Arcanine|Flamethrower|p1a: Sableye
|-activate|p1a: Sableye|move: Protect
|
|-heal|p1a: Sableye|288\/304|[from] item: Leftovers
|-damage|p2a: Arcanine|238\/382 tox|[from] psn
|upkeep
|turn|10
|choice|switch 6|move flamethrower
|
|switch|p1a: Golduck|Golduck, F|363\/363
|-ability|p1a: Golduck|Cloud Nine
|move|p2a: Arcanine|Flamethrower|p1a: Golduck
|-resisted|p1a: Golduck
|-damage|p1a: Golduck|296\/363
|
|-heal|p1a: Golduck|318\/363|[from] item: Leftovers
|-damage|p2a: Arcanine|169\/382 tox|[from] psn
|upkeep
|turn|11
|choice|move surf|move willowisp
|
|move|p2a: Arcanine|Will-O-Wisp|p1a: Golduck
|-status|p1a: Golduck|brn
|move|p1a: Golduck|Surf|p2a: Arcanine
|-supereffective|p2a: Arcanine
|-damage|p2a: Arcanine|0 fnt
|faint|p2a: Arcanine
|
|-heal|p1a: Golduck|340\/363 brn|[from] item: Leftovers
|-damage|p1a: Golduck|295\/363 brn|[from] brn
|upkeep
|c|☆bohemian raphsody|not bad that burn
|choice||switch 3
|
|switch|p2a: Celebi|Celebi|275\/341
|turn|12
|c|☆klonktg|burns are good
|choice|switch 3|move gigadrain
|
|switch|p1a: Heracross|Heracross, M, shiny|327\/327
|move|p2a: Celebi|Giga Drain|p1a: Heracross
|-resisted|p1a: Heracross
|-damage|p1a: Heracross|273\/327
|-heal|p2a: Celebi|302\/341|[from] drain|[of] p1a: Heracross
|
|-heal|p2a: Celebi|323\/341|[from] item: Leftovers
|upkeep
|turn|13
|choice|move megahorn|switch 6
|
|switch|p2a: Nidoking|Nidoking, M|303\/303
|move|p1a: Heracross|Megahorn|p2a: Nidoking
|-resisted|p2a: Nidoking
|-damage|p2a: Nidoking|171\/303
|
|upkeep
|turn|14
|choice|switch 6|move flamethrower
|
|switch|p1a: Sableye|Sableye, F|288\/304
|move|p2a: Nidoking|Flamethrower|p1a: Sableye
|-damage|p1a: Sableye|92\/304
|
|-heal|p1a: Sableye|111\/304|[from] item: Leftovers
|upkeep
|turn|15
|choice|move toxic|move flamethrower
|
|move|p1a: Sableye|Toxic|p2a: Nidoking
|-immune|p2a: Nidoking|[msg]
|move|p2a: Nidoking|Flamethrower|p1a: Sableye
|-damage|p1a: Sableye|0 fnt
|faint|p1a: Sableye
|
|upkeep
|c|☆bohemian raphsody|shit
|c|☆bohemian raphsody|wrong move
|c|☆klonktg|definitely
|choice|switch 2|
|
|switch|p1a: Froslass|Froslass, F, shiny|281\/281
|turn|16
|j|coincidentally
|choice|move icebeam|move flamethrower
|
|move|p1a: Froslass|Ice Beam|p2a: Nidoking
|-supereffective|p2a: Nidoking
|-damage|p2a: Nidoking|0 fnt
|-damage|p1a: Froslass|253\/281|[from] item: Life Orb
|faint|p2a: Nidoking
|
|upkeep
|choice||switch 5
|
|switch|p2a: Goodra|Goodra, F|368\/368
|turn|17
|choice|move icebeam|move dragonpulse
|
|move|p1a: Froslass|Ice Beam|p2a: Goodra
|-supereffective|p2a: Goodra
|-damage|p2a: Goodra|233\/368
|-damage|p1a: Froslass|225\/281|[from] item: Life Orb
|move|p2a: Goodra|Dragon Pulse|p1a: Froslass
|-damage|p1a: Froslass|38\/281
|
|upkeep
|turn|18
|c|☆bohemian raphsody|lol fucking goodra
|choice|move painsplit|move dragonpulse
|
|move|p1a: Froslass|Pain Split|p2a: Goodra
|-sethp|p2a: Goodra|135\/368|p1a: Froslass|135\/281|[from] move: Pain Split
|move|p2a: Goodra|Dragon Pulse|p1a: Froslass
|-damage|p1a: Froslass|0 fnt
|faint|p1a: Froslass
|
|upkeep
|l|coincidentally
|c|☆klonktg|goodra OP
|choice|switch 4|
|
|switch|p1a: Banette|Banette, M|331\/331
|turn|19
|choice|move taunt mega|move thunderbolt
|
|detailschange|p1a: Banette|Banette-Mega, M
|-mega|p1a: Banette|Banette|Banettite
|move|p2a: Goodra|Thunderbolt|p1a: Banette
|-damage|p1a: Banette|255\/331
|move|p1a: Banette|Taunt|p2a: Goodra
|-start|p2a: Goodra|move: Taunt
|
|upkeep
|turn|20
|c|☆klonktg|ah balls
|choice|move shadowclaw|move dragonpulse
|
|move|p2a: Goodra|Dragon Pulse|p1a: Banette
|-damage|p1a: Banette|149\/331
|move|p1a: Banette|Shadow Claw|p2a: Goodra
|-damage|p2a: Goodra|0 fnt
|faint|p2a: Goodra
|
|upkeep
|choice||switch 2
|
|switch|p2a: Swampert|Swampert, M|401\/401
|turn|21
|choice|move destinybond|move scald
|
|move|p1a: Banette|Destiny Bond|p1a: Banette
|-singlemove|p1a: Banette|Destiny Bond
|move|p2a: Swampert|Scald|p1a: Banette
|-damage|p1a: Banette|85\/331
|-status|p1a: Banette|brn
|
|-damage|p1a: Banette|44\/331 brn|[from] brn
|upkeep
|turn|22
|choice|move destinybond|move toxic
|
|move|p1a: Banette|Destiny Bond|p1a: Banette
|-singlemove|p1a: Banette|Destiny Bond
|move|p2a: Swampert|Toxic|p1a: Banette
|-fail|p1a: Banette
|
|-damage|p1a: Banette|3\/331 brn|[from] brn
|upkeep
|turn|23
|c|☆bohemian raphsody|that swampert..
|c|☆klonktg|good right
|choice|move destinybond|move scald
|
|move|p1a: Banette|Destiny Bond|p1a: Banette
|-singlemove|p1a: Banette|Destiny Bond
|move|p2a: Swampert|Scald|p1a: Banette
|-damage|p1a: Banette|0 fnt
|faint|p1a: Banette
|-activate|p1a: Banette|move: Destiny Bond
|faint|p2a: Swampert
|
|upkeep
|c|☆bohemian raphsody|yes
|choice|switch 6|switch 6
|
|switch|p2a: Celebi|Celebi|323\/341
|switch|p1a: Heracross|Heracross, M, shiny|273\/327
|turn|24
|c|☆bohemian raphsody|i hate XD and i have anything against him
|choice|move megahorn|move psychic
|
|move|p1a: Heracross|Megahorn|p2a: Celebi
|-supereffective|p2a: Celebi
|-damage|p2a: Celebi|0 fnt
|faint|p2a: Celebi
|
|win|bohemian raphsody
|player|p1
|player|p2
|raw|bohemian raphsody's rating: 1087 &rarr; <strong>1110<\/strong><br \/>(+23 for winning)
|raw|klonktg's rating: 1029 &rarr; <strong>1017<\/strong><br \/>(-12 for losing)
|c|☆bohemian raphsody|that megahorn was waiting for celebi
|c|☆bohemian raphsody|and u know
|c|☆bohemian raphsody|XD
|c|☆klonktg|yup</script>
</div>
<div class="battle-log battle-log-inline"><div class="inner"><div class="battle-options"></div><div class="inner"><div class="chat"><small>bohemian raphsody joined.</small></div><div class="chat"><small>klonktg joined.</small></div><div class=""><small>Format:</small> <br><strong>UU</strong></div><div class="rated"><strong>Rated battle</strong></div><div class=""><small><em>Sleep Clause Mod:</em> Limit one foe put to sleep</small></div><div class=""><small><em>Species Clause:</em> Limit one of each Pokémon</small></div><div class=""><small><em>OHKO Clause:</em> OHKO moves are banned</small></div><div class=""><small><em>Moody Clause:</em> Moody is banned</small></div><div class=""><small><em>Evasion Moves Clause:</em> Evasion moves are banned</small></div><div class=""><small><em>Endless Battle Clause:</em> Forcing endless battles is banned</small></div><div class=""><small><em>HP Percentage Mod:</em> HP is shown in percentages</small></div><div class=""><small><em>Swagger Clause:</em> Swagger is banned</small></div><div class=""><small><em>Baton Pass Clause:</em> Limit one Baton Passer, can't pass Spe and other stats simultaneously</small></div><div class="chat battle-history"><strong>bohemian raphsody's team:</strong> <em style="color:#445566;display:block;">Banette / Froslass / Heracross / Pinsir / Golduck / Sableye</em></div><div class="chat battle-history"><strong>klonktg's team:</strong> <em style="color:#445566;display:block;">Nidoking / Swampert / Arcanine / Hydreigon / Goodra / Celebi</em></div><div class="chat chatmessage-klonktg"><strong style="color:hsl(273,87%,50.735321150667374%)"><small>☆</small><span class="username" data-name="klonktg">klonktg</span>:</strong> <em>ayyyyyy</em></div><div class="chat chatmessage-bohemianraphsody"><strong style="color:hsl(82,42%,42%)"><small>☆</small><span class="username" data-name="bohemian raphsody">bohemian raphsody</span>:</strong> <em>you again XD</em></div><div class="chat chatmessage-klonktg"><strong style="color:hsl(273,87%,50.735321150667374%)"><small>☆</small><span class="username" data-name="klonktg">klonktg</span>:</strong> <em>'sup</em></div><div class="chat chatmessage-bohemianraphsody"><strong style="color:hsl(82,42%,42%)"><small>☆</small><span class="username" data-name="bohemian raphsody">bohemian raphsody</span>:</strong> <em>cmon the last time u almost win me, you'll do this time</em></div><div class="spacer battle-history"><br></div><div class="battle-history">Battle started between bohemian raphsody and klonktg!<br></div><div class="spacer battle-history"><br></div><div class="battle-history">Go! <strong>Pinsir</strong>!<br></div><div class="spacer battle-history"><br></div><div class="battle-history">klonktg sent out <strong>Hydreigon</strong>!<br></div><div class="battle-history"><small>[Pinsir's Mold Breaker]</small><br><small>Pinsir breaks the mold!</small><br></div><div class="spacer battle-history"><br></div><h2 class="battle-history">Turn 1</h2><div class="chat chatmessage-klonktg"><strong style="color:hsl(273,87%,50.735321150667374%)"><small>☆</small><span class="username" data-name="klonktg">klonktg</span>:</strong> <em>maybe</em></div><div class="spacer battle-history"><br></div><div class="battle-history">The opposing Hydreigon used <strong>Flash Cannon</strong>!<br></div><div class="battle-history"><small>(Pinsir lost <abbr title="−174/334">52.1%</abbr> of its health!)</small><br></div><div class="spacer battle-history"><br></div><div class="battle-history">Pinsir used <strong>X-Scissor</strong>!<br></div><div class="battle-history"><small>It's super effective!</small><br></div><div class="battle-history"><small>(The opposing Hydreigon lost <abbr title="−325/325">100%</abbr> of its health!)</small><br></div><div class="spacer battle-history"><br></div><div class="battle-history">The opposing Hydreigon fainted!<br></div><div class="chat chatmessage-klonktg"><strong style="color:hsl(273,87%,50.735321150667374%)"><small>☆</small><span class="username" data-name="klonktg">klonktg</span>:</strong> <em>oh dang</em></div><div class="spacer battle-history"><br></div><div class="battle-history">klonktg sent out <strong>Nidoking</strong>!<br></div><div class="spacer battle-history"><br></div><h2 class="battle-history">Turn 2</h2><div class="spacer battle-history"><br></div><div class="battle-history">The opposing Nidoking used <strong>Flamethrower</strong>!<br></div><div class="battle-history"><small>It's super effective!</small><br></div><div class="battle-history"><small>(Pinsir lost <abbr title="−160/334">47.9%</abbr> of its health!)</small><br></div><div class="spacer battle-history"><br></div><div class="battle-history">Pinsir fainted!<br></div><div class="spacer battle-history"><br></div><div class="battle-history">Go! <strong>Golduck</strong>!<br></div><div class="battle-history"><small>[Golduck's Cloud Nine]</small><br><small>The effects of the weather disappeared.</small><br></div><div class="spacer battle-history"><br></div><h2 class="battle-history">Turn 3</h2><div class="spacer battle-history"><br></div><div class="battle-history">klonktg withdrew Nidoking!<br></div><div class="battle-history">klonktg sent out <strong>Celebi</strong>!<br></div><div class="spacer battle-history"><br></div><div class="battle-history">Golduck used <strong>Surf</strong>!<br></div><div class="battle-history"><small>It's not very effective...</small><br></div><div class="battle-history"><small>(The opposing Celebi lost <abbr title="−65/341">19.1%</abbr> of its health!)</small><br></div><div class="spacer battle-history"><br></div><div class="battle-history"><small>The opposing Celebi restored a little HP using its Leftovers!</small><br></div><div class="spacer battle-history"><br></div><h2 class="battle-history">Turn 4</h2><div class="chat chatmessage-klonktg"><strong style="color:hsl(273,87%,50.735321150667374%)"><small>☆</small><span class="username" data-name="klonktg">klonktg</span>:</strong> <em>dude you are tough</em></div><div class="chat chatmessage-bohemianraphsody"><strong style="color:hsl(82,42%,42%)"><small>☆</small><span class="username" data-name="bohemian raphsody">bohemian raphsody</span>:</strong> <em>why? XD</em></div><div class="spacer battle-history"><br></div><div class="battle-history">Golduck, come back!<br></div><div class="battle-history">Go! <strong>Sableye</strong>!<br></div><div class="spacer battle-history"><br></div><div class="battle-history">The opposing Celebi used <strong>Giga Drain</strong>!<br></div><div class="battle-history"><small>(Sableye lost <abbr title="−156/304">51.3%</abbr> of its health!)</small><br></div><div class="battle-history"><small>Sableye had its energy drained!</small><br></div><div class="spacer battle-history"><br></div><div class="battle-history"><small>Sableye restored a little HP using its Leftovers!</small><br></div><div class="spacer battle-history"><br></div><h2 class="battle-history">Turn 5</h2><div class="chat chatmessage-bohemianraphsody"><strong style="color:hsl(82,42%,42%)"><small>☆</small><span class="username" data-name="bohemian raphsody">bohemian raphsody</span>:</strong> <em>oh.. celebi</em></div><div class="spacer battle-history"><br></div><div class="battle-history">Sableye used <strong>Pain Split</strong>!<br></div><div class="battle-history"><small>The battlers shared their pain!</small><br></div><div class="spacer battle-history"><br></div><div class="battle-history">The opposing Celebi used <strong>Dazzling Gleam</strong>!<br></div><div class="battle-history"><small>It's super effective!</small><br></div><div class="battle-history"><small>(Sableye lost <abbr title="−230/304">75.7%</abbr> of its health!)</small><br></div><div class="spacer battle-history"><br></div><div class="battle-history"><small>The opposing Celebi restored a little HP using its Leftovers!</small><br></div><div class="battle-history"><small>Sableye restored a little HP using its Leftovers!</small><br></div><div class="spacer battle-history"><br></div><h2 class="battle-history">Turn 6</h2><div class="chat chatmessage-klonktg"><strong style="color:hsl(273,87%,50.735321150667374%)"><small>☆</small><span class="username" data-name="klonktg">klonktg</span>:</strong> <em>im observing the mafia chat</em></div><div class="spacer battle-history"><br></div><div class="battle-history">klonktg withdrew Celebi!<br></div><div class="battle-history">klonktg sent out <strong>Arcanine</strong>!<br></div><div class="battle-history"><small>[The opposing Arcanine's Intimidate]</small><br></div><div class="battle-history"><small>Sableye's Attack fell!</small><br></div><div class="spacer battle-history"><br></div><div class="battle-history">Sableye used <strong>Pain Split</strong>!<br></div><div class="battle-history"><small>The battlers shared their pain!</small><br></div><div class="spacer battle-history"><br></div><div class="battle-history"><small>Sableye restored a little HP using its Leftovers!</small><br></div><div class="spacer battle-history"><br></div><h2 class="battle-history">Turn 7</h2><div class="spacer battle-history"><br></div><div class="battle-history">Sableye used <strong>Protect</strong>!<br></div><div class="battle-history"><small>Sableye protected itself!</small><br></div><div class="spacer battle-history"><br></div><div class="battle-history">The opposing Arcanine used <strong>Will-O-Wisp</strong>!<br></div><div class="battle-history"><small>Sableye protected itself!</small><br></div><div class="spacer battle-history"><br></div><div class="battle-history"><small>Sableye restored a little HP using its Leftovers!</small><br></div><div class="spacer battle-history"><br></div><h2 class="battle-history">Turn 8</h2><div class="spacer battle-history"><br></div><div class="battle-history">Sableye used <strong>Toxic</strong>!<br></div><div class="battle-history"><small>The opposing Arcanine was badly poisoned!</small><br></div><div class="spacer battle-history"><br></div><div class="battle-history">The opposing Arcanine used <strong>Body Slam</strong>!<br></div><div class="battle-history"><small>It doesn't affect Sableye...</small><br></div><div class="spacer battle-history"><br></div><div class="battle-history"><small>Sableye restored a little HP using its Leftovers!</small><br></div><div class="battle-history"><small>The opposing Arcanine was hurt by poison!</small><br></div><div class="spacer battle-history"><br></div><div class="battle-history"><small>The opposing Arcanine ate its Sitrus Berry!</small><br></div><div class="battle-history"><small>The opposing Arcanine restored HP using its Sitrus Berry!</small><br></div><div class="spacer battle-history"><br></div><h2 class="battle-history">Turn 9</h2><div class="chat chatmessage-klonktg"><strong style="color:hsl(273,87%,50.735321150667374%)"><small>☆</small><span class="username" data-name="klonktg">klonktg</span>:</strong> <em>somebody died instantly</em></div><div class="chat chatmessage-bohemianraphsody"><strong style="color:hsl(82,42%,42%)"><small>☆</small><span class="username" data-name="bohemian raphsody">bohemian raphsody</span>:</strong> <em>wtf</em></div><div class="chat chatmessage-bohemianraphsody"><strong style="color:hsl(82,42%,42%)"><small>☆</small><span class="username" data-name="bohemian raphsody">bohemian raphsody</span>:</strong> <em>XD</em></div><div class="chat chatmessage-klonktg"><strong style="color:hsl(273,87%,50.735321150667374%)"><small>☆</small><span class="username" data-name="klonktg">klonktg</span>:</strong> <em>wait since when was sableye ghost</em></div><div class="chat chatmessage-bohemianraphsody"><strong style="color:hsl(82,42%,42%)"><small>☆</small><span class="username" data-name="bohemian raphsody">bohemian raphsody</span>:</strong> <em>missed clic i guess XD</em></div><div class="chat chatmessage-bohemianraphsody"><strong style="color:hsl(82,42%,42%)"><small>☆</small><span class="username" data-name="bohemian raphsody">bohemian raphsody</span>:</strong> <em>mmm</em></div><div class="chat chatmessage-bohemianraphsody"><strong style="color:hsl(82,42%,42%)"><small>☆</small><span class="username" data-name="bohemian raphsody">bohemian raphsody</span>:</strong> <em>since he was invented</em></div><div class="chat chatmessage-bohemianraphsody"><strong style="color:hsl(82,42%,42%)"><small>☆</small><span class="username" data-name="bohemian raphsody">bohemian raphsody</span>:</strong> <em>XD</em></div><div class="chat chatmessage-klonktg"><strong style="color:hsl(273,87%,50.735321150667374%)"><small>☆</small><span class="username" data-name="klonktg">klonktg</span>:</strong> <em>you sue?</em></div><div class="chat chatmessage-bohemianraphsody"><strong style="color:hsl(82,42%,42%)"><small>☆</small><span class="username" data-name="bohemian raphsody">bohemian raphsody</span>:</strong> <em>i am playing pokemon esmeralda gba and sableye is ghost and dark</em></div><div class="chat chatmessage-klonktg"><strong style="color:hsl(273,87%,50.735321150667374%)"><small>☆</small><span class="username" data-name="klonktg">klonktg</span>:</strong> <em>i swear to god in ruby i could hit them with normal</em></div><div class="chat chatmessage-klonktg"><strong style="color:hsl(273,87%,50.735321150667374%)"><small>☆</small><span class="username" data-name="klonktg">klonktg</span>:</strong> <em>i had leaf green sapphire ruby fire red (still have Yellow forGBC) and one other</em></div><div class="chat chatmessage-bohemianraphsody"><strong style="color:hsl(82,42%,42%)"><small>☆</small><span class="username" data-name="bohemian raphsody">bohemian raphsody</span>:</strong> <em>whith a move i dont remember you can hit ghost</em></div><div class="spacer battle-history"><br></div><div class="battle-history">Sableye used <strong>Protect</strong>!<br></div><div class="battle-history"><small>Sableye protected itself!</small><br></div><div class="spacer battle-history"><br></div><div class="battle-history">The opposing Arcanine used <strong>Flamethrower</strong>!<br></div><div class="battle-history"><small>Sableye protected itself!</small><br></div><div class="spacer battle-history"><br></div><div class="battle-history"><small>Sableye restored a little HP using its Leftovers!</small><br></div><div class="battle-history"><small>The opposing Arcanine was hurt by poison!</small><br></div><div class="spacer battle-history"><br></div><h2 class="battle-history">Turn 10</h2><div class="spacer battle-history"><br></div><div class="battle-history">Sableye, come back!<br></div><div class="battle-history">Go! <strong>Golduck</strong>!<br></div><div class="battle-history"><small>[Golduck's Cloud Nine]</small><br><small>The effects of the weather disappeared.</small><br></div><div class="spacer battle-history"><br></div><div class="battle-history">The opposing Arcanine used <strong>Flamethrower</strong>!<br></div><div class="battle-history"><small>It's not very effective...</small><br></div><div class="battle-history"><small>(Golduck lost <abbr title="−67/363">18.5%</abbr> of its health!)</small><br></div><div class="spacer battle-history"><br></div><div class="battle-history"><small>Golduck restored a little HP using its Leftovers!</small><br></div><div class="battle-history"><small>The opposing Arcanine was hurt by poison!</small><br></div><div class="spacer battle-history"><br></div><h2 class="battle-history">Turn 11</h2><div class="spacer battle-history"><br></div><div class="battle-history">The opposing Arcanine used <strong>Will-O-Wisp</strong>!<br></div><div class="battle-history"><small>Golduck was burned!</small><br></div><div class="spacer battle-history"><br></div><div class="battle-history">Golduck used <strong>Surf</strong>!<br></div><div class="battle-history"><small>It's super effective!</small><br></div><div class="battle-history"><small>(The opposing Arcanine lost <abbr title="−169/382">44.2%</abbr> of its health!)</small><br></div><div class="spacer battle-history"><br></div><div class="battle-history">The opposing Arcanine fainted!<br></div><div class="spacer battle-history"><br></div><div class="battle-history"><small>Golduck restored a little HP using its Leftovers!</small><br></div><div class="battle-history"><small>Golduck was hurt by its burn!</small><br></div><div class="chat chatmessage-bohemianraphsody"><strong style="color:hsl(82,42%,42%)"><small>☆</small><span class="username" data-name="bohemian raphsody">bohemian raphsody</span>:</strong> <em>not bad that burn</em></div><div class="spacer battle-history"><br></div><div class="battle-history">klonktg sent out <strong>Celebi</strong>!<br></div><div class="spacer battle-history"><br></div><h2 class="battle-history">Turn 12</h2><div class="chat chatmessage-klonktg"><strong style="color:hsl(273,87%,50.735321150667374%)"><small>☆</small><span class="username" data-name="klonktg">klonktg</span>:</strong> <em>burns are good</em></div><div class="spacer battle-history"><br></div><div class="battle-history">Golduck, come back!<br></div><div class="battle-history">Go! <strong>Heracross</strong>!<br></div><div class="spacer battle-history"><br></div><div class="battle-history">The opposing Celebi used <strong>Giga Drain</strong>!<br></div><div class="battle-history"><small>It's not very effective...</small><br></div><div class="battle-history"><small>(Heracross lost <abbr title="−54/327">16.5%</abbr> of its health!)</small><br></div><div class="battle-history"><small>Heracross had its energy drained!</small><br></div><div class="spacer battle-history"><br></div><div class="battle-history"><small>The opposing Celebi restored a little HP using its Leftovers!</small><br></div><div class="spacer battle-history"><br></div><h2 class="battle-history">Turn 13</h2><div class="spacer battle-history"><br></div><div class="battle-history">klonktg withdrew Celebi!<br></div><div class="battle-history">klonktg sent out <strong>Nidoking</strong>!<br></div><div class="spacer battle-history"><br></div><div class="battle-history">Heracross used <strong>Megahorn</strong>!<br></div><div class="battle-history"><small>It's not very effective...</small><br></div><div class="battle-history"><small>(The opposing Nidoking lost <abbr title="−132/303">43.6%</abbr> of its health!)</small><br></div><div class="spacer battle-history"><br></div><h2 class="battle-history">Turn 14</h2><div class="spacer battle-history"><br></div><div class="battle-history">Heracross, come back!<br></div><div class="battle-history">Go! <strong>Sableye</strong>!<br></div><div class="spacer battle-history"><br></div><div class="battle-history">The opposing Nidoking used <strong>Flamethrower</strong>!<br></div><div class="battle-history"><small>(Sableye lost <abbr title="−196/304">64.5%</abbr> of its health!)</small><br></div><div class="spacer battle-history"><br></div><div class="battle-history"><small>Sableye restored a little HP using its Leftovers!</small><br></div><div class="spacer battle-history"><br></div><h2 class="battle-history">Turn 15</h2><div class="spacer battle-history"><br></div><div class="battle-history">Sableye used <strong>Toxic</strong>!<br></div><div class="battle-history"><small>It doesn't affect the opposing Nidoking...</small><br></div><div class="spacer battle-history"><br></div><div class="battle-history">The opposing Nidoking used <strong>Flamethrower</strong>!<br></div><div class="battle-history"><small>(Sableye lost <abbr title="−111/304">36.5%</abbr> of its health!)</small><br></div><div class="spacer battle-history"><br></div><div class="battle-history">Sableye fainted!<br></div><div class="chat chatmessage-bohemianraphsody"><strong style="color:hsl(82,42%,42%)"><small>☆</small><span class="username" data-name="bohemian raphsody">bohemian raphsody</span>:</strong> <em>shit</em></div><div class="chat chatmessage-bohemianraphsody"><strong style="color:hsl(82,42%,42%)"><small>☆</small><span class="username" data-name="bohemian raphsody">bohemian raphsody</span>:</strong> <em>wrong move</em></div><div class="chat chatmessage-klonktg"><strong style="color:hsl(273,87%,50.735321150667374%)"><small>☆</small><span class="username" data-name="klonktg">klonktg</span>:</strong> <em>definitely</em></div><div class="spacer battle-history"><br></div><div class="battle-history">Go! <strong>Froslass</strong>!<br></div><div class="spacer battle-history"><br></div><h2 class="battle-history">Turn 16</h2><div class="chat"><small>coincidentally joined.</small></div><div class="spacer battle-history"><br></div><div class="battle-history">Froslass used <strong>Ice Beam</strong>!<br></div><div class="battle-history"><small>It's super effective!</small><br></div><div class="battle-history"><small>(The opposing Nidoking lost <abbr title="−171/303">56.4%</abbr> of its health!)</small><br></div><div class="battle-history"><small>Froslass lost some of its HP!</small><br></div><div class="spacer battle-history"><br></div><div class="battle-history">The opposing Nidoking fainted!<br></div><div class="spacer battle-history"><br></div><div class="battle-history">klonktg sent out <strong>Goodra</strong>!<br></div><div class="spacer battle-history"><br></div><h2 class="battle-history">Turn 17</h2><div class="spacer battle-history"><br></div><div class="battle-history">Froslass used <strong>Ice Beam</strong>!<br></div><div class="battle-history"><small>It's super effective!</small><br></div><div class="battle-history"><small>(The opposing Goodra lost <abbr title="−135/368">36.7%</abbr> of its health!)</small><br></div><div class="battle-history"><small>Froslass lost some of its HP!</small><br></div><div class="spacer battle-history"><br></div><div class="battle-history">The opposing Goodra used <strong>Dragon Pulse</strong>!<br></div><div class="battle-history"><small>(Froslass lost <abbr title="−187/281">66.5%</abbr> of its health!)</small><br></div><div class="spacer battle-history"><br></div><h2 class="battle-history">Turn 18</h2><div class="chat chatmessage-bohemianraphsody"><strong style="color:hsl(82,42%,42%)"><small>☆</small><span class="username" data-name="bohemian raphsody">bohemian raphsody</span>:</strong> <em>lol fucking goodra</em></div><div class="spacer battle-history"><br></div><div class="battle-history">Froslass used <strong>Pain Split</strong>!<br></div><div class="battle-history"><small>The battlers shared their pain!</small><br></div><div class="spacer battle-history"><br></div><div class="battle-history">The opposing Goodra used <strong>Dragon Pulse</strong>!<br></div><div class="battle-history"><small>(Froslass lost <abbr title="−135/281">48.0%</abbr> of its health!)</small><br></div><div class="spacer battle-history"><br></div><div class="battle-history">Froslass fainted!<br></div><div class="chat"><small>coincidentally left.</small></div><div class="chat chatmessage-klonktg"><strong style="color:hsl(273,87%,50.735321150667374%)"><small>☆</small><span class="username" data-name="klonktg">klonktg</span>:</strong> <em>goodra OP</em></div><div class="spacer battle-history"><br></div><div class="battle-history">Go! <strong>Banette</strong>!<br></div><div class="spacer battle-history"><br></div><h2 class="battle-history">Turn 19</h2><div class="spacer battle-history"><br></div><div class="battle-history"><small>Banette's Banettite is reacting to bohemian raphsody's Mega Bracelet!</small><br>Banette has Mega Evolved into Mega Banette!<br></div><div class="spacer battle-history"><br></div><div class="battle-history">The opposing Goodra used <strong>Thunderbolt</strong>!<br></div><div class="battle-history"><small>(Banette lost <abbr title="−76/331">23.0%</abbr> of its health!)</small><br></div><div class="spacer battle-history"><br></div><div class="battle-history">Banette used <strong>Taunt</strong>!<br></div><div class="battle-history"><small>The opposing Goodra fell for the taunt!</small><br></div><div class="spacer battle-history"><br></div><h2 class="battle-history">Turn 20</h2><div class="chat chatmessage-klonktg"><strong style="color:hsl(273,87%,50.735321150667374%)"><small>☆</small><span class="username" data-name="klonktg">klonktg</span>:</strong> <em>ah balls</em></div><div class="spacer battle-history"><br></div><div class="battle-history">The opposing Goodra used <strong>Dragon Pulse</strong>!<br></div><div class="battle-history"><small>(Banette lost <abbr title="−106/331">32.0%</abbr> of its health!)</small><br></div><div class="spacer battle-history"><br></div><div class="battle-history">Banette used <strong>Shadow Claw</strong>!<br></div><div class="battle-history"><small>(The opposing Goodra lost <abbr title="−135/368">36.7%</abbr> of its health!)</small><br></div><div class="spacer battle-history"><br></div><div class="battle-history">The opposing Goodra fainted!<br></div><div class="spacer battle-history"><br></div><div class="battle-history">klonktg sent out <strong>Swampert</strong>!<br></div><div class="spacer battle-history"><br></div><h2 class="battle-history">Turn 21</h2><div class="spacer battle-history"><br></div><div class="battle-history">Banette used <strong>Destiny Bond</strong>!<br></div><div class="battle-history">Banette is hoping to take its attacker down with it!<br></div><div class="spacer battle-history"><br></div><div class="battle-history">The opposing Swampert used <strong>Scald</strong>!<br></div><div class="battle-history"><small>(Banette lost <abbr title="−64/331">19.3%</abbr> of its health!)</small><br></div><div class="battle-history"><small>Banette was burned!</small><br></div><div class="spacer battle-history"><br></div><div class="battle-history"><small>Banette was hurt by its burn!</small><br></div><div class="spacer battle-history"><br></div><h2 class="battle-history">Turn 22</h2><div class="spacer battle-history"><br></div><div class="battle-history">Banette used <strong>Destiny Bond</strong>!<br></div><div class="battle-history">Banette is hoping to take its attacker down with it!<br></div><div class="spacer battle-history"><br></div><div class="battle-history">The opposing Swampert used <strong>Toxic</strong>!<br></div><div class="battle-history"><small>But it failed!</small><br></div><div class="spacer battle-history"><br></div><div class="battle-history"><small>Banette was hurt by its burn!</small><br></div><div class="spacer battle-history"><br></div><h2 class="battle-history">Turn 23</h2><div class="chat chatmessage-bohemianraphsody"><strong style="color:hsl(82,42%,42%)"><small>☆</small><span class="username" data-name="bohemian raphsody">bohemian raphsody</span>:</strong> <em>that swampert..</em></div><div class="chat chatmessage-klonktg"><strong style="color:hsl(273,87%,50.735321150667374%)"><small>☆</small><span class="username" data-name="klonktg">klonktg</span>:</strong> <em>good right</em></div><div class="spacer battle-history"><br></div><div class="battle-history">Banette used <strong>Destiny Bond</strong>!<br></div><div class="battle-history">Banette is hoping to take its attacker down with it!<br></div><div class="spacer battle-history"><br></div><div class="battle-history">The opposing Swampert used <strong>Scald</strong>!<br></div><div class="battle-history"><small>(Banette lost <abbr title="−3/331">0.9%</abbr> of its health!)</small><br></div><div class="spacer battle-history"><br></div><div class="battle-history">Banette fainted!<br></div><div class="battle-history"><small>Banette took its attacker down with it!</small><br></div><div class="spacer battle-history"><br></div><div class="battle-history">The opposing Swampert fainted!<br></div><div class="chat chatmessage-bohemianraphsody"><strong style="color:hsl(82,42%,42%)"><small>☆</small><span class="username" data-name="bohemian raphsody">bohemian raphsody</span>:</strong> <em>yes</em></div><div class="spacer battle-history"><br></div><div class="battle-history">klonktg sent out <strong>Celebi</strong>!<br></div><div class="spacer battle-history"><br></div><div class="battle-history">Go! <strong>Heracross</strong>!<br></div><div class="spacer battle-history"><br></div><h2 class="battle-history">Turn 24</h2><div class="chat chatmessage-bohemianraphsody"><strong style="color:hsl(82,42%,42%)"><small>☆</small><span class="username" data-name="bohemian raphsody">bohemian raphsody</span>:</strong> <em>i hate XD and i have anything against him</em></div><div class="spacer battle-history"><br></div><div class="battle-history">Heracross used <strong>Megahorn</strong>!<br></div><div class="battle-history"><small>It's super effective!</small><br></div><div class="battle-history"><small>(The opposing Celebi lost <abbr title="−323/341">94.7%</abbr> of its health!)</small><br></div><div class="spacer battle-history"><br></div><div class="battle-history">The opposing Celebi fainted!<br></div><div class="spacer battle-history"><br></div><div class="battle-history"><strong>bohemian raphsody</strong> won the battle!<br></div><div class="chat">bohemian raphsody's rating: 1087 → <strong>1110</strong><br>(+23 for winning)</div><div class="chat">klonktg's rating: 1029 → <strong>1017</strong><br>(-12 for losing)</div><div class="chat chatmessage-bohemianraphsody"><strong style="color:hsl(82,42%,42%)"><small>☆</small><span class="username" data-name="bohemian raphsody">bohemian raphsody</span>:</strong> <em>that megahorn was waiting for celebi</em></div><div class="chat chatmessage-bohemianraphsody"><strong style="color:hsl(82,42%,42%)"><small>☆</small><span class="username" data-name="bohemian raphsody">bohemian raphsody</span>:</strong> <em>and u know</em></div><div class="chat chatmessage-bohemianraphsody"><strong style="color:hsl(82,42%,42%)"><small>☆</small><span class="username" data-name="bohemian raphsody">bohemian raphsody</span>:</strong> <em>XD</em></div><div class="chat chatmessage-klonktg"><strong style="color:hsl(273,87%,50.735321150667374%)"><small>☆</small><span class="username" data-name="klonktg">klonktg</span>:</strong> <em>yup</em></div></div><div class="inner-preempt"></div></div></div>
</div>
<script>
let daily = Math.floor(Date.now()/1000/60/60/24);document.write('<script src="https://play.pokemonshowdown.com/js/replay-embed.js?version'+daily+'"></'+'script>');
</script>
