<!DOCTYPE html>
<meta charset="utf-8" />
<!-- version 1 -->
<title>UU replay: DJAlley vs. Parnstar</title>
<style>
html,body {font-family:Verdana, sans-serif;font-size:10pt;margin:0;padding:0;}body{padding:12px 0;} .battle-log {font-family:Verdana, sans-serif;font-size:10pt;} .battle-log-inline {border:1px solid #AAAAAA;background:#EEF2F5;color:black;max-width:640px;margin:0 auto 80px;padding-bottom:5px;} .battle-log .inner {padding:4px 8px 0px 8px;} .battle-log .inner-preempt {padding:0 8px 4px 8px;} .battle-log .inner-after {margin-top:0.5em;} .battle-log h2 {margin:0.5em -8px;padding:4px 8px;border:1px solid #AAAAAA;background:#E0E7EA;border-left:0;border-right:0;font-family:Verdana, sans-serif;font-size:13pt;} .battle-log .chat {vertical-align:middle;padding:3px 0 3px 0;font-size:8pt;} .battle-log .chat strong {color:#40576A;} .battle-log .chat em {padding:1px 4px 1px 3px;color:#000000;font-style:normal;} .chat.mine {background:rgba(0,0,0,0.05);margin-left:-8px;margin-right:-8px;padding-left:8px;padding-right:8px;} .spoiler {color:#BBBBBB;background:#BBBBBB;padding:0px 3px;} .spoiler:hover, .spoiler:active, .spoiler-shown {color:#000000;background:#E2E2E2;padding:0px 3px;} .spoiler a {color:#BBBBBB;} .spoiler:hover a, .spoiler:active a, .spoiler-shown a {color:#2288CC;} .chat code, .chat .spoiler:hover code, .chat .spoiler:active code, .chat .spoiler-shown code {border:1px solid #C0C0C0;background:#EEEEEE;color:black;padding:0 2px;} .chat .spoiler code {border:1px solid #CCCCCC;background:#CCCCCC;color:#CCCCCC;} .battle-log .rated {padding:3px 4px;} .battle-log .rated strong {color:white;background:#89A;padding:1px 4px;border-radius:4px;} .spacer {margin-top:0.5em;} .message-announce {background:#6688AA;color:white;padding:1px 4px 2px;} .message-announce a, .broadcast-green a, .broadcast-blue a, .broadcast-red a {color:#DDEEFF;} .broadcast-green {background-color:#559955;color:white;padding:2px 4px;} .broadcast-blue {background-color:#6688AA;color:white;padding:2px 4px;} .infobox {border:1px solid #6688AA;padding:2px 4px;} .infobox-limited {max-height:200px;overflow:auto;overflow-x:hidden;} .broadcast-red {background-color:#AA5544;color:white;padding:2px 4px;} .message-learn-canlearn {font-weight:bold;color:#228822;text-decoration:underline;} .message-learn-cannotlearn {font-weight:bold;color:#CC2222;text-decoration:underline;} .message-effect-weak {font-weight:bold;color:#CC2222;} .message-effect-resist {font-weight:bold;color:#6688AA;} .message-effect-immune {font-weight:bold;color:#666666;} .message-learn-list {margin-top:0;margin-bottom:0;} .message-throttle-notice, .message-error {color:#992222;} .message-overflow, .chat small.message-overflow {font-size:0pt;} .message-overflow::before {font-size:9pt;content:'...';} .subtle {color:#3A4A66;}
</style>
<div class="wrapper replay-wrapper" style="max-width:1180px;margin:0 auto">
<input type="hidden" name="replayid" value="uu-548573373" />
<div class="battle"></div><div class="battle-log"></div><div class="replay-controls"></div><div class="replay-controls-2"></div>
<h1 style="font-weight:normal;text-align:center"><strong>UU</strong><br /><a href="http://pokemonshowdown.com/users/djalley" class="subtle" target="_blank">DJAlley</a> vs. <a href="http://pokemonshowdown.com/users/parnstar" class="subtle" target="_blank">Parnstar</a></h1>
<script type="text/plain" class="battle-log-data">|j|DJAlley
|j|Parnstar
|player|p1|DJAlley|169
|player|p2|Parnstar|21
|gametype|singles
|gen|6
|tier|UU
|rated
|seed|51959,10804,36587,55580
|rule|Sleep Clause Mod: Limit one foe put to sleep
|rule|Species Clause: Limit one of each Pokémon
|rule|OHKO Clause: OHKO moves are banned
|rule|Moody Clause: Moody is banned
|rule|Evasion Moves Clause: Evasion moves are banned
|rule|Endless Battle Clause: Forcing endless battles is banned
|rule|HP Percentage Mod: HP is shown in percentages
|clearpoke
|poke|p1|Haxorus, M|item
|poke|p1|Doublade, M|item
|poke|p1|Suicune|item
|poke|p1|Gardevoir, F|item
|poke|p1|Infernape, M|item
|poke|p1|Braviary, M|item
|poke|p2|Mamoswine, M|item
|poke|p2|Toxicroak, F|item
|poke|p2|Whimsicott, M|item
|poke|p2|Heliolisk, M|item
|poke|p2|Donphan, F|item
|poke|p2|Crawdaunt, F|item
|rule|Swagger Clause: Swagger is banned
|rule|Baton Pass Clause: Limit one Baton Passer, can't pass Spe and other stats simultaneously
|teampreview
|choice|team 5, team 2, team 3, team 4, team 1, team 6|team 5, team 2, team 3, team 4, team 1, team 6
|
|start
|switch|p1a: Infernape|Infernape, M|293\/293
|switch|p2a: Donphan|Donphan, F|383\/383
|turn|1
|choice|move grassknot|move earthquake
|
|move|p1a: Infernape|Grass Knot|p2a: Donphan
|-supereffective|p2a: Donphan
|-damage|p2a: Donphan|57\/383
|move|p2a: Donphan|Earthquake|p1a: Infernape
|-supereffective|p1a: Infernape
|-enditem|p1a: Infernape|Focus Sash
|-damage|p1a: Infernape|1\/293
|
|upkeep
|turn|2
|-enditem|p2a: Donphan|Custap Berry|[eat]
|-activate|p2a: Donphan|item: Custap Berry
|choice|move vacuumwave|move stealthrock
|
|move|p1a: Infernape|Vacuum Wave|p2a: Donphan
|-damage|p2a: Donphan|0 fnt
|faint|p2a: Donphan
|
|upkeep
|choice||switch 3
|
|switch|p2a: Whimsicott|Whimsicott, M|261\/261
|turn|3
|choice|move stealthrock|move naturepower
|
|move|p2a: Whimsicott|Nature Power|p1a: Infernape
|move|p2a: Whimsicott|Tri Attack|p1a: Infernape|[from]Nature Power
|-damage|p1a: Infernape|0 fnt
|faint|p1a: Infernape
|
|upkeep
|choice|switch 2|
|
|switch|p1a: Doublade|Doublade, M|322\/322
|turn|4
|choice|move gyroball|move moonblast
|
|move|p2a: Whimsicott|Moonblast|p1a: Doublade
|-resisted|p1a: Doublade
|-damage|p1a: Doublade|235\/322
|move|p1a: Doublade|Gyro Ball|p2a: Whimsicott
|-supereffective|p2a: Whimsicott
|-damage|p2a: Whimsicott|0 fnt
|faint|p2a: Whimsicott
|
|upkeep
|choice||switch 5
|
|switch|p2a: Mamoswine|Mamoswine, M|361\/361
|turn|5
|choice|switch 6|move earthquake
|
|switch|p1a: Braviary|Braviary, M|341\/341
|move|p2a: Mamoswine|Earthquake|p1a: Braviary
|-immune|p1a: Braviary|[msg]
|
|upkeep
|turn|6
|choice|switch 3|move iciclecrash
|
|switch|p1a: Suicune|Suicune|404\/404
|-ability|p1a: Suicune|Pressure
|move|p2a: Mamoswine|Icicle Crash|p1a: Suicune
|-resisted|p1a: Suicune
|-crit|p1a: Suicune
|-damage|p1a: Suicune|286\/404
|
|-heal|p1a: Suicune|311\/404|[from] item: Leftovers
|upkeep
|turn|7
|choice|move calmmind|switch 4
|
|switch|p2a: Heliolisk|Heliolisk, M|265\/265
|move|p1a: Suicune|Calm Mind|p1a: Suicune
|-boost|p1a: Suicune|spa|1
|-boost|p1a: Suicune|spd|1
|
|-heal|p1a: Suicune|336\/404|[from] item: Leftovers
|upkeep
|turn|8
|choice|move scald|move thunderbolt
|
|move|p2a: Heliolisk|Thunderbolt|p1a: Suicune
|-supereffective|p1a: Suicune
|-damage|p1a: Suicune|185\/404
|move|p1a: Suicune|Scald|p2a: Heliolisk
|-immune|p2a: Heliolisk|[msg]|[from] ability: Dry Skin
|
|-heal|p1a: Suicune|210\/404|[from] item: Leftovers
|upkeep
|turn|9
|choice|switch 5|move thunderbolt
|
|switch|p1a: Haxorus|Haxorus, M|293\/293
|-ability|p1a: Haxorus|Mold Breaker
|move|p2a: Heliolisk|Thunderbolt|p1a: Haxorus
|-resisted|p1a: Haxorus
|-crit|p1a: Haxorus
|-damage|p1a: Haxorus|146\/293
|
|upkeep
|turn|10
|choice|move earthquake|move hypervoice
|
|move|p2a: Heliolisk|Hyper Voice|p1a: Haxorus
|-damage|p1a: Haxorus|0 fnt
|faint|p1a: Haxorus
|
|upkeep
|choice|switch 6|
|
|switch|p1a: Doublade|Doublade, M|235\/322
|turn|11
|choice|move sacredsword|move thunderbolt
|
|move|p2a: Heliolisk|Thunderbolt|p1a: Doublade
|-damage|p1a: Doublade|78\/322
|move|p1a: Doublade|Sacred Sword|p2a: Heliolisk
|-supereffective|p2a: Heliolisk
|-damage|p2a: Heliolisk|27\/265
|
|upkeep
|turn|12
|choice|move shadowsneak|move thunderbolt
|
|move|p1a: Doublade|Shadow Sneak|p2a: Heliolisk
|-immune|p2a: Heliolisk|[msg]
|move|p2a: Heliolisk|Thunderbolt|p1a: Doublade
|-damage|p1a: Doublade|0 fnt
|faint|p1a: Doublade
|
|upkeep
|choice|switch 3|
|
|switch|p1a: Braviary|Braviary, M|341\/341
|turn|13
|choice|move retaliate|move thunderbolt
|
|move|p1a: Braviary|Retaliate|p2a: Heliolisk
|-damage|p2a: Heliolisk|0 fnt
|faint|p2a: Heliolisk
|
|upkeep
|choice||switch 2
|
|switch|p2a: Toxicroak|Toxicroak, F|308\/308
|turn|14
|choice|switch 4|move gunkshot
|
|switch|p1a: Gardevoir|Gardevoir, F|340\/340
|move|p2a: Toxicroak|Gunk Shot|p1a: Gardevoir
|-supereffective|p1a: Gardevoir
|-crit|p1a: Gardevoir
|-damage|p1a: Gardevoir|0 fnt
|-damage|p2a: Toxicroak|278\/308|[from] item: Life Orb
|faint|p1a: Gardevoir
|
|upkeep
|choice|switch 4|
|
|switch|p1a: Braviary|Braviary, M|341\/341
|turn|15
|choice|move zenheadbutt|move suckerpunch
|
|move|p2a: Toxicroak|Sucker Punch|p1a: Braviary
|-damage|p1a: Braviary|190\/341
|-damage|p2a: Toxicroak|248\/308|[from] item: Life Orb
|move|p1a: Braviary|Zen Headbutt|p2a: Toxicroak
|-supereffective|p2a: Toxicroak
|-damage|p2a: Toxicroak|0 fnt
|faint|p2a: Toxicroak
|
|upkeep
|choice||switch 6
|
|switch|p2a: Crawdaunt|Crawdaunt, F|267\/267
|turn|16
|choice|switch 5|move dragondance
|
|switch|p1a: Suicune|Suicune|210\/404
|-ability|p1a: Suicune|Pressure
|move|p2a: Crawdaunt|Dragon Dance|p2a: Crawdaunt
|-boost|p2a: Crawdaunt|atk|1
|-boost|p2a: Crawdaunt|spe|1
|
|-heal|p1a: Suicune|235\/404|[from] item: Leftovers
|upkeep
|turn|17
|choice|move rest|move knockoff
|
|move|p2a: Crawdaunt|Knock Off|p1a: Suicune
|-crit|p1a: Suicune
|-damage|p1a: Suicune|0 fnt
|-enditem|p1a: Suicune|Leftovers|[from] move: Knock Off|[of] p2a: Crawdaunt
|faint|p1a: Suicune
|
|upkeep
|choice|switch 5|
|
|switch|p1a: Braviary|Braviary, M|190\/341
|turn|18
|choice|move retaliate|move aquajet
|
|move|p2a: Crawdaunt|Aqua Jet|p1a: Braviary
|-damage|p1a: Braviary|10\/341
|move|p1a: Braviary|Retaliate|p2a: Crawdaunt
|-damage|p2a: Crawdaunt|3\/267
|
|upkeep
|turn|19
|c|☆Parnstar|Gg
|-message|DJAlley forfeited.
|
|win|Parnstar
|player|p1
|player|p2
|l|DJAlley
|raw|DJAlley's rating: 1192 &rarr; <strong>1170<\/strong><br \/>(-22 for losing)
|raw|Parnstar's rating: 1237 &rarr; <strong>1258<\/strong><br \/>(+21 for winning)</script>
</div>
<div class="battle-log battle-log-inline"><div class="inner"><div class="battle-options"></div><div class="inner"><div class="chat"><small>DJAlley joined.</small></div><div class="chat"><small>Parnstar joined.</small></div><div class=""><small>Format:</small> <br><strong>UU</strong></div><div class="rated"><strong>Rated battle</strong></div><div class=""><small><em>Sleep Clause Mod:</em> Limit one foe put to sleep</small></div><div class=""><small><em>Species Clause:</em> Limit one of each Pokémon</small></div><div class=""><small><em>OHKO Clause:</em> OHKO moves are banned</small></div><div class=""><small><em>Moody Clause:</em> Moody is banned</small></div><div class=""><small><em>Evasion Moves Clause:</em> Evasion moves are banned</small></div><div class=""><small><em>Endless Battle Clause:</em> Forcing endless battles is banned</small></div><div class=""><small><em>HP Percentage Mod:</em> HP is shown in percentages</small></div><div class=""><small><em>Swagger Clause:</em> Swagger is banned</small></div><div class=""><small><em>Baton Pass Clause:</em> Limit one Baton Passer, can't pass Spe and other stats simultaneously</small></div><div class="chat battle-history"><strong>DJAlley's team:</strong> <em style="color:#445566;display:block;">Haxorus / Doublade / Suicune / Gardevoir / Infernape / Braviary</em></div><div class="chat battle-history"><strong>Parnstar's team:</strong> <em style="color:#445566;display:block;">Mamoswine / Toxicroak / Whimsicott / Heliolisk / Donphan / Crawdaunt</em></div><div class="spacer battle-history"><br></div><div class="battle-history">Battle started between DJAlley and Parnstar!<br></div><div class="spacer battle-history"><br></div><div class="battle-history">Go! <strong>Infernape</strong>!<br></div><div class="spacer battle-history"><br></div><div class="battle-history">Parnstar sent out <strong>Donphan</strong>!<br></div><div class="spacer battle-history"><br></div><h2 class="battle-history">Turn 1</h2><div class="spacer battle-history"><br></div><div class="battle-history">Infernape used <strong>Grass Knot</strong>!<br></div><div class="battle-history"><small>It's super effective!</small><br></div><div class="battle-history"><small>(The opposing Donphan lost <abbr title="−326/383">85.1%</abbr> of its health!)</small><br></div><div class="spacer battle-history"><br></div><div class="battle-history">The opposing Donphan used <strong>Earthquake</strong>!<br></div><div class="battle-history"><small>It's super effective!</small><br></div><div class="battle-history"><small>Infernape hung on using its Focus Sash!</small><br></div><div class="battle-history"><small>(Infernape lost <abbr title="−292/293">99.7%</abbr> of its health!)</small><br></div><div class="spacer battle-history"><br></div><h2 class="battle-history">Turn 2</h2><div class="spacer battle-history"><br></div><div class="battle-history"><small>The opposing Donphan ate its Custap Berry!</small><br></div><div class="battle-history"><small>The opposing Donphan's Custap Berry let it move first!</small><br></div><div class="spacer battle-history"><br></div><div class="battle-history">Infernape used <strong>Vacuum Wave</strong>!<br></div><div class="battle-history"><small>(The opposing Donphan lost <abbr title="−57/383">14.9%</abbr> of its health!)</small><br></div><div class="spacer battle-history"><br></div><div class="battle-history">The opposing Donphan fainted!<br></div><div class="spacer battle-history"><br></div><div class="battle-history">Parnstar sent out <strong>Whimsicott</strong>!<br></div><div class="spacer battle-history"><br></div><h2 class="battle-history">Turn 3</h2><div class="spacer battle-history"><br></div><div class="battle-history">The opposing Whimsicott used <strong>Nature Power</strong>!<br></div><div class="spacer battle-history"><br></div><div class="battle-history">Nature Power turned into Tri Attack!<br></div><div class="battle-history"><small>(Infernape lost <abbr title="−1/293">0.3%</abbr> of its health!)</small><br></div><div class="spacer battle-history"><br></div><div class="battle-history">Infernape fainted!<br></div><div class="spacer battle-history"><br></div><div class="battle-history">Go! <strong>Doublade</strong>!<br></div><div class="spacer battle-history"><br></div><h2 class="battle-history">Turn 4</h2><div class="spacer battle-history"><br></div><div class="battle-history">The opposing Whimsicott used <strong>Moonblast</strong>!<br></div><div class="battle-history"><small>It's not very effective...</small><br></div><div class="battle-history"><small>(Doublade lost <abbr title="−87/322">27.0%</abbr> of its health!)</small><br></div><div class="spacer battle-history"><br></div><div class="battle-history">Doublade used <strong>Gyro Ball</strong>!<br></div><div class="battle-history"><small>It's super effective!</small><br></div><div class="battle-history"><small>(The opposing Whimsicott lost <abbr title="−261/261">100%</abbr> of its health!)</small><br></div><div class="spacer battle-history"><br></div><div class="battle-history">The opposing Whimsicott fainted!<br></div><div class="spacer battle-history"><br></div><div class="battle-history">Parnstar sent out <strong>Mamoswine</strong>!<br></div><div class="spacer battle-history"><br></div><h2 class="battle-history">Turn 5</h2><div class="spacer battle-history"><br></div><div class="battle-history">Doublade, come back!<br></div><div class="battle-history">Go! <strong>Braviary</strong>!<br></div><div class="spacer battle-history"><br></div><div class="battle-history">The opposing Mamoswine used <strong>Earthquake</strong>!<br></div><div class="battle-history"><small>It doesn't affect Braviary...</small><br></div><div class="spacer battle-history"><br></div><h2 class="battle-history">Turn 6</h2><div class="spacer battle-history"><br></div><div class="battle-history">Braviary, come back!<br></div><div class="battle-history">Go! <strong>Suicune</strong>!<br></div><div class="battle-history"><small>[Suicune's Pressure]</small><br><small>Suicune is exerting its pressure!</small><br></div><div class="spacer battle-history"><br></div><div class="battle-history">The opposing Mamoswine used <strong>Icicle Crash</strong>!<br></div><div class="battle-history"><small>It's not very effective...</small><br></div><div class="battle-history"><small>A critical hit!</small><br></div><div class="battle-history"><small>(Suicune lost <abbr title="−118/404">29.2%</abbr> of its health!)</small><br></div><div class="spacer battle-history"><br></div><div class="battle-history"><small>Suicune restored a little HP using its Leftovers!</small><br></div><div class="spacer battle-history"><br></div><h2 class="battle-history">Turn 7</h2><div class="spacer battle-history"><br></div><div class="battle-history">Parnstar withdrew Mamoswine!<br></div><div class="battle-history">Parnstar sent out <strong>Heliolisk</strong>!<br></div><div class="spacer battle-history"><br></div><div class="battle-history">Suicune used <strong>Calm Mind</strong>!<br></div><div class="battle-history"><small>Suicune's Special Attack rose!</small><br></div><div class="battle-history"><small>Suicune's Special Defense rose!</small><br></div><div class="spacer battle-history"><br></div><div class="battle-history"><small>Suicune restored a little HP using its Leftovers!</small><br></div><div class="spacer battle-history"><br></div><h2 class="battle-history">Turn 8</h2><div class="spacer battle-history"><br></div><div class="battle-history">The opposing Heliolisk used <strong>Thunderbolt</strong>!<br></div><div class="battle-history"><small>It's super effective!</small><br></div><div class="battle-history"><small>(Suicune lost <abbr title="−151/404">37.4%</abbr> of its health!)</small><br></div><div class="spacer battle-history"><br></div><div class="battle-history">Suicune used <strong>Scald</strong>!<br></div><div class="battle-history"><small>[The opposing Heliolisk's Dry Skin]</small><br><small>It doesn't affect the opposing Heliolisk...</small><br></div><div class="spacer battle-history"><br></div><div class="battle-history"><small>Suicune restored a little HP using its Leftovers!</small><br></div><div class="spacer battle-history"><br></div><h2 class="battle-history">Turn 9</h2><div class="spacer battle-history"><br></div><div class="battle-history">Suicune, come back!<br></div><div class="battle-history">Go! <strong>Haxorus</strong>!<br></div><div class="battle-history"><small>[Haxorus's Mold Breaker]</small><br><small>Haxorus breaks the mold!</small><br></div><div class="spacer battle-history"><br></div><div class="battle-history">The opposing Heliolisk used <strong>Thunderbolt</strong>!<br></div><div class="battle-history"><small>It's not very effective...</small><br></div><div class="battle-history"><small>A critical hit!</small><br></div><div class="battle-history"><small>(Haxorus lost <abbr title="−147/293">50.2%</abbr> of its health!)</small><br></div><div class="spacer battle-history"><br></div><h2 class="battle-history">Turn 10</h2><div class="spacer battle-history"><br></div><div class="battle-history">The opposing Heliolisk used <strong>Hyper Voice</strong>!<br></div><div class="battle-history"><small>(Haxorus lost <abbr title="−146/293">49.8%</abbr> of its health!)</small><br></div><div class="spacer battle-history"><br></div><div class="battle-history">Haxorus fainted!<br></div><div class="spacer battle-history"><br></div><div class="battle-history">Go! <strong>Doublade</strong>!<br></div><div class="spacer battle-history"><br></div><h2 class="battle-history">Turn 11</h2><div class="spacer battle-history"><br></div><div class="battle-history">The opposing Heliolisk used <strong>Thunderbolt</strong>!<br></div><div class="battle-history"><small>(Doublade lost <abbr title="−157/322">48.8%</abbr> of its health!)</small><br></div><div class="spacer battle-history"><br></div><div class="battle-history">Doublade used <strong>Sacred Sword</strong>!<br></div><div class="battle-history"><small>It's super effective!</small><br></div><div class="battle-history"><small>(The opposing Heliolisk lost <abbr title="−238/265">89.8%</abbr> of its health!)</small><br></div><div class="spacer battle-history"><br></div><h2 class="battle-history">Turn 12</h2><div class="spacer battle-history"><br></div><div class="battle-history">Doublade used <strong>Shadow Sneak</strong>!<br></div><div class="battle-history"><small>It doesn't affect the opposing Heliolisk...</small><br></div><div class="spacer battle-history"><br></div><div class="battle-history">The opposing Heliolisk used <strong>Thunderbolt</strong>!<br></div><div class="battle-history"><small>(Doublade lost <abbr title="−78/322">24.2%</abbr> of its health!)</small><br></div><div class="spacer battle-history"><br></div><div class="battle-history">Doublade fainted!<br></div><div class="spacer battle-history"><br></div><div class="battle-history">Go! <strong>Braviary</strong>!<br></div><div class="spacer battle-history"><br></div><h2 class="battle-history">Turn 13</h2><div class="spacer battle-history"><br></div><div class="battle-history">Braviary used <strong>Retaliate</strong>!<br></div><div class="battle-history"><small>(The opposing Heliolisk lost <abbr title="−27/265">10.2%</abbr> of its health!)</small><br></div><div class="spacer battle-history"><br></div><div class="battle-history">The opposing Heliolisk fainted!<br></div><div class="spacer battle-history"><br></div><div class="battle-history">Parnstar sent out <strong>Toxicroak</strong>!<br></div><div class="spacer battle-history"><br></div><h2 class="battle-history">Turn 14</h2><div class="spacer battle-history"><br></div><div class="battle-history">Braviary, come back!<br></div><div class="battle-history">Go! <strong>Gardevoir</strong>!<br></div><div class="spacer battle-history"><br></div><div class="battle-history">The opposing Toxicroak used <strong>Gunk Shot</strong>!<br></div><div class="battle-history"><small>It's super effective!</small><br></div><div class="battle-history"><small>A critical hit!</small><br></div><div class="battle-history"><small>(Gardevoir lost <abbr title="−340/340">100%</abbr> of its health!)</small><br></div><div class="battle-history"><small>The opposing Toxicroak lost some of its HP!</small><br></div><div class="spacer battle-history"><br></div><div class="battle-history">Gardevoir fainted!<br></div><div class="spacer battle-history"><br></div><div class="battle-history">Go! <strong>Braviary</strong>!<br></div><div class="spacer battle-history"><br></div><h2 class="battle-history">Turn 15</h2><div class="spacer battle-history"><br></div><div class="battle-history">The opposing Toxicroak used <strong>Sucker Punch</strong>!<br></div><div class="battle-history"><small>(Braviary lost <abbr title="−151/341">44.3%</abbr> of its health!)</small><br></div><div class="battle-history"><small>The opposing Toxicroak lost some of its HP!</small><br></div><div class="spacer battle-history"><br></div><div class="battle-history">Braviary used <strong>Zen Headbutt</strong>!<br></div><div class="battle-history"><small>It's super effective!</small><br></div><div class="battle-history"><small>(The opposing Toxicroak lost <abbr title="−248/308">80.5%</abbr> of its health!)</small><br></div><div class="spacer battle-history"><br></div><div class="battle-history">The opposing Toxicroak fainted!<br></div><div class="spacer battle-history"><br></div><div class="battle-history">Parnstar sent out <strong>Crawdaunt</strong>!<br></div><div class="spacer battle-history"><br></div><h2 class="battle-history">Turn 16</h2><div class="spacer battle-history"><br></div><div class="battle-history">Braviary, come back!<br></div><div class="battle-history">Go! <strong>Suicune</strong>!<br></div><div class="battle-history"><small>[Suicune's Pressure]</small><br><small>Suicune is exerting its pressure!</small><br></div><div class="spacer battle-history"><br></div><div class="battle-history">The opposing Crawdaunt used <strong>Dragon Dance</strong>!<br></div><div class="battle-history"><small>The opposing Crawdaunt's Attack rose!</small><br></div><div class="battle-history"><small>The opposing Crawdaunt's Speed rose!</small><br></div><div class="spacer battle-history"><br></div><div class="battle-history"><small>Suicune restored a little HP using its Leftovers!</small><br></div><div class="spacer battle-history"><br></div><h2 class="battle-history">Turn 17</h2><div class="spacer battle-history"><br></div><div class="battle-history">The opposing Crawdaunt used <strong>Knock Off</strong>!<br></div><div class="battle-history"><small>A critical hit!</small><br></div><div class="battle-history"><small>(Suicune lost <abbr title="−235/404">58.2%</abbr> of its health!)</small><br></div><div class="battle-history"><small>The opposing Crawdaunt knocked off Suicune's Leftovers!</small><br></div><div class="spacer battle-history"><br></div><div class="battle-history">Suicune fainted!<br></div><div class="spacer battle-history"><br></div><div class="battle-history">Go! <strong>Braviary</strong>!<br></div><div class="spacer battle-history"><br></div><h2 class="battle-history">Turn 18</h2><div class="spacer battle-history"><br></div><div class="battle-history">The opposing Crawdaunt used <strong>Aqua Jet</strong>!<br></div><div class="battle-history"><small>(Braviary lost <abbr title="−180/341">52.8%</abbr> of its health!)</small><br></div><div class="spacer battle-history"><br></div><div class="battle-history">Braviary used <strong>Retaliate</strong>!<br></div><div class="battle-history"><small>(The opposing Crawdaunt lost <abbr title="−264/267">98.9%</abbr> of its health!)</small><br></div><div class="spacer battle-history"><br></div><h2 class="battle-history">Turn 19</h2><div class="chat chatmessage-parnstar"><strong style="color:hsl(41,84%,41.163999978976825%)"><small>☆</small><span class="username" data-name="Parnstar">Parnstar</span>:</strong> <em>Gg</em></div><div class="spacer battle-history"><br></div><div class="battle-history"><small>DJAlley forfeited.</small><br></div><div class="spacer battle-history"><br></div><div class="battle-history"><strong>Parnstar</strong> won the battle!<br></div><div class="chat"><small>DJAlley left.</small></div><div class="chat">DJAlley's rating: 1192 → <strong>1170</strong><br>(-22 for losing)</div><div class="chat">Parnstar's rating: 1237 → <strong>1258</strong><br>(+21 for winning)</div></div><div class="inner-preempt"></div></div></div>
</div>
<script>
let daily = Math.floor(Date.now()/1000/60/60/24);document.write('<script src="https://play.pokemonshowdown.com/js/replay-embed.js?version'+daily+'"></'+'script>');
</script>
