<!DOCTYPE html>
<meta charset="utf-8" />
<!-- version 1 -->
<title>UU replay: Parnstar vs. der gaviols</title>
<style>
html,body {font-family:Verdana, sans-serif;font-size:10pt;margin:0;padding:0;}body{padding:12px 0;} .battle-log {font-family:Verdana, sans-serif;font-size:10pt;} .battle-log-inline {border:1px solid #AAAAAA;background:#EEF2F5;color:black;max-width:640px;margin:0 auto 80px;padding-bottom:5px;} .battle-log .inner {padding:4px 8px 0px 8px;} .battle-log .inner-preempt {padding:0 8px 4px 8px;} .battle-log .inner-after {margin-top:0.5em;} .battle-log h2 {margin:0.5em -8px;padding:4px 8px;border:1px solid #AAAAAA;background:#E0E7EA;border-left:0;border-right:0;font-family:Verdana, sans-serif;font-size:13pt;} .battle-log .chat {vertical-align:middle;padding:3px 0 3px 0;font-size:8pt;} .battle-log .chat strong {color:#40576A;} .battle-log .chat em {padding:1px 4px 1px 3px;color:#000000;font-style:normal;} .chat.mine {background:rgba(0,0,0,0.05);margin-left:-8px;margin-right:-8px;padding-left:8px;padding-right:8px;} .spoiler {color:#BBBBBB;background:#BBBBBB;padding:0px 3px;} .spoiler:hover, .spoiler:active, .spoiler-shown {color:#000000;background:#E2E2E2;padding:0px 3px;} .spoiler a {color:#BBBBBB;} .spoiler:hover a, .spoiler:active a, .spoiler-shown a {color:#2288CC;} .chat code, .chat .spoiler:hover code, .chat .spoiler:active code, .chat .spoiler-shown code {border:1px solid #C0C0C0;background:#EEEEEE;color:black;padding:0 2px;} .chat .spoiler code {border:1px solid #CCCCCC;background:#CCCCCC;color:#CCCCCC;} .battle-log .rated {padding:3px 4px;} .battle-log .rated strong {color:white;background:#89A;padding:1px 4px;border-radius:4px;} .spacer {margin-top:0.5em;} .message-announce {background:#6688AA;color:white;padding:1px 4px 2px;} .message-announce a, .broadcast-green a, .broadcast-blue a, .broadcast-red a {color:#DDEEFF;} .broadcast-green {background-color:#559955;color:white;padding:2px 4px;} .broadcast-blue {background-color:#6688AA;color:white;padding:2px 4px;} .infobox {border:1px solid #6688AA;padding:2px 4px;} .infobox-limited {max-height:200px;overflow:auto;overflow-x:hidden;} .broadcast-red {background-color:#AA5544;color:white;padding:2px 4px;} .message-learn-canlearn {font-weight:bold;color:#228822;text-decoration:underline;} .message-learn-cannotlearn {font-weight:bold;color:#CC2222;text-decoration:underline;} .message-effect-weak {font-weight:bold;color:#CC2222;} .message-effect-resist {font-weight:bold;color:#6688AA;} .message-effect-immune {font-weight:bold;color:#666666;} .message-learn-list {margin-top:0;margin-bottom:0;} .message-throttle-notice, .message-error {color:#992222;} .message-overflow, .chat small.message-overflow {font-size:0pt;} .message-overflow::before {font-size:9pt;content:'...';} .subtle {color:#3A4A66;}
</style>
<div class="wrapper replay-wrapper" style="max-width:1180px;margin:0 auto">
<input type="hidden" name="replayid" value="uu-591476266" />
<div class="battle"></div><div class="battle-log"></div><div class="replay-controls"></div><div class="replay-controls-2"></div>
<h1 style="font-weight:normal;text-align:center"><strong>UU</strong><br /><a href="http://pokemonshowdown.com/users/parnstar" class="subtle" target="_blank">Parnstar</a> vs. <a href="http://pokemonshowdown.com/users/dergaviols" class="subtle" target="_blank">der gaviols</a></h1>
<script type="text/plain" class="battle-log-data">|j|Parnstar
|j|der gaviols
|player|p1|Parnstar|265
|teamsize|p1|6
|player|p2|der gaviols|52
|teamsize|p2|6
|gametype|singles
|gen|6
|tier|UU
|rated
|seed|44049,49617,36968,52150
|rule|Sleep Clause Mod: Limit one foe put to sleep
|rule|Species Clause: Limit one of each Pokémon
|rule|OHKO Clause: OHKO moves are banned
|rule|Moody Clause: Moody is banned
|rule|Evasion Moves Clause: Evasion moves are banned
|rule|Endless Battle Clause: Forcing endless battles is banned
|rule|HP Percentage Mod: HP is shown in percentages
|clearpoke
|poke|p1|Heliolisk, M|item
|poke|p1|Donphan, F|item
|poke|p1|Whimsicott, M|item
|poke|p1|Mamoswine, M|item
|poke|p1|Crawdaunt, M|item
|poke|p1|Toxicroak, F|item
|poke|p2|Aggron, M|item
|poke|p2|Mismagius, F|item
|poke|p2|Conkeldurr, M, shiny|item
|poke|p2|Celebi|item
|poke|p2|Blastoise, M|item
|poke|p2|Swellow, M|item
|rule|Swagger Clause: Swagger is banned
|rule|Baton Pass Clause: Limit one Baton Passer, can't pass Spe and other stats simultaneously
|teampreview
|choice|team 4, team 2, team 3, team 1, team 5, team 6|team 3, team 2, team 1, team 4, team 5, team 6
|
|start
|switch|p1a: Mamoswine|Mamoswine, M|361\/361
|switch|p2a: Conkeldurr|Conkeldurr, M, shiny|351\/351
|turn|1
|choice|move iciclecrash|move machpunch
|
|move|p2a: Conkeldurr|Mach Punch|p1a: Mamoswine
|-supereffective|p1a: Mamoswine
|-damage|p1a: Mamoswine|101\/361
|move|p1a: Mamoswine|Icicle Crash|p2a: Conkeldurr
|-damage|p2a: Conkeldurr|176\/351
|
|upkeep
|turn|2
|choice|move iceshard|move drainpunch
|
|move|p1a: Mamoswine|Ice Shard|p2a: Conkeldurr
|-damage|p2a: Conkeldurr|86\/351
|move|p2a: Conkeldurr|Drain Punch|p1a: Mamoswine
|-supereffective|p1a: Mamoswine
|-damage|p1a: Mamoswine|0 fnt
|-heal|p2a: Conkeldurr|137\/351|[from] drain|[of] p1a: Mamoswine
|faint|p1a: Mamoswine
|
|upkeep
|choice|switch 3|
|
|switch|p1a: Whimsicott|Whimsicott, M|261\/261
|turn|3
|choice|move moonblast|switch 3
|
|switch|p2a: Aggron|Aggron, M|281\/281
|move|p1a: Whimsicott|Moonblast|p2a: Aggron
|-resisted|p2a: Aggron
|-damage|p2a: Aggron|175\/281
|
|upkeep
|turn|4
|choice|switch 2|move ironhead mega
|
|switch|p1a: Donphan|Donphan, F|351\/351
|detailschange|p2a: Aggron|Aggron-Mega, M
|-mega|p2a: Aggron|Aggron|Aggronite
|move|p2a: Aggron|Iron Head|p1a: Donphan
|-damage|p1a: Donphan|219\/351
|
|upkeep
|turn|5
|choice|move stealthrock|switch 6
|
|switch|p2a: Swellow|Swellow, M|261\/261
|move|p1a: Donphan|Stealth Rock|p2a: Swellow
|-sidestart|p2: der gaviols|move: Stealth Rock
|
|upkeep
|turn|6
|choice|move roar|move hiddenpower
|
|move|p2a: Swellow|Hidden Power|p1a: Donphan
|-damage|p1a: Donphan|139\/351
|move|p1a: Donphan|Roar|p2a: Swellow
|drag|p2a: Celebi|Celebi|404\/404
|-damage|p2a: Celebi|354\/404|[from] Stealth Rock
|
|-heal|p2a: Celebi|379\/404|[from] item: Leftovers
|upkeep
|turn|7
|choice|switch 4|move gigadrain
|
|switch|p1a: Heliolisk|Heliolisk, M|265\/265
|-item|p1a: Heliolisk|Air Balloon
|move|p2a: Celebi|Giga Drain|p1a: Heliolisk
|-damage|p1a: Heliolisk|166\/265
|-heal|p2a: Celebi|404\/404|[from] drain|[of] p1a: Heliolisk
|-enditem|p1a: Heliolisk|Air Balloon
|
|upkeep
|turn|8
|choice|move hypervoice|move gigadrain
|
|move|p1a: Heliolisk|Hyper Voice|p2a: Celebi
|-damage|p2a: Celebi|310\/404
|move|p2a: Celebi|Giga Drain|p1a: Heliolisk
|-damage|p1a: Heliolisk|78\/265
|-heal|p2a: Celebi|354\/404|[from] drain|[of] p1a: Heliolisk
|
|-heal|p2a: Celebi|379\/404|[from] item: Leftovers
|upkeep
|turn|9
|choice|move voltswitch|move gigadrain
|
|move|p1a: Heliolisk|Volt Switch|p2a: Celebi
|-resisted|p2a: Celebi
|-damage|p2a: Celebi|340\/404
|choice|switch 2|
|
|switch|p1a: Whimsicott|Whimsicott, M|261\/261
|move|p2a: Celebi|Giga Drain|p1a: Whimsicott
|-resisted|p1a: Whimsicott
|-damage|p1a: Whimsicott|203\/261
|-heal|p2a: Celebi|369\/404|[from] drain|[of] p1a: Whimsicott
|
|-heal|p2a: Celebi|394\/404|[from] item: Leftovers
|upkeep
|turn|10
|choice|move moonblast|move psychic
|
|move|p1a: Whimsicott|Moonblast|p2a: Celebi
|-crit|p2a: Celebi
|-damage|p2a: Celebi|232\/404
|-unboost|p2a: Celebi|spa|1
|move|p2a: Celebi|Psychic|p1a: Whimsicott
|-damage|p1a: Whimsicott|121\/261
|
|-heal|p2a: Celebi|257\/404|[from] item: Leftovers
|upkeep
|turn|11
|choice|move moonblast|switch 5
|
|switch|p2a: Blastoise|Blastoise, M|362\/362
|-damage|p2a: Blastoise|317\/362|[from] Stealth Rock
|move|p1a: Whimsicott|Moonblast|p2a: Blastoise
|-damage|p2a: Blastoise|251\/362
|
|upkeep
|turn|12
|choice|switch 6|move icebeam
|
|switch|p1a: Toxicroak|Toxicroak, F|307\/307
|move|p2a: Blastoise|Ice Beam|p1a: Toxicroak
|-damage|p1a: Toxicroak|220\/307
|
|upkeep
|turn|13
|choice|move gunkshot|switch 6
|
|switch|p2a: Aggron|Aggron-Mega, M|175\/281
|-damage|p2a: Aggron|158\/281|[from] Stealth Rock
|move|p1a: Toxicroak|Gunk Shot|p2a: Aggron
|-immune|p2a: Aggron|[msg]
|
|upkeep
|turn|14
|choice|switch 4|move earthquake
|
|switch|p1a: Donphan|Donphan, F|139\/351
|move|p2a: Aggron|Earthquake|p1a: Donphan
|-damage|p1a: Donphan|20\/351
|
|upkeep
|turn|15
|choice|move earthquake|move earthquake
|-enditem|p1a: Donphan|Custap Berry|[eat]
|-activate|p1a: Donphan|item: Custap Berry
|
|move|p1a: Donphan|Earthquake|p2a: Aggron
|-supereffective|p2a: Aggron
|-damage|p2a: Aggron|26\/281
|move|p2a: Aggron|Earthquake|p1a: Donphan
|-damage|p1a: Donphan|0 fnt
|faint|p1a: Donphan
|
|upkeep
|choice|switch 2|
|
|switch|p1a: Heliolisk|Heliolisk, M|78\/265
|turn|16
|choice|move hypervoice|switch 5
|
|switch|p2a: Celebi|Celebi|257\/404
|-damage|p2a: Celebi|207\/404|[from] Stealth Rock
|move|p1a: Heliolisk|Hyper Voice|p2a: Celebi
|-damage|p2a: Celebi|98\/404
|
|-heal|p2a: Celebi|123\/404|[from] item: Leftovers
|upkeep
|turn|17
|choice|move hypervoice|move gigadrain
|
|move|p1a: Heliolisk|Hyper Voice|p2a: Celebi
|-damage|p2a: Celebi|21\/404
|move|p2a: Celebi|Giga Drain|p1a: Heliolisk
|-damage|p1a: Heliolisk|0 fnt
|-heal|p2a: Celebi|60\/404|[from] drain|[of] p1a: Heliolisk
|faint|p1a: Heliolisk
|
|-heal|p2a: Celebi|85\/404|[from] item: Leftovers
|upkeep
|choice|switch 6|
|
|switch|p1a: Whimsicott|Whimsicott, M|121\/261
|turn|18
|choice|move moonblast|switch 6
|
|switch|p2a: Blastoise|Blastoise, M|251\/362
|-damage|p2a: Blastoise|206\/362|[from] Stealth Rock
|move|p1a: Whimsicott|Moonblast|p2a: Blastoise
|-damage|p2a: Blastoise|137\/362
|-unboost|p2a: Blastoise|spa|1
|
|upkeep
|turn|19
|choice|move gigadrain|move rapidspin
|
|move|p1a: Whimsicott|Giga Drain|p2a: Blastoise
|-supereffective|p2a: Blastoise
|-damage|p2a: Blastoise|47\/362
|-heal|p1a: Whimsicott|166\/261|[from] drain|[of] p2a: Blastoise
|move|p2a: Blastoise|Rapid Spin|p1a: Whimsicott
|-damage|p1a: Whimsicott|153\/261
|-sideend|p2: der gaviols|Stealth Rock|[from] move: Rapid Spin|[of] p2a: Blastoise
|
|upkeep
|turn|20
|inactive|Battle timer is ON: inactive players will automatically lose when time's up. (requested by Parnstar)
|choice|move moonblast|move scald
|
|move|p1a: Whimsicott|Moonblast|p2a: Blastoise
|-damage|p2a: Blastoise|0 fnt
|faint|p2a: Blastoise
|
|upkeep
|choice||switch 4
|
|switch|p2a: Swellow|Swellow, M|261\/261
|turn|21
|choice|move naturepower|move boomburst
|
|move|p1a: Whimsicott|Nature Power|p2a: Swellow
|move|p1a: Whimsicott|Tri Attack|p2a: Swellow|[from]Nature Power
|-damage|p2a: Swellow|127\/261
|move|p2a: Swellow|Boomburst|p1a: Whimsicott
|-damage|p1a: Whimsicott|0 fnt
|faint|p1a: Whimsicott
|
|upkeep
|choice|switch 5|
|
|switch|p1a: Crawdaunt|Crawdaunt, M|267\/267
|turn|22
|choice|move aquajet|move boomburst
|
|move|p1a: Crawdaunt|Aqua Jet|p2a: Swellow
|-damage|p2a: Swellow|0 fnt
|faint|p2a: Swellow
|
|upkeep
|choice||switch 6
|
|switch|p2a: Celebi|Celebi|85\/404
|turn|23
|choice|switch 4|move gigadrain
|
|switch|p1a: Toxicroak|Toxicroak, F|220\/307
|move|p2a: Celebi|Giga Drain|p1a: Toxicroak
|-resisted|p1a: Toxicroak
|-damage|p1a: Toxicroak|152\/307
|-heal|p2a: Celebi|119\/404|[from] drain|[of] p1a: Toxicroak
|
|-heal|p2a: Celebi|144\/404|[from] item: Leftovers
|upkeep
|turn|24
|choice|move suckerpunch|move recover
|
|move|p1a: Toxicroak|Sucker Punch|p2a: Celebi|[still]
|-fail|p1a: Toxicroak
|move|p2a: Celebi|Recover|p2a: Celebi
|-heal|p2a: Celebi|346\/404
|
|-heal|p2a: Celebi|371\/404|[from] item: Leftovers
|upkeep
|turn|25
|choice|move suckerpunch|move psychic
|
|move|p1a: Toxicroak|Sucker Punch|p2a: Celebi
|-supereffective|p2a: Celebi
|-damage|p2a: Celebi|132\/404
|-damage|p1a: Toxicroak|122\/307|[from] item: Life Orb
|move|p2a: Celebi|Psychic|p1a: Toxicroak
|-supereffective|p1a: Toxicroak
|-crit|p1a: Toxicroak
|-damage|p1a: Toxicroak|0 fnt
|faint|p1a: Toxicroak
|
|-heal|p2a: Celebi|157\/404|[from] item: Leftovers
|upkeep
|choice|switch 4|
|
|switch|p1a: Crawdaunt|Crawdaunt, M|267\/267
|turn|26
|choice|move knockoff|move gigadrain
|
|move|p2a: Celebi|Giga Drain|p1a: Crawdaunt
|-supereffective|p1a: Crawdaunt
|-enditem|p1a: Crawdaunt|Focus Sash
|-damage|p1a: Crawdaunt|1\/267
|-heal|p2a: Celebi|290\/404|[from] drain|[of] p1a: Crawdaunt
|move|p1a: Crawdaunt|Knock Off|p2a: Celebi
|-supereffective|p2a: Celebi
|-damage|p2a: Celebi|0 fnt
|-enditem|p2a: Celebi|Leftovers|[from] move: Knock Off|[of] p1a: Crawdaunt
|faint|p2a: Celebi
|
|upkeep
|choice||switch 2
|
|switch|p2a: Mismagius|Mismagius, F|261\/261
|turn|27
|choice|move aquajet|move shadowball
|
|move|p1a: Crawdaunt|Aqua Jet|p2a: Mismagius
|-damage|p2a: Mismagius|117\/261
|move|p2a: Mismagius|Shadow Ball|p1a: Crawdaunt
|-resisted|p1a: Crawdaunt
|-damage|p1a: Crawdaunt|0 fnt
|faint|p1a: Crawdaunt
|
|win|der gaviols
|raw|Parnstar's rating: 1209 &rarr; <strong>1174<\/strong><br \/>(-35 for losing)
|raw|der gaviols's rating: 1058 &rarr; <strong>1102<\/strong><br \/>(+44 for winning)</script>
</div>
<div class="battle-log battle-log-inline"><div class="inner"><div class="battle-options"></div><div class="inner"><div class="chat"><small>Parnstar joined.</small></div><div class="chat"><small>der gaviols joined.</small></div><div class=""><small>Format:</small> <br><strong>UU</strong></div><div class="rated"><strong>Rated battle</strong></div><div class=""><small><em>Sleep Clause Mod:</em> Limit one foe put to sleep</small></div><div class=""><small><em>Species Clause:</em> Limit one of each Pokémon</small></div><div class=""><small><em>OHKO Clause:</em> OHKO moves are banned</small></div><div class=""><small><em>Moody Clause:</em> Moody is banned</small></div><div class=""><small><em>Evasion Moves Clause:</em> Evasion moves are banned</small></div><div class=""><small><em>Endless Battle Clause:</em> Forcing endless battles is banned</small></div><div class=""><small><em>HP Percentage Mod:</em> HP is shown in percentages</small></div><div class=""><small><em>Swagger Clause:</em> Swagger is banned</small></div><div class=""><small><em>Baton Pass Clause:</em> Limit one Baton Passer, can't pass Spe and other stats simultaneously</small></div><div class="chat battle-history"><strong>Parnstar's team:</strong> <em style="color:#445566;display:block;">Heliolisk / Donphan / Whimsicott / Mamoswine / Crawdaunt / Toxicroak</em></div><div class="chat battle-history"><strong>der gaviols's team:</strong> <em style="color:#445566;display:block;">Aggron / Mismagius / Conkeldurr / Celebi / Blastoise / Swellow</em></div><div class="spacer battle-history"><br></div><div class="battle-history">Battle started between Parnstar and der gaviols!<br></div><div class="spacer battle-history"><br></div><div class="battle-history">Go! <strong>Mamoswine</strong>!<br></div><div class="spacer battle-history"><br></div><div class="battle-history">der gaviols sent out <strong>Conkeldurr</strong>!<br></div><div class="spacer battle-history"><br></div><h2 class="battle-history">Turn 1</h2><div class="spacer battle-history"><br></div><div class="battle-history">The opposing Conkeldurr used <strong>Mach Punch</strong>!<br></div><div class="battle-history"><small>It's super effective!</small><br></div><div class="battle-history"><small>(Mamoswine lost <abbr title="−260/361">72.0%</abbr> of its health!)</small><br></div><div class="spacer battle-history"><br></div><div class="battle-history">Mamoswine used <strong>Icicle Crash</strong>!<br></div><div class="battle-history"><small>(The opposing Conkeldurr lost <abbr title="−175/351">49.9%</abbr> of its health!)</small><br></div><div class="spacer battle-history"><br></div><h2 class="battle-history">Turn 2</h2><div class="spacer battle-history"><br></div><div class="battle-history">Mamoswine used <strong>Ice Shard</strong>!<br></div><div class="battle-history"><small>(The opposing Conkeldurr lost <abbr title="−90/351">25.6%</abbr> of its health!)</small><br></div><div class="spacer battle-history"><br></div><div class="battle-history">The opposing Conkeldurr used <strong>Drain Punch</strong>!<br></div><div class="battle-history"><small>It's super effective!</small><br></div><div class="battle-history"><small>(Mamoswine lost <abbr title="−101/361">28.0%</abbr> of its health!)</small><br></div><div class="battle-history"><small>Mamoswine had its energy drained!</small><br></div><div class="spacer battle-history"><br></div><div class="battle-history">Mamoswine fainted!<br></div><div class="spacer battle-history"><br></div><div class="battle-history">Go! <strong>Whimsicott</strong>!<br></div><div class="spacer battle-history"><br></div><h2 class="battle-history">Turn 3</h2><div class="spacer battle-history"><br></div><div class="battle-history">der gaviols withdrew Conkeldurr!<br></div><div class="battle-history">der gaviols sent out <strong>Aggron</strong>!<br></div><div class="spacer battle-history"><br></div><div class="battle-history">Whimsicott used <strong>Moonblast</strong>!<br></div><div class="battle-history"><small>It's not very effective...</small><br></div><div class="battle-history"><small>(The opposing Aggron lost <abbr title="−106/281">37.7%</abbr> of its health!)</small><br></div><div class="spacer battle-history"><br></div><h2 class="battle-history">Turn 4</h2><div class="spacer battle-history"><br></div><div class="battle-history">Whimsicott, come back!<br></div><div class="battle-history">Go! <strong>Donphan</strong>!<br></div><div class="spacer battle-history"><br></div><div class="battle-history"><small>The opposing Aggron's Aggronite is reacting to der gaviols's Mega Bracelet!</small><br>The opposing Aggron has Mega Evolved into Mega Aggron!<br></div><div class="spacer battle-history"><br></div><div class="battle-history">The opposing Aggron used <strong>Iron Head</strong>!<br></div><div class="battle-history"><small>(Donphan lost <abbr title="−132/351">37.6%</abbr> of its health!)</small><br></div><div class="spacer battle-history"><br></div><h2 class="battle-history">Turn 5</h2><div class="spacer battle-history"><br></div><div class="battle-history">der gaviols withdrew Aggron!<br></div><div class="battle-history">der gaviols sent out <strong>Swellow</strong>!<br></div><div class="spacer battle-history"><br></div><div class="battle-history">Donphan used <strong>Stealth Rock</strong>!<br></div><div class="battle-history"><small>Pointed stones float in the air around the opposing team!</small><br></div><div class="spacer battle-history"><br></div><h2 class="battle-history">Turn 6</h2><div class="spacer battle-history"><br></div><div class="battle-history">The opposing Swellow used <strong>Hidden Power</strong>!<br></div><div class="battle-history"><small>(Donphan lost <abbr title="−80/351">22.8%</abbr> of its health!)</small><br></div><div class="spacer battle-history"><br></div><div class="battle-history">Donphan used <strong>Roar</strong>!<br></div><div class="spacer battle-history"><br></div><div class="battle-history"><strong>Celebi</strong> was dragged out!<br></div><div class="battle-history"><small>Pointed stones dug into the opposing Celebi!</small><br></div><div class="spacer battle-history"><br></div><div class="battle-history"><small>The opposing Celebi restored a little HP using its Leftovers!</small><br></div><div class="spacer battle-history"><br></div><h2 class="battle-history">Turn 7</h2><div class="spacer battle-history"><br></div><div class="battle-history">Donphan, come back!<br></div><div class="battle-history">Go! <strong>Heliolisk</strong>!<br></div><div class="battle-history"><small>Heliolisk floats in the air with its Air Balloon!</small><br></div><div class="spacer battle-history"><br></div><div class="battle-history">The opposing Celebi used <strong>Giga Drain</strong>!<br></div><div class="battle-history"><small>(Heliolisk lost <abbr title="−99/265">37.4%</abbr> of its health!)</small><br></div><div class="battle-history"><small>Heliolisk had its energy drained!</small><br></div><div class="battle-history"><small>Heliolisk's Air Balloon popped!</small><br></div><div class="spacer battle-history"><br></div><h2 class="battle-history">Turn 8</h2><div class="spacer battle-history"><br></div><div class="battle-history">Heliolisk used <strong>Hyper Voice</strong>!<br></div><div class="battle-history"><small>(The opposing Celebi lost <abbr title="−94/404">23.3%</abbr> of its health!)</small><br></div><div class="spacer battle-history"><br></div><div class="battle-history">The opposing Celebi used <strong>Giga Drain</strong>!<br></div><div class="battle-history"><small>(Heliolisk lost <abbr title="−88/265">33.2%</abbr> of its health!)</small><br></div><div class="battle-history"><small>Heliolisk had its energy drained!</small><br></div><div class="spacer battle-history"><br></div><div class="battle-history"><small>The opposing Celebi restored a little HP using its Leftovers!</small><br></div><div class="spacer battle-history"><br></div><h2 class="battle-history">Turn 9</h2><div class="spacer battle-history"><br></div><div class="battle-history">Heliolisk used <strong>Volt Switch</strong>!<br></div><div class="battle-history"><small>It's not very effective...</small><br></div><div class="battle-history"><small>(The opposing Celebi lost <abbr title="−39/404">9.7%</abbr> of its health!)</small><br></div><div class="spacer battle-history"><br></div><div class="battle-history">Heliolisk went back to Parnstar!<br></div><div class="battle-history">Go! <strong>Whimsicott</strong>!<br></div><div class="spacer battle-history"><br></div><div class="battle-history">The opposing Celebi used <strong>Giga Drain</strong>!<br></div><div class="battle-history"><small>It's not very effective...</small><br></div><div class="battle-history"><small>(Whimsicott lost <abbr title="−58/261">22.2%</abbr> of its health!)</small><br></div><div class="battle-history"><small>Whimsicott had its energy drained!</small><br></div><div class="spacer battle-history"><br></div><div class="battle-history"><small>The opposing Celebi restored a little HP using its Leftovers!</small><br></div><div class="spacer battle-history"><br></div><h2 class="battle-history">Turn 10</h2><div class="spacer battle-history"><br></div><div class="battle-history">Whimsicott used <strong>Moonblast</strong>!<br></div><div class="battle-history"><small>A critical hit!</small><br></div><div class="battle-history"><small>(The opposing Celebi lost <abbr title="−162/404">40.1%</abbr> of its health!)</small><br></div><div class="battle-history"><small>The opposing Celebi's Special Attack fell!</small><br></div><div class="spacer battle-history"><br></div><div class="battle-history">The opposing Celebi used <strong>Psychic</strong>!<br></div><div class="battle-history"><small>(Whimsicott lost <abbr title="−82/261">31.4%</abbr> of its health!)</small><br></div><div class="spacer battle-history"><br></div><div class="battle-history"><small>The opposing Celebi restored a little HP using its Leftovers!</small><br></div><div class="spacer battle-history"><br></div><h2 class="battle-history">Turn 11</h2><div class="spacer battle-history"><br></div><div class="battle-history">der gaviols withdrew Celebi!<br></div><div class="battle-history">der gaviols sent out <strong>Blastoise</strong>!<br></div><div class="battle-history"><small>Pointed stones dug into the opposing Blastoise!</small><br></div><div class="spacer battle-history"><br></div><div class="battle-history">Whimsicott used <strong>Moonblast</strong>!<br></div><div class="battle-history"><small>(The opposing Blastoise lost <abbr title="−66/362">18.2%</abbr> of its health!)</small><br></div><div class="spacer battle-history"><br></div><h2 class="battle-history">Turn 12</h2><div class="spacer battle-history"><br></div><div class="battle-history">Whimsicott, come back!<br></div><div class="battle-history">Go! <strong>Toxicroak</strong>!<br></div><div class="spacer battle-history"><br></div><div class="battle-history">The opposing Blastoise used <strong>Ice Beam</strong>!<br></div><div class="battle-history"><small>(Toxicroak lost <abbr title="−87/307">28.3%</abbr> of its health!)</small><br></div><div class="spacer battle-history"><br></div><h2 class="battle-history">Turn 13</h2><div class="spacer battle-history"><br></div><div class="battle-history">der gaviols withdrew Blastoise!<br></div><div class="battle-history">der gaviols sent out Aggron (<strong>Aggron-Mega</strong>)!<br></div><div class="battle-history"><small>Pointed stones dug into the opposing Aggron!</small><br></div><div class="spacer battle-history"><br></div><div class="battle-history">Toxicroak used <strong>Gunk Shot</strong>!<br></div><div class="battle-history"><small>It doesn't affect the opposing Aggron...</small><br></div><div class="spacer battle-history"><br></div><h2 class="battle-history">Turn 14</h2><div class="spacer battle-history"><br></div><div class="battle-history">Toxicroak, come back!<br></div><div class="battle-history">Go! <strong>Donphan</strong>!<br></div><div class="spacer battle-history"><br></div><div class="battle-history">The opposing Aggron used <strong>Earthquake</strong>!<br></div><div class="battle-history"><small>(Donphan lost <abbr title="−119/351">33.9%</abbr> of its health!)</small><br></div><div class="spacer battle-history"><br></div><h2 class="battle-history">Turn 15</h2><div class="spacer battle-history"><br></div><div class="battle-history"><small>Donphan ate its Custap Berry!</small><br></div><div class="battle-history"><small>Donphan's Custap Berry let it move first!</small><br></div><div class="spacer battle-history"><br></div><div class="battle-history">Donphan used <strong>Earthquake</strong>!<br></div><div class="battle-history"><small>It's super effective!</small><br></div><div class="battle-history"><small>(The opposing Aggron lost <abbr title="−132/281">47.0%</abbr> of its health!)</small><br></div><div class="spacer battle-history"><br></div><div class="battle-history">The opposing Aggron used <strong>Earthquake</strong>!<br></div><div class="battle-history"><small>(Donphan lost <abbr title="−20/351">5.7%</abbr> of its health!)</small><br></div><div class="spacer battle-history"><br></div><div class="battle-history">Donphan fainted!<br></div><div class="spacer battle-history"><br></div><div class="battle-history">Go! <strong>Heliolisk</strong>!<br></div><div class="spacer battle-history"><br></div><h2 class="battle-history">Turn 16</h2><div class="spacer battle-history"><br></div><div class="battle-history">der gaviols withdrew Aggron!<br></div><div class="battle-history">der gaviols sent out <strong>Celebi</strong>!<br></div><div class="battle-history"><small>Pointed stones dug into the opposing Celebi!</small><br></div><div class="spacer battle-history"><br></div><div class="battle-history">Heliolisk used <strong>Hyper Voice</strong>!<br></div><div class="battle-history"><small>(The opposing Celebi lost <abbr title="−109/404">27.0%</abbr> of its health!)</small><br></div><div class="spacer battle-history"><br></div><div class="battle-history"><small>The opposing Celebi restored a little HP using its Leftovers!</small><br></div><div class="spacer battle-history"><br></div><h2 class="battle-history">Turn 17</h2><div class="spacer battle-history"><br></div><div class="battle-history">Heliolisk used <strong>Hyper Voice</strong>!<br></div><div class="battle-history"><small>(The opposing Celebi lost <abbr title="−102/404">25.2%</abbr> of its health!)</small><br></div><div class="spacer battle-history"><br></div><div class="battle-history">The opposing Celebi used <strong>Giga Drain</strong>!<br></div><div class="battle-history"><small>(Heliolisk lost <abbr title="−78/265">29.4%</abbr> of its health!)</small><br></div><div class="battle-history"><small>Heliolisk had its energy drained!</small><br></div><div class="spacer battle-history"><br></div><div class="battle-history">Heliolisk fainted!<br></div><div class="spacer battle-history"><br></div><div class="battle-history"><small>The opposing Celebi restored a little HP using its Leftovers!</small><br></div><div class="spacer battle-history"><br></div><div class="battle-history">Go! <strong>Whimsicott</strong>!<br></div><div class="spacer battle-history"><br></div><h2 class="battle-history">Turn 18</h2><div class="spacer battle-history"><br></div><div class="battle-history">der gaviols withdrew Celebi!<br></div><div class="battle-history">der gaviols sent out <strong>Blastoise</strong>!<br></div><div class="battle-history"><small>Pointed stones dug into the opposing Blastoise!</small><br></div><div class="spacer battle-history"><br></div><div class="battle-history">Whimsicott used <strong>Moonblast</strong>!<br></div><div class="battle-history"><small>(The opposing Blastoise lost <abbr title="−69/362">19.1%</abbr> of its health!)</small><br></div><div class="battle-history"><small>The opposing Blastoise's Special Attack fell!</small><br></div><div class="spacer battle-history"><br></div><h2 class="battle-history">Turn 19</h2><div class="spacer battle-history"><br></div><div class="battle-history">Whimsicott used <strong>Giga Drain</strong>!<br></div><div class="battle-history"><small>It's super effective!</small><br></div><div class="battle-history"><small>(The opposing Blastoise lost <abbr title="−90/362">24.9%</abbr> of its health!)</small><br></div><div class="battle-history"><small>The opposing Blastoise had its energy drained!</small><br></div><div class="spacer battle-history"><br></div><div class="battle-history">The opposing Blastoise used <strong>Rapid Spin</strong>!<br></div><div class="battle-history"><small>(Whimsicott lost <abbr title="−13/261">5.0%</abbr> of its health!)</small><br></div><div class="battle-history"><small>The pointed stones disappeared from around the opposing team!</small><br></div><div class="spacer battle-history"><br></div><h2 class="battle-history">Turn 20</h2><div class="chat message-error">Battle timer is ON: inactive players will automatically lose when time's up. (requested by Parnstar)</div><div class="spacer battle-history"><br></div><div class="battle-history">Whimsicott used <strong>Moonblast</strong>!<br></div><div class="battle-history"><small>(The opposing Blastoise lost <abbr title="−47/362">13.0%</abbr> of its health!)</small><br></div><div class="spacer battle-history"><br></div><div class="battle-history">The opposing Blastoise fainted!<br></div><div class="spacer battle-history"><br></div><div class="battle-history">der gaviols sent out <strong>Swellow</strong>!<br></div><div class="spacer battle-history"><br></div><h2 class="battle-history">Turn 21</h2><div class="spacer battle-history"><br></div><div class="battle-history">Whimsicott used <strong>Nature Power</strong>!<br></div><div class="spacer battle-history"><br></div><div class="battle-history">Nature Power turned into Tri Attack!<br></div><div class="battle-history"><small>(The opposing Swellow lost <abbr title="−134/261">51.3%</abbr> of its health!)</small><br></div><div class="spacer battle-history"><br></div><div class="battle-history">The opposing Swellow used <strong>Boomburst</strong>!<br></div><div class="battle-history"><small>(Whimsicott lost <abbr title="−153/261">58.6%</abbr> of its health!)</small><br></div><div class="spacer battle-history"><br></div><div class="battle-history">Whimsicott fainted!<br></div><div class="spacer battle-history"><br></div><div class="battle-history">Go! <strong>Crawdaunt</strong>!<br></div><div class="spacer battle-history"><br></div><h2 class="battle-history">Turn 22</h2><div class="spacer battle-history"><br></div><div class="battle-history">Crawdaunt used <strong>Aqua Jet</strong>!<br></div><div class="battle-history"><small>(The opposing Swellow lost <abbr title="−127/261">48.7%</abbr> of its health!)</small><br></div><div class="spacer battle-history"><br></div><div class="battle-history">The opposing Swellow fainted!<br></div><div class="spacer battle-history"><br></div><div class="battle-history">der gaviols sent out <strong>Celebi</strong>!<br></div><div class="spacer battle-history"><br></div><h2 class="battle-history">Turn 23</h2><div class="spacer battle-history"><br></div><div class="battle-history">Crawdaunt, come back!<br></div><div class="battle-history">Go! <strong>Toxicroak</strong>!<br></div><div class="spacer battle-history"><br></div><div class="battle-history">The opposing Celebi used <strong>Giga Drain</strong>!<br></div><div class="battle-history"><small>It's not very effective...</small><br></div><div class="battle-history"><small>(Toxicroak lost <abbr title="−68/307">22.1%</abbr> of its health!)</small><br></div><div class="battle-history"><small>Toxicroak had its energy drained!</small><br></div><div class="spacer battle-history"><br></div><div class="battle-history"><small>The opposing Celebi restored a little HP using its Leftovers!</small><br></div><div class="spacer battle-history"><br></div><h2 class="battle-history">Turn 24</h2><div class="spacer battle-history"><br></div><div class="battle-history">Toxicroak used <strong>Sucker Punch</strong>!<br></div><div class="battle-history"><small>But it failed!</small><br></div><div class="spacer battle-history"><br></div><div class="battle-history">The opposing Celebi used <strong>Recover</strong>!<br></div><div class="battle-history"><small>The opposing Celebi restored its HP.</small><br></div><div class="spacer battle-history"><br></div><div class="battle-history"><small>The opposing Celebi restored a little HP using its Leftovers!</small><br></div><div class="spacer battle-history"><br></div><h2 class="battle-history">Turn 25</h2><div class="spacer battle-history"><br></div><div class="battle-history">Toxicroak used <strong>Sucker Punch</strong>!<br></div><div class="battle-history"><small>It's super effective!</small><br></div><div class="battle-history"><small>(The opposing Celebi lost <abbr title="−239/404">59.2%</abbr> of its health!)</small><br></div><div class="battle-history"><small>Toxicroak lost some of its HP!</small><br></div><div class="spacer battle-history"><br></div><div class="battle-history">The opposing Celebi used <strong>Psychic</strong>!<br></div><div class="battle-history"><small>It's super effective!</small><br></div><div class="battle-history"><small>A critical hit!</small><br></div><div class="battle-history"><small>(Toxicroak lost <abbr title="−122/307">39.7%</abbr> of its health!)</small><br></div><div class="spacer battle-history"><br></div><div class="battle-history">Toxicroak fainted!<br></div><div class="spacer battle-history"><br></div><div class="battle-history"><small>The opposing Celebi restored a little HP using its Leftovers!</small><br></div><div class="spacer battle-history"><br></div><div class="battle-history">Go! <strong>Crawdaunt</strong>!<br></div><div class="spacer battle-history"><br></div><h2 class="battle-history">Turn 26</h2><div class="spacer battle-history"><br></div><div class="battle-history">The opposing Celebi used <strong>Giga Drain</strong>!<br></div><div class="battle-history"><small>It's super effective!</small><br></div><div class="battle-history"><small>Crawdaunt hung on using its Focus Sash!</small><br></div><div class="battle-history"><small>(Crawdaunt lost <abbr title="−266/267">99.6%</abbr> of its health!)</small><br></div><div class="battle-history"><small>Crawdaunt had its energy drained!</small><br></div><div class="spacer battle-history"><br></div><div class="battle-history">Crawdaunt used <strong>Knock Off</strong>!<br></div><div class="battle-history"><small>It's super effective!</small><br></div><div class="battle-history"><small>(The opposing Celebi lost <abbr title="−290/404">71.8%</abbr> of its health!)</small><br></div><div class="battle-history"><small>Crawdaunt knocked off the opposing Celebi's Leftovers!</small><br></div><div class="spacer battle-history"><br></div><div class="battle-history">The opposing Celebi fainted!<br></div><div class="spacer battle-history"><br></div><div class="battle-history">der gaviols sent out <strong>Mismagius</strong>!<br></div><div class="spacer battle-history"><br></div><h2 class="battle-history">Turn 27</h2><div class="spacer battle-history"><br></div><div class="battle-history">Crawdaunt used <strong>Aqua Jet</strong>!<br></div><div class="battle-history"><small>(The opposing Mismagius lost <abbr title="−144/261">55.2%</abbr> of its health!)</small><br></div><div class="spacer battle-history"><br></div><div class="battle-history">The opposing Mismagius used <strong>Shadow Ball</strong>!<br></div><div class="battle-history"><small>It's not very effective...</small><br></div><div class="battle-history"><small>(Crawdaunt lost <abbr title="−1/267">0.4%</abbr> of its health!)</small><br></div><div class="spacer battle-history"><br></div><div class="battle-history">Crawdaunt fainted!<br></div><div class="spacer battle-history"><br></div><div class="battle-history"><strong>der gaviols</strong> won the battle!<br></div><div class="chat">Parnstar's rating: 1209 → <strong>1174</strong><br>(-35 for losing)</div><div class="chat">der gaviols's rating: 1058 → <strong>1102</strong><br>(+44 for winning)</div></div><div class="inner-preempt"></div></div></div>
</div>
<script>
let daily = Math.floor(Date.now()/1000/60/60/24);document.write('<script src="https://play.pokemonshowdown.com/js/replay-embed.js?version'+daily+'"></'+'script>');
</script>
