<!DOCTYPE html>
<meta charset="utf-8" />
<!-- version 1 -->
<title>UU replay: ParnStar vs. Magkevin</title>
<style>
html,body {font-family:Verdana, sans-serif;font-size:10pt;margin:0;padding:0;}body{padding:12px 0;} .battle-log {font-family:Verdana, sans-serif;font-size:10pt;} .battle-log-inline {border:1px solid #AAAAAA;background:#EEF2F5;color:black;max-width:640px;margin:0 auto 80px;padding-bottom:5px;} .battle-log .inner {padding:4px 8px 0px 8px;} .battle-log .inner-preempt {padding:0 8px 4px 8px;} .battle-log .inner-after {margin-top:0.5em;} .battle-log h2 {margin:0.5em -8px;padding:4px 8px;border:1px solid #AAAAAA;background:#E0E7EA;border-left:0;border-right:0;font-family:Verdana, sans-serif;font-size:13pt;} .battle-log .chat {vertical-align:middle;padding:3px 0 3px 0;font-size:8pt;} .battle-log .chat strong {color:#40576A;} .battle-log .chat em {padding:1px 4px 1px 3px;color:#000000;font-style:normal;} .chat.mine {background:rgba(0,0,0,0.05);margin-left:-8px;margin-right:-8px;padding-left:8px;padding-right:8px;} .spoiler {color:#BBBBBB;background:#BBBBBB;padding:0px 3px;} .spoiler:hover, .spoiler:active, .spoiler-shown {color:#000000;background:#E2E2E2;padding:0px 3px;} .spoiler a {color:#BBBBBB;} .spoiler:hover a, .spoiler:active a, .spoiler-shown a {color:#2288CC;} .chat code, .chat .spoiler:hover code, .chat .spoiler:active code, .chat .spoiler-shown code {border:1px solid #C0C0C0;background:#EEEEEE;color:black;padding:0 2px;} .chat .spoiler code {border:1px solid #CCCCCC;background:#CCCCCC;color:#CCCCCC;} .battle-log .rated {padding:3px 4px;} .battle-log .rated strong {color:white;background:#89A;padding:1px 4px;border-radius:4px;} .spacer {margin-top:0.5em;} .message-announce {background:#6688AA;color:white;padding:1px 4px 2px;} .message-announce a, .broadcast-green a, .broadcast-blue a, .broadcast-red a {color:#DDEEFF;} .broadcast-green {background-color:#559955;color:white;padding:2px 4px;} .broadcast-blue {background-color:#6688AA;color:white;padding:2px 4px;} .infobox {border:1px solid #6688AA;padding:2px 4px;} .infobox-limited {max-height:200px;overflow:auto;overflow-x:hidden;} .broadcast-red {background-color:#AA5544;color:white;padding:2px 4px;} .message-learn-canlearn {font-weight:bold;color:#228822;text-decoration:underline;} .message-learn-cannotlearn {font-weight:bold;color:#CC2222;text-decoration:underline;} .message-effect-weak {font-weight:bold;color:#CC2222;} .message-effect-resist {font-weight:bold;color:#6688AA;} .message-effect-immune {font-weight:bold;color:#666666;} .message-learn-list {margin-top:0;margin-bottom:0;} .message-throttle-notice, .message-error {color:#992222;} .message-overflow, .chat small.message-overflow {font-size:0pt;} .message-overflow::before {font-size:9pt;content:'...';} .subtle {color:#3A4A66;}
</style>
<div class="wrapper replay-wrapper" style="max-width:1180px;margin:0 auto">
<input type="hidden" name="replayid" value="uu-535118273" />
<div class="battle"></div><div class="battle-log"></div><div class="replay-controls"></div><div class="replay-controls-2"></div>
<h1 style="font-weight:normal;text-align:center"><strong>UU</strong><br /><a href="http://pokemonshowdown.com/users/parnstar" class="subtle" target="_blank">ParnStar</a> vs. <a href="http://pokemonshowdown.com/users/magkevin" class="subtle" target="_blank">Magkevin</a></h1>
<script type="text/plain" class="battle-log-data">|j|ParnStar
|j|Magkevin
|player|p1|ParnStar|24
|player|p2|Magkevin|221
|gametype|singles
|gen|6
|tier|UU
|rated
|seed|34116,16455,17838,7813
|rule|Sleep Clause Mod: Limit one foe put to sleep
|rule|Species Clause: Limit one of each Pokémon
|rule|OHKO Clause: OHKO moves are banned
|rule|Moody Clause: Moody is banned
|rule|Evasion Moves Clause: Evasion moves are banned
|rule|Endless Battle Clause: Forcing endless battles is banned
|rule|HP Percentage Mod: HP is shown in percentages
|clearpoke
|poke|p1|Conkeldurr, M, shiny|item
|poke|p1|Magneton, shiny|item
|poke|p1|Porygon-Z|item
|poke|p1|Whimsicott, M, shiny|item
|poke|p1|Entei, shiny|item
|poke|p1|Tentacruel, F|item
|poke|p2|Crobat, M|item
|poke|p2|Gallade, M, shiny|item
|poke|p2|Zoroark, M|item
|poke|p2|Typhlosion, M|item
|poke|p2|Metagross|item
|poke|p2|Garbodor, M|item
|rule|Swagger Clause: Swagger is banned
|rule|Baton Pass Clause: Limit one Baton Passer, can't pass Spe and other stats simultaneously
|teampreview
|choice|team 2, team 1, team 3, team 4, team 5, team 6|team 1, team 3, team 4, team 5, team 6, team 2
|
|start
|switch|p1a: Alpha|Magneton, shiny|303\/303
|switch|p2a: Crobat|Crobat, M|369\/369
|turn|1
|choice|move voltswitch|move uturn
|
|move|p2a: Crobat|U-turn|p1a: Alpha
|-resisted|p1a: Alpha
|-damage|p1a: Alpha|287\/303
|choice||switch 6
|
|switch|p2a: Gallade|Gallade, M, shiny|277\/277
|move|p1a: Alpha|Volt Switch|p2a: Gallade
|-damage|p2a: Gallade|151\/277
|choice|switch 4|
|
|switch|p1a: Presscott|Whimsicott, M, shiny|261\/261
|
|-heal|p2a: Gallade|168\/277|[from] item: Leftovers
|upkeep
|turn|2
|choice|move naturepower|move icepunch
|
|move|p1a: Presscott|Nature Power|p2a: Gallade
|move|p1a: Presscott|Tri Attack|p2a: Gallade|[from]Nature Power
|-damage|p2a: Gallade|118\/277
|move|p2a: Gallade|Ice Punch|p1a: Presscott
|-supereffective|p1a: Presscott
|-damage|p1a: Presscott|59\/261
|
|-heal|p2a: Gallade|135\/277|[from] item: Leftovers
|upkeep
|turn|3
|choice|move moonblast|move drainpunch
|
|move|p1a: Presscott|Moonblast|p2a: Gallade
|-supereffective|p2a: Gallade
|-damage|p2a: Gallade|0 fnt
|faint|p2a: Gallade
|
|upkeep
|choice||switch 6
|
|switch|p2a: Crobat|Crobat, M|369\/369
|turn|4
|choice|move naturepower|move uturn
|
|move|p1a: Presscott|Nature Power|p2a: Crobat
|move|p1a: Presscott|Tri Attack|p2a: Crobat|[from]Nature Power
|-damage|p2a: Crobat|275\/369
|-status|p2a: Crobat|frz
|cant|p2a: Crobat|frz
|
|-heal|p2a: Crobat|298\/369 frz|[from] item: Black Sludge
|upkeep
|turn|5
|choice|move moonblast|move uturn
|
|cant|p2a: Crobat|frz
|move|p1a: Presscott|Moonblast|p2a: Crobat
|-resisted|p2a: Crobat
|-damage|p2a: Crobat|208\/369 frz
|
|-heal|p2a: Crobat|231\/369 frz|[from] item: Black Sludge
|upkeep
|turn|6
|choice|move moonblast|move bravebird
|
|cant|p2a: Crobat|frz
|move|p1a: Presscott|Moonblast|p2a: Crobat
|-resisted|p2a: Crobat
|-damage|p2a: Crobat|129\/369 frz
|-unboost|p2a: Crobat|spa|1
|
|-heal|p2a: Crobat|152\/369 frz|[from] item: Black Sludge
|upkeep
|turn|7
|choice|move moonblast|move uturn
|
|cant|p2a: Crobat|frz
|move|p1a: Presscott|Moonblast|p2a: Crobat
|-resisted|p2a: Crobat
|-damage|p2a: Crobat|50\/369 frz
|
|-heal|p2a: Crobat|73\/369 frz|[from] item: Black Sludge
|upkeep
|turn|8
|choice|move moonblast|move bravebird
|
|cant|p2a: Crobat|frz
|move|p1a: Presscott|Moonblast|p2a: Crobat
|-resisted|p2a: Crobat
|-damage|p2a: Crobat|0 fnt
|faint|p2a: Crobat
|
|upkeep
|choice||switch 2
|
|switch|p2a: Garbodor|Garbodor, M|261\/261
|turn|9
|choice|switch 6|move nastyplot
|
|switch|p1a: Hitomi Tanaka|Tentacruel, F|301\/301
|move|p2a: Garbodor|Nasty Plot|p2a: Garbodor
|-boost|p2a: Garbodor|spa|2
|
|upkeep
|turn|10
|choice|move hydropump|move nastyplot
|
|move|p2a: Garbodor|Nasty Plot|p2a: Garbodor
|-boost|p2a: Garbodor|spa|2
|move|p1a: Hitomi Tanaka|Hydro Pump|p2a: Garbodor
|replace|p2a: Zoroark|Zoroark, M
|-end|p2a: Zoroark|Illusion
|-damage|p2a: Zoroark|63\/261
|
|upkeep
|turn|11
|choice|move hydropump|move darkpulse
|
|move|p2a: Zoroark|Dark Pulse|p1a: Hitomi Tanaka
|-damage|p1a: Hitomi Tanaka|0 fnt
|-damage|p2a: Zoroark|37\/261|[from] item: Life Orb
|faint|p1a: Hitomi Tanaka
|
|upkeep
|choice|switch 6|
|
|switch|p1a: Presscott|Whimsicott, M, shiny|59\/261
|turn|12
|choice|move naturepower|move darkpulse
|
|move|p1a: Presscott|Nature Power|p2a: Zoroark
|move|p1a: Presscott|Tri Attack|p2a: Zoroark|[from]Nature Power
|-damage|p2a: Zoroark|0 fnt
|faint|p2a: Zoroark
|
|upkeep
|choice||switch 3
|
|switch|p2a: Typhlosion|Typhlosion, M|297\/297
|turn|13
|choice|move naturepower|move fireblast
|
|move|p1a: Presscott|Nature Power|p2a: Typhlosion
|move|p1a: Presscott|Tri Attack|p2a: Typhlosion|[from]Nature Power
|-damage|p2a: Typhlosion|206\/297
|move|p2a: Typhlosion|Fire Blast|p1a: Presscott
|-supereffective|p1a: Presscott
|-damage|p1a: Presscott|0 fnt
|faint|p1a: Presscott
|
|upkeep
|choice|switch 5|
|
|switch|p1a: Ash could of caugh|Entei, shiny|371\/371
|-ability|p1a: Ash could of caugh|Pressure
|turn|14
|choice|move bulldoze|switch 5
|
|switch|p2a: Garbodor|Garbodor, M|363\/363
|move|p1a: Ash could of caugh|Bulldoze|p2a: Garbodor
|-supereffective|p2a: Garbodor
|-damage|p2a: Garbodor|233\/363
|-unboost|p2a: Garbodor|spe|1
|
|upkeep
|turn|15
|choice|move sacredfire|move toxicspikes
|
|move|p1a: Ash could of caugh|Sacred Fire|p2a: Garbodor
|-damage|p2a: Garbodor|43\/363
|-status|p2a: Garbodor|brn
|move|p2a: Garbodor|Toxic Spikes|p1a: Ash could of caugh
|-sidestart|p1: ParnStar|move: Toxic Spikes
|
|-damage|p2a: Garbodor|0 fnt|[from] brn
|upkeep
|faint|p2a: Garbodor
|choice||switch 4
|
|switch|p2a: Metagross|Metagross|302\/302
|turn|16
|choice|move sacredfire|move earthquake
|
|move|p1a: Ash could of caugh|Sacred Fire|p2a: Metagross
|-supereffective|p2a: Metagross
|-damage|p2a: Metagross|2\/302
|-status|p2a: Metagross|brn
|move|p2a: Metagross|Earthquake|p1a: Ash could of caugh
|-supereffective|p1a: Ash could of caugh
|-damage|p1a: Ash could of caugh|225\/371
|
|-damage|p2a: Metagross|0 fnt|[from] brn
|upkeep
|faint|p2a: Metagross
|choice||switch 5
|
|switch|p2a: Typhlosion|Typhlosion, M|206\/297
|turn|17
|choice|move bulldoze|move fireblast
|
|move|p2a: Typhlosion|Fire Blast|p1a: Ash could of caugh
|-resisted|p1a: Ash could of caugh
|-damage|p1a: Ash could of caugh|52\/371
|move|p1a: Ash could of caugh|Bulldoze|p2a: Typhlosion
|-supereffective|p2a: Typhlosion
|-damage|p2a: Typhlosion|32\/297
|-unboost|p2a: Typhlosion|spe|1
|
|upkeep
|turn|18
|c|★ParnStar|Gg
|choice|move bulldoze|move fireblast
|
|move|p1a: Ash could of caugh|Bulldoze|p2a: Typhlosion
|-supereffective|p2a: Typhlosion
|-damage|p2a: Typhlosion|0 fnt
|faint|p2a: Typhlosion
|
|win|ParnStar
|player|p1
|player|p2
|c|★Magkevin|:)
|l|Magkevin
|raw|ParnStar's rating: 1521 &rarr; <strong>1530<\/strong><br \/>(+9 for winning)
|raw|Magkevin's rating: 1302 &rarr; <strong>1293<\/strong><br \/>(-9 for losing)</script>
</div>
<div class="battle-log battle-log-inline"><div class="inner"><div class="battle-options"></div><div class="inner"><div class="chat"><small>ParnStar joined.</small></div><div class="chat"><small>Magkevin joined.</small></div><div class=""><small>Format:</small> <br><strong>UU</strong></div><div class="rated"><strong>Rated battle</strong></div><div class=""><small><em>Sleep Clause Mod:</em> Limit one foe put to sleep</small></div><div class=""><small><em>Species Clause:</em> Limit one of each Pokémon</small></div><div class=""><small><em>OHKO Clause:</em> OHKO moves are banned</small></div><div class=""><small><em>Moody Clause:</em> Moody is banned</small></div><div class=""><small><em>Evasion Moves Clause:</em> Evasion moves are banned</small></div><div class=""><small><em>Endless Battle Clause:</em> Forcing endless battles is banned</small></div><div class=""><small><em>HP Percentage Mod:</em> HP is shown in percentages</small></div><div class=""><small><em>Swagger Clause:</em> Swagger is banned</small></div><div class=""><small><em>Baton Pass Clause:</em> Limit one Baton Passer, can't pass Spe and other stats simultaneously</small></div><div class="chat battle-history"><strong>ParnStar's team:</strong> <em style="color:#445566;display:block;">Conkeldurr / Magneton / Porygon-Z / Whimsicott / Entei / Tentacruel</em></div><div class="chat battle-history"><strong>Magkevin's team:</strong> <em style="color:#445566;display:block;">Crobat / Gallade / Zoroark / Typhlosion / Metagross / Garbodor</em></div><div class="spacer battle-history"><br></div><div class="battle-history">Battle started between ParnStar and Magkevin!<br></div><div class="spacer battle-history"><br></div><div class="battle-history">Go! Alpha (<strong>Magneton</strong>)!<br></div><div class="spacer battle-history"><br></div><div class="battle-history">Magkevin sent out <strong>Crobat</strong>!<br></div><div class="spacer battle-history"><br></div><h2 class="battle-history">Turn 1</h2><div class="spacer battle-history"><br></div><div class="battle-history">The opposing Crobat used <strong>U-turn</strong>!<br></div><div class="battle-history"><small>It's not very effective...</small><br></div><div class="battle-history"><small>(Alpha lost <abbr title="−16/303">5.3%</abbr> of its health!)</small><br></div><div class="spacer battle-history"><br></div><div class="battle-history">The opposing Crobat went back to Magkevin!<br></div><div class="battle-history">Magkevin sent out <strong>Gallade</strong>!<br></div><div class="spacer battle-history"><br></div><div class="battle-history">Alpha used <strong>Volt Switch</strong>!<br></div><div class="battle-history"><small>(The opposing Gallade lost <abbr title="−126/277">45.5%</abbr> of its health!)</small><br></div><div class="spacer battle-history"><br></div><div class="battle-history">Alpha went back to ParnStar!<br></div><div class="battle-history">Go! Presscott (<strong>Whimsicott</strong>)!<br></div><div class="spacer battle-history"><br></div><div class="battle-history"><small>The opposing Gallade restored a little HP using its Leftovers!</small><br></div><div class="spacer battle-history"><br></div><h2 class="battle-history">Turn 2</h2><div class="spacer battle-history"><br></div><div class="battle-history">Presscott used <strong>Nature Power</strong>!<br></div><div class="spacer battle-history"><br></div><div class="battle-history">Nature Power turned into Tri Attack!<br></div><div class="battle-history"><small>(The opposing Gallade lost <abbr title="−50/277">18.1%</abbr> of its health!)</small><br></div><div class="spacer battle-history"><br></div><div class="battle-history">The opposing Gallade used <strong>Ice Punch</strong>!<br></div><div class="battle-history"><small>It's super effective!</small><br></div><div class="battle-history"><small>(Presscott lost <abbr title="−202/261">77.4%</abbr> of its health!)</small><br></div><div class="spacer battle-history"><br></div><div class="battle-history"><small>The opposing Gallade restored a little HP using its Leftovers!</small><br></div><div class="spacer battle-history"><br></div><h2 class="battle-history">Turn 3</h2><div class="spacer battle-history"><br></div><div class="battle-history">Presscott used <strong>Moonblast</strong>!<br></div><div class="battle-history"><small>It's super effective!</small><br></div><div class="battle-history"><small>(The opposing Gallade lost <abbr title="−135/277">48.7%</abbr> of its health!)</small><br></div><div class="spacer battle-history"><br></div><div class="battle-history">The opposing Gallade fainted!<br></div><div class="spacer battle-history"><br></div><div class="battle-history">Magkevin sent out <strong>Crobat</strong>!<br></div><div class="spacer battle-history"><br></div><h2 class="battle-history">Turn 4</h2><div class="spacer battle-history"><br></div><div class="battle-history">Presscott used <strong>Nature Power</strong>!<br></div><div class="spacer battle-history"><br></div><div class="battle-history">Nature Power turned into Tri Attack!<br></div><div class="battle-history"><small>(The opposing Crobat lost <abbr title="−94/369">25.5%</abbr> of its health!)</small><br></div><div class="battle-history"><small>The opposing Crobat was frozen solid!</small><br></div><div class="spacer battle-history"><br></div><div class="battle-history">The opposing Crobat is frozen solid!<br></div><div class="spacer battle-history"><br></div><div class="battle-history"><small>The opposing Crobat restored a little HP using its Black Sludge!</small><br></div><div class="spacer battle-history"><br></div><h2 class="battle-history">Turn 5</h2><div class="spacer battle-history"><br></div><div class="battle-history">The opposing Crobat is frozen solid!<br></div><div class="spacer battle-history"><br></div><div class="battle-history">Presscott used <strong>Moonblast</strong>!<br></div><div class="battle-history"><small>It's not very effective...</small><br></div><div class="battle-history"><small>(The opposing Crobat lost <abbr title="−90/369">24.4%</abbr> of its health!)</small><br></div><div class="spacer battle-history"><br></div><div class="battle-history"><small>The opposing Crobat restored a little HP using its Black Sludge!</small><br></div><div class="spacer battle-history"><br></div><h2 class="battle-history">Turn 6</h2><div class="spacer battle-history"><br></div><div class="battle-history">The opposing Crobat is frozen solid!<br></div><div class="spacer battle-history"><br></div><div class="battle-history">Presscott used <strong>Moonblast</strong>!<br></div><div class="battle-history"><small>It's not very effective...</small><br></div><div class="battle-history"><small>(The opposing Crobat lost <abbr title="−102/369">27.6%</abbr> of its health!)</small><br></div><div class="battle-history"><small>The opposing Crobat's Special Attack fell!</small><br></div><div class="spacer battle-history"><br></div><div class="battle-history"><small>The opposing Crobat restored a little HP using its Black Sludge!</small><br></div><div class="spacer battle-history"><br></div><h2 class="battle-history">Turn 7</h2><div class="spacer battle-history"><br></div><div class="battle-history">The opposing Crobat is frozen solid!<br></div><div class="spacer battle-history"><br></div><div class="battle-history">Presscott used <strong>Moonblast</strong>!<br></div><div class="battle-history"><small>It's not very effective...</small><br></div><div class="battle-history"><small>(The opposing Crobat lost <abbr title="−102/369">27.6%</abbr> of its health!)</small><br></div><div class="spacer battle-history"><br></div><div class="battle-history"><small>The opposing Crobat restored a little HP using its Black Sludge!</small><br></div><div class="spacer battle-history"><br></div><h2 class="battle-history">Turn 8</h2><div class="spacer battle-history"><br></div><div class="battle-history">The opposing Crobat is frozen solid!<br></div><div class="spacer battle-history"><br></div><div class="battle-history">Presscott used <strong>Moonblast</strong>!<br></div><div class="battle-history"><small>It's not very effective...</small><br></div><div class="battle-history"><small>(The opposing Crobat lost <abbr title="−73/369">19.8%</abbr> of its health!)</small><br></div><div class="spacer battle-history"><br></div><div class="battle-history">The opposing Crobat fainted!<br></div><div class="spacer battle-history"><br></div><div class="battle-history">Magkevin sent out <strong>Garbodor</strong>!<br></div><div class="spacer battle-history"><br></div><h2 class="battle-history">Turn 9</h2><div class="spacer battle-history"><br></div><div class="battle-history">Presscott, come back!<br></div><div class="battle-history">Go! Hitomi Tanaka (<strong>Tentacruel</strong>)!<br></div><div class="spacer battle-history"><br></div><div class="battle-history">The opposing Garbodor used <strong>Nasty Plot</strong>!<br></div><div class="battle-history"><small>The opposing Garbodor's Special Attack rose sharply!</small><br></div><div class="spacer battle-history"><br></div><h2 class="battle-history">Turn 10</h2><div class="spacer battle-history"><br></div><div class="battle-history">The opposing Garbodor used <strong>Nasty Plot</strong>!<br></div><div class="battle-history"><small>The opposing Garbodor's Special Attack rose sharply!</small><br></div><div class="spacer battle-history"><br></div><div class="battle-history">Hitomi Tanaka used <strong>Hydro Pump</strong>!<br></div><div class="battle-history"><small>The opposing Zoroark's illusion wore off!</small><br></div><div class="battle-history"><small>(The opposing Zoroark lost <abbr title="−198/261">75.9%</abbr> of its health!)</small><br></div><div class="spacer battle-history"><br></div><h2 class="battle-history">Turn 11</h2><div class="spacer battle-history"><br></div><div class="battle-history">The opposing Zoroark used <strong>Dark Pulse</strong>!<br></div><div class="battle-history"><small>(Hitomi Tanaka lost <abbr title="−301/301">100%</abbr> of its health!)</small><br></div><div class="battle-history"><small>The opposing Zoroark lost some of its HP!</small><br></div><div class="spacer battle-history"><br></div><div class="battle-history">Hitomi Tanaka fainted!<br></div><div class="spacer battle-history"><br></div><div class="battle-history">Go! Presscott (<strong>Whimsicott</strong>)!<br></div><div class="spacer battle-history"><br></div><h2 class="battle-history">Turn 12</h2><div class="spacer battle-history"><br></div><div class="battle-history">Presscott used <strong>Nature Power</strong>!<br></div><div class="spacer battle-history"><br></div><div class="battle-history">Nature Power turned into Tri Attack!<br></div><div class="battle-history"><small>(The opposing Zoroark lost <abbr title="−37/261">14.2%</abbr> of its health!)</small><br></div><div class="spacer battle-history"><br></div><div class="battle-history">The opposing Zoroark fainted!<br></div><div class="spacer battle-history"><br></div><div class="battle-history">Magkevin sent out <strong>Typhlosion</strong>!<br></div><div class="spacer battle-history"><br></div><h2 class="battle-history">Turn 13</h2><div class="spacer battle-history"><br></div><div class="battle-history">Presscott used <strong>Nature Power</strong>!<br></div><div class="spacer battle-history"><br></div><div class="battle-history">Nature Power turned into Tri Attack!<br></div><div class="battle-history"><small>(The opposing Typhlosion lost <abbr title="−91/297">30.6%</abbr> of its health!)</small><br></div><div class="spacer battle-history"><br></div><div class="battle-history">The opposing Typhlosion used <strong>Fire Blast</strong>!<br></div><div class="battle-history"><small>It's super effective!</small><br></div><div class="battle-history"><small>(Presscott lost <abbr title="−59/261">22.6%</abbr> of its health!)</small><br></div><div class="spacer battle-history"><br></div><div class="battle-history">Presscott fainted!<br></div><div class="spacer battle-history"><br></div><div class="battle-history">Go! Ash could of caugh (<strong>Entei</strong>)!<br></div><div class="battle-history"><small>[Ash could of caugh's Pressure]</small><br><small>Ash could of caugh is exerting its pressure!</small><br></div><div class="spacer battle-history"><br></div><h2 class="battle-history">Turn 14</h2><div class="spacer battle-history"><br></div><div class="battle-history">Magkevin withdrew Typhlosion!<br></div><div class="battle-history">Magkevin sent out <strong>Garbodor</strong>!<br></div><div class="spacer battle-history"><br></div><div class="battle-history">Ash could of caugh used <strong>Bulldoze</strong>!<br></div><div class="battle-history"><small>It's super effective!</small><br></div><div class="battle-history"><small>(The opposing Garbodor lost <abbr title="−130/363">35.8%</abbr> of its health!)</small><br></div><div class="battle-history"><small>The opposing Garbodor's Speed fell!</small><br></div><div class="spacer battle-history"><br></div><h2 class="battle-history">Turn 15</h2><div class="spacer battle-history"><br></div><div class="battle-history">Ash could of caugh used <strong>Sacred Fire</strong>!<br></div><div class="battle-history"><small>(The opposing Garbodor lost <abbr title="−190/363">52.3%</abbr> of its health!)</small><br></div><div class="battle-history"><small>The opposing Garbodor was burned!</small><br></div><div class="spacer battle-history"><br></div><div class="battle-history">The opposing Garbodor used <strong>Toxic Spikes</strong>!<br></div><div class="battle-history"><small>Poison spikes were scattered on the ground all around your team!</small><br></div><div class="spacer battle-history"><br></div><div class="battle-history"><small>The opposing Garbodor was hurt by its burn!</small><br></div><div class="spacer battle-history"><br></div><div class="battle-history">The opposing Garbodor fainted!<br></div><div class="spacer battle-history"><br></div><div class="battle-history">Magkevin sent out <strong>Metagross</strong>!<br></div><div class="spacer battle-history"><br></div><h2 class="battle-history">Turn 16</h2><div class="spacer battle-history"><br></div><div class="battle-history">Ash could of caugh used <strong>Sacred Fire</strong>!<br></div><div class="battle-history"><small>It's super effective!</small><br></div><div class="battle-history"><small>(The opposing Metagross lost <abbr title="−300/302">99.3%</abbr> of its health!)</small><br></div><div class="battle-history"><small>The opposing Metagross was burned!</small><br></div><div class="spacer battle-history"><br></div><div class="battle-history">The opposing Metagross used <strong>Earthquake</strong>!<br></div><div class="battle-history"><small>It's super effective!</small><br></div><div class="battle-history"><small>(Ash could of caugh lost <abbr title="−146/371">39.4%</abbr> of its health!)</small><br></div><div class="spacer battle-history"><br></div><div class="battle-history"><small>The opposing Metagross was hurt by its burn!</small><br></div><div class="spacer battle-history"><br></div><div class="battle-history">The opposing Metagross fainted!<br></div><div class="spacer battle-history"><br></div><div class="battle-history">Magkevin sent out <strong>Typhlosion</strong>!<br></div><div class="spacer battle-history"><br></div><h2 class="battle-history">Turn 17</h2><div class="spacer battle-history"><br></div><div class="battle-history">The opposing Typhlosion used <strong>Fire Blast</strong>!<br></div><div class="battle-history"><small>It's not very effective...</small><br></div><div class="battle-history"><small>(Ash could of caugh lost <abbr title="−173/371">46.6%</abbr> of its health!)</small><br></div><div class="spacer battle-history"><br></div><div class="battle-history">Ash could of caugh used <strong>Bulldoze</strong>!<br></div><div class="battle-history"><small>It's super effective!</small><br></div><div class="battle-history"><small>(The opposing Typhlosion lost <abbr title="−174/297">58.6%</abbr> of its health!)</small><br></div><div class="battle-history"><small>The opposing Typhlosion's Speed fell!</small><br></div><div class="spacer battle-history"><br></div><h2 class="battle-history">Turn 18</h2><div class="chat chatmessage-parnstar"><strong style="color:hsl(41,84%,41.163999978976825%)"><small>★</small><span class="username" data-name="ParnStar">ParnStar</span>:</strong> <em>Gg</em></div><div class="spacer battle-history"><br></div><div class="battle-history">Ash could of caugh used <strong>Bulldoze</strong>!<br></div><div class="battle-history"><small>It's super effective!</small><br></div><div class="battle-history"><small>(The opposing Typhlosion lost <abbr title="−32/297">10.8%</abbr> of its health!)</small><br></div><div class="spacer battle-history"><br></div><div class="battle-history">The opposing Typhlosion fainted!<br></div><div class="spacer battle-history"><br></div><div class="battle-history"><strong>ParnStar</strong> won the battle!<br></div><div class="chat chatmessage-magkevin"><strong style="color:hsl(162,53%,31%)"><small>★</small><span class="username" data-name="Magkevin">Magkevin</span>:</strong> <em>:)</em></div><div class="chat"><small>Magkevin left.</small></div><div class="chat">ParnStar's rating: 1521 → <strong>1530</strong><br>(+9 for winning)</div><div class="chat">Magkevin's rating: 1302 → <strong>1293</strong><br>(-9 for losing)</div></div><div class="inner-preempt"></div></div></div>
</div>
<script>
let daily = Math.floor(Date.now()/1000/60/60/24);document.write('<script src="https://play.pokemonshowdown.com/js/replay-embed.js?version'+daily+'"></'+'script>');
</script>
