<!DOCTYPE html>
<meta charset="utf-8" />
<!-- version 1 -->
<title>UU replay: Teddeh vs. ZoroDark</title>
<style>
html,body {font-family:Verdana, sans-serif;font-size:10pt;margin:0;padding:0;}body{padding:12px 0;} .battle-log {font-family:Verdana, sans-serif;font-size:10pt;} .battle-log-inline {border:1px solid #AAAAAA;background:#EEF2F5;color:black;max-width:640px;margin:0 auto 80px;padding-bottom:5px;} .battle-log .inner {padding:4px 8px 0px 8px;} .battle-log .inner-preempt {padding:0 8px 4px 8px;} .battle-log .inner-after {margin-top:0.5em;} .battle-log h2 {margin:0.5em -8px;padding:4px 8px;border:1px solid #AAAAAA;background:#E0E7EA;border-left:0;border-right:0;font-family:Verdana, sans-serif;font-size:13pt;} .battle-log .chat {vertical-align:middle;padding:3px 0 3px 0;font-size:8pt;} .battle-log .chat strong {color:#40576A;} .battle-log .chat em {padding:1px 4px 1px 3px;color:#000000;font-style:normal;} .chat.mine {background:rgba(0,0,0,0.05);margin-left:-8px;margin-right:-8px;padding-left:8px;padding-right:8px;} .spoiler {color:#BBBBBB;background:#BBBBBB;padding:0px 3px;} .spoiler:hover, .spoiler:active, .spoiler-shown {color:#000000;background:#E2E2E2;padding:0px 3px;} .spoiler a {color:#BBBBBB;} .spoiler:hover a, .spoiler:active a, .spoiler-shown a {color:#2288CC;} .chat code, .chat .spoiler:hover code, .chat .spoiler:active code, .chat .spoiler-shown code {border:1px solid #C0C0C0;background:#EEEEEE;color:black;padding:0 2px;} .chat .spoiler code {border:1px solid #CCCCCC;background:#CCCCCC;color:#CCCCCC;} .battle-log .rated {padding:3px 4px;} .battle-log .rated strong {color:white;background:#89A;padding:1px 4px;border-radius:4px;} .spacer {margin-top:0.5em;} .message-announce {background:#6688AA;color:white;padding:1px 4px 2px;} .message-announce a, .broadcast-green a, .broadcast-blue a, .broadcast-red a {color:#DDEEFF;} .broadcast-green {background-color:#559955;color:white;padding:2px 4px;} .broadcast-blue {background-color:#6688AA;color:white;padding:2px 4px;} .infobox {border:1px solid #6688AA;padding:2px 4px;} .infobox-limited {max-height:200px;overflow:auto;overflow-x:hidden;} .broadcast-red {background-color:#AA5544;color:white;padding:2px 4px;} .message-learn-canlearn {font-weight:bold;color:#228822;text-decoration:underline;} .message-learn-cannotlearn {font-weight:bold;color:#CC2222;text-decoration:underline;} .message-effect-weak {font-weight:bold;color:#CC2222;} .message-effect-resist {font-weight:bold;color:#6688AA;} .message-effect-immune {font-weight:bold;color:#666666;} .message-learn-list {margin-top:0;margin-bottom:0;} .message-throttle-notice, .message-error {color:#992222;} .message-overflow, .chat small.message-overflow {font-size:0pt;} .message-overflow::before {font-size:9pt;content:'...';} .subtle {color:#3A4A66;}
</style>
<div class="wrapper replay-wrapper" style="max-width:1180px;margin:0 auto">
<input type="hidden" name="replayid" value="smogtours-uu-268172" />
<div class="battle"></div><div class="battle-log"></div><div class="replay-controls"></div><div class="replay-controls-2"></div>
<h1 style="font-weight:normal;text-align:center"><strong>UU</strong><br /><a href="http://pokemonshowdown.com/users/teddeh" class="subtle" target="_blank">Teddeh</a> vs. <a href="http://pokemonshowdown.com/users/zorodark" class="subtle" target="_blank">ZoroDark</a></h1>
<script type="text/plain" class="battle-log-data">|inactive|Battle timer is ON: inactive players will automatically lose when time's up.
|J|Teddeh
|J|ZoroDark
|player|p1|Teddeh|264
|player|p2|ZoroDark|1
|gametype|singles
|gen|6
|tier|UU
|seed|23111,27495,35845,24168
|rule|Sleep Clause Mod: Limit one foe put to sleep
|rule|Species Clause: Limit one of each Pokémon
|rule|OHKO Clause: OHKO moves are banned
|rule|Moody Clause: Moody is banned
|rule|Evasion Moves Clause: Evasion moves are banned
|rule|Endless Battle Clause: Forcing endless battles is banned
|rule|HP Percentage Mod: HP is shown in percentages
|clearpoke
|poke|p1|Entei, shiny|item
|poke|p1|Aerodactyl, M|item
|poke|p1|Hydreigon, F|item
|poke|p1|Krookodile, M|item
|poke|p1|Doublade, F|item
|poke|p1|Whimsicott, M|item
|poke|p2|Crobat, F|item
|poke|p2|Empoleon, F|item
|poke|p2|Sylveon, F|item
|poke|p2|Swampert, M|item
|poke|p2|Reuniclus, M|item
|poke|p2|Hydreigon, M|item
|rule|Swagger Clause: Swagger is banned
|rule|Baton Pass Clause: Limit one Baton Passer, can't pass Spe and other stats simultaneously
|teampreview
|c|☆Teddeh|hf
|J|Acsel
|J|Accelgor⏫
|J|soulgazer
|J|hogg
|J|Highways ~ ♆
|c|+soulgazer|o
|J|sombolo
|c|+soulgazer|i thot it was nu
|c|☆ZoroDark|hf!
|c|+soulgazer|cos teddeh was in i
|c|+soulgazer|t
|J|Rennyy ~
|J|pokemon sparrow
|c|+soulgazer|D:
|J|LUCK>SKILL
|J|ABR
|J|amberrlamps
|L|ABR
|choice|team 6, team 2, team 3, team 4, team 5, team 1|team 6, team 2, team 3, team 4, team 5, team 1
|
|start
|switch|p1a: Whimsicott|Whimsicott, M|323\/323
|switch|p2a: Hydreigon|Hydreigon, M|325\/325
|turn|1
|J|Tapu Fini
|J|ABR
|J|SweetPosho
|J|Tricking
|L|amberrlamps
|c|+ABR|go zoro!
|choice|move uturn|switch 2
|
|switch|p2a: Empoleon|Empoleon, F|372\/372
|move|p1a: Whimsicott|U-turn|p2a: Empoleon
|-resisted|p2a: Empoleon
|-damage|p2a: Empoleon|356\/372
|J|Taskr
|choice|switch 4|
|
|switch|p1a: Krookodile|Krookodile, M|331\/331
|-ability|p1a: Krookodile|Intimidate|boost
|-unboost|p2a: Empoleon|atk|1
|
|-heal|p2a: Empoleon|372\/372|[from] item: Leftovers
|upkeep
|turn|2
|J|Alakazamega
|J|Bushtush
|L|Bushtush
|choice|move earthquake|switch 2
|
|switch|p2a: Hydreigon|Hydreigon, M|325\/325
|move|p1a: Krookodile|Earthquake|p2a: Hydreigon
|-immune|p2a: Hydreigon|[msg]|[from] ability: Levitate
|
|upkeep
|turn|3
|J|Bushtush
|J|starmaster
|J|RockyHelmetButplug
|c|+starmaster|zoroGOAT
|L|Bushtush
|choice|move knockoff|switch 6
|
|switch|p2a: Crobat|Crobat, F|311\/311
|move|p1a: Krookodile|Knock Off|p2a: Crobat
|-crit|p2a: Crobat
|-damage|p2a: Crobat|0 fnt
|-enditem|p2a: Crobat|Sky Plate|[from] move: Knock Off|[of] p1a: Krookodile
|-damage|p1a: Krookodile|298\/331|[from] item: Life Orb
|faint|p2a: Crobat
|
|upkeep
|J|Bushtush
|J|Sacri !!_!!
|c|+starmaster|,
|c|☆ZoroDark|rude
|c|+soulgazer|GOAT.
|J|Bouff
|c|+starmaster|jk niggas ass
|c|+SweetPosho|kuk
|c|+sombolo|uupl?
|choice||switch 4
|
|switch|p2a: Swampert|Swampert, M|396\/396
|turn|4
|c|+soulgazer|zorodark is facing a guy who is 2-0 vs CASEDVICTORIE
|J|analysis geek ^()^
|choice|move earthquake|move waterfall mega
|
|detailschange|p2a: Swampert|Swampert-Mega, M
|-mega|p2a: Swampert|Swampert|Swampertite
|move|p1a: Krookodile|Earthquake|p2a: Swampert
|-damage|p2a: Swampert|185\/396
|-damage|p1a: Krookodile|265\/331|[from] item: Life Orb
|move|p2a: Swampert|Waterfall|p1a: Krookodile
|-supereffective|p1a: Krookodile
|-damage|p1a: Krookodile|0 fnt
|faint|p1a: Krookodile
|
|upkeep
|c|+starmaster|never heard of him
|choice|switch 3|
|
|switch|p1a: Hydreigon|Hydreigon, F|325\/325
|turn|5
|c|+starmaster|unless ur talking about redpill alpha case.
|choice|move flashcannon|switch 2
|
|switch|p2a: Empoleon|Empoleon, F|372\/372
|move|p1a: Hydreigon|Flash Cannon|p2a: Empoleon
|-resisted|p2a: Empoleon
|-damage|p2a: Empoleon|348\/372
|
|-heal|p2a: Empoleon|371\/372|[from] item: Leftovers
|upkeep
|turn|6
|L|RockyHelmetButplug
|J|Laevin
|c|+hogg|top 1
|c|+Bouff|dont u mean redpill alpha art major case
|J|RockyHelmetButplug
|choice|switch 4|move stealthrock
|
|switch|p1a: Whimsicott|Whimsicott, M|323\/323
|move|p2a: Empoleon|Stealth Rock|p1a: Whimsicott
|-sidestart|p1: Teddeh|move: Stealth Rock
|
|-heal|p2a: Empoleon|372\/372|[from] item: Leftovers
|upkeep
|turn|7
|L|RockyHelmetButplug
|c|+Bouff|starmaster
|c|+starmaster|fax
|choice|move encore|switch 3
|
|switch|p2a: Sylveon|Sylveon, F|391\/391
|move|p1a: Whimsicott|Encore|p2a: Sylveon
|-fail|p2a: Sylveon
|
|upkeep
|turn|8
|J|2Booty
|c|+analysis geek ^()^|this for uupl?
|c|+hogg|y
|c|+Sacri !!_!!|go teddeh
|choice|move uturn|move wish
|
|move|p1a: Whimsicott|U-turn|p2a: Sylveon
|-resisted|p2a: Sylveon
|-damage|p2a: Sylveon|378\/391
|c|+Highways ~ ♆|no spl
|c|+starmaster|teddeh made 1 goat play
|J|JohnxYiu
|choice|switch 6|
|
|switch|p1a: Entei|Entei, shiny|371\/371
|-damage|p1a: Entei|279\/371|[from] Stealth Rock
|-ability|p1a: Entei|Pressure
|move|p2a: Sylveon|Wish|p2a: Sylveon
|
|-heal|p2a: Sylveon|391\/391|[from] item: Leftovers
|upkeep
|turn|9
|c|+starmaster|he's so good!
|choice|move sacredfire|switch 6
|
|switch|p2a: Hydreigon|Hydreigon, M|325\/325
|move|p1a: Entei|Sacred Fire|p2a: Hydreigon
|-resisted|p2a: Hydreigon
|-damage|p2a: Hydreigon|186\/325
|
|-heal|p2a: Hydreigon|325\/325|[from] move: Wish|[wisher] Sylveon
|upkeep
|turn|10
|choice|switch 6|move darkpulse
|
|switch|p1a: Whimsicott|Whimsicott, M|323\/323
|-damage|p1a: Whimsicott|283\/323|[from] Stealth Rock
|move|p2a: Hydreigon|Dark Pulse|p1a: Whimsicott
|-resisted|p1a: Whimsicott
|-damage|p1a: Whimsicott|171\/323
|-damage|p2a: Hydreigon|293\/325|[from] item: Life Orb
|
|-heal|p1a: Whimsicott|191\/323|[from] item: Leftovers
|upkeep
|turn|11
|J|Low Ladder Heroes
|choice|move moonblast|switch 6
|
|switch|p2a: Sylveon|Sylveon, F|391\/391
|move|p1a: Whimsicott|Moonblast|p2a: Sylveon
|-damage|p2a: Sylveon|321\/391
|-unboost|p2a: Sylveon|spa|1
|
|-heal|p1a: Whimsicott|211\/323|[from] item: Leftovers
|-heal|p2a: Sylveon|345\/391|[from] item: Leftovers
|upkeep
|turn|12
|choice|move uturn|move hypervoice
|
|move|p1a: Whimsicott|U-turn|p2a: Sylveon
|-resisted|p2a: Sylveon
|-damage|p2a: Sylveon|332\/391
|choice|switch 5|
|
|switch|p1a: Doublade|Doublade, F|311\/311
|-damage|p1a: Doublade|292\/311|[from] Stealth Rock
|move|p2a: Sylveon|Hyper Voice|p1a: Doublade
|-resisted|p1a: Doublade
|-damage|p1a: Doublade|238\/311
|
|-heal|p2a: Sylveon|356\/391|[from] item: Leftovers
|upkeep
|turn|13
|J|hairy toenail
|J|RockyHelmetButplug
|choice|move sacredsword|switch 2
|
|switch|p2a: Swampert|Swampert-Mega, M|185\/396
|move|p1a: Doublade|Sacred Sword|p2a: Swampert
|-damage|p2a: Swampert|83\/396
|
|upkeep
|turn|14
|J|Pearl ☆
|choice|switch 4|move icepunch
|
|switch|p1a: Hydreigon|Hydreigon, F|325\/325
|-damage|p1a: Hydreigon|285\/325|[from] Stealth Rock
|move|p2a: Swampert|Ice Punch|p1a: Hydreigon
|-supereffective|p1a: Hydreigon
|-crit|p1a: Hydreigon
|-damage|p1a: Hydreigon|0 fnt
|faint|p1a: Hydreigon
|
|upkeep
|J|Tony
|c|+ABR|GOAT
|c|+Bouff|zorodon
|c|+starmaster|zoroGOAT
|c|%Pearl ☆|whys ted using metalgross's avatar
|c|+starmaster|tht prolly mattered tho
|c|+starmaster|sry teddeh
|J|gorgie
|c|☆ZoroDark|yea it did
|c|%Pearl ☆|it defo did
|c|+ABR|deserved for fire play
|c|+Bouff|whats the
|J|egalvanc ✞
|c|+Bouff|score for this
|c|+Bouff|series
|c|☆ZoroDark|but i would've had a bat if not for the crit
|c|☆ZoroDark|!
|c|+starmaster|0-3
|c|+hogg|2-0
|c|+starmaster|LOL
|J|Becks
|c|+hogg|3-0*
|c|+starmaster|no its 0-3
|J|Poek ★_★
|c|+starmaster|we're bad
|c|+Bouff|dam
|c|+starmaster|thx god
|c|+starmaster|zorogoat
|c|+hogg|nah I like to pretend
|c|+Bouff|i believe in ur squad
|c|+starmaster|gonna nab 1
|c|+Bouff|hogg
|c|+analysis geek ^()^|is that the inventor of the protect lando I see???
|c|+Hikari|should be 0-2
|c|+Bouff|yeah im right here lol
|c|+Hikari|but some hisssssing happened
|c|+hogg|should be 0-2 but
|c|☆ZoroDark|yes
|c|+hogg|hisssss
|c|+ABR|thats me.
|choice|switch 6|
|
|switch|p1a: Entei|Entei, shiny|279\/371
|-damage|p1a: Entei|187\/371|[from] Stealth Rock
|-ability|p1a: Entei|Pressure
|turn|15
|c|+Sacri !!_!!|it should be either 1-2 or 0-3
|c|+Sacri !!_!!|the game would have still happened
|c|+Sacri !!_!!|._.
|choice|move sacredfire|move waterfall
|
|move|p1a: Entei|Sacred Fire|p2a: Swampert
|-resisted|p2a: Swampert
|-damage|p2a: Swampert|0 fnt
|faint|p2a: Swampert
|
|upkeep
|c|+Tony|:snake:
|c|+Hikari|it didn't and they never rematched 
|choice||switch 6
|
|switch|p2a: Hydreigon|Hydreigon, M|293\/325
|turn|16
|choice|switch 5|move darkpulse
|
|switch|p1a: Whimsicott|Whimsicott, M|211\/323
|-damage|p1a: Whimsicott|171\/323|[from] Stealth Rock
|move|p2a: Hydreigon|Dark Pulse|p1a: Whimsicott
|-resisted|p1a: Whimsicott
|-damage|p1a: Whimsicott|66\/323
|-damage|p2a: Hydreigon|261\/325|[from] item: Life Orb
|
|-heal|p1a: Whimsicott|86\/323|[from] item: Leftovers
|upkeep
|turn|17
|c|+soulgazer|rmbr when i took over hikaris starting spot in jaja pl
|c|+soulgazer|im king uu v2
|c|+Bouff|ownage
|c|+Bouff|lol
|choice|move uturn|switch 2
|
|switch|p2a: Sylveon|Sylveon, F|356\/391
|move|p1a: Whimsicott|U-turn|p2a: Sylveon
|-resisted|p2a: Sylveon
|-damage|p2a: Sylveon|343\/391
|c|+Hikari|well sg
|c|+Hikari|I was busy with work and they yelled at me so i said fuck it
|J|Ict
|c|+Ict|zoro xoxoxoxoxo
|c|+Poek ★_★|well done
|c|+Poek ★_★|hikari ur the best
|c|+Ict|poek xoxoxoxoxo
|c|+Tony|who is brave enough to yell at hikari wtf
|J|Christo
|choice|switch 5|
|
|switch|p1a: Entei|Entei, shiny|187\/371
|-damage|p1a: Entei|95\/371|[from] Stealth Rock
|-ability|p1a: Entei|Pressure
|
|-heal|p2a: Sylveon|367\/391|[from] item: Leftovers
|upkeep
|turn|18
|J|confide
|c|+Sacri !!_!!|good question
|c|+Sacri !!_!!|spaniards are wild
|choice|move sacredfire|move protect
|
|move|p2a: Sylveon|Protect|p2a: Sylveon
|-singleturn|p2a: Sylveon|Protect
|move|p1a: Entei|Sacred Fire|p2a: Sylveon
|-activate|p2a: Sylveon|move: Protect
|
|-heal|p2a: Sylveon|391\/391|[from] item: Leftovers
|upkeep
|turn|19
|c|+Hikari|like I was disappointing them or smth 
|c|+Hikari|i spent a week working non-stop
|c|+Hikari|i didn't even do uupl shit during that time
|choice|move sacredfire|switch 2
|
|switch|p2a: Hydreigon|Hydreigon, M|261\/325
|move|p1a: Entei|Sacred Fire|p2a: Hydreigon
|-resisted|p2a: Hydreigon
|-damage|p2a: Hydreigon|102\/325
|-status|p2a: Hydreigon|brn
|
|-damage|p2a: Hydreigon|62\/325 brn|[from] brn
|upkeep
|turn|20
|c|+Hikari|lol
|c|+analysis geek ^()^|what is xy lc like?
|c|+soulgazer|dw
|choice|move sacredfire|move roost
|
|move|p2a: Hydreigon|Roost|p2a: Hydreigon
|-heal|p2a: Hydreigon|225\/325 brn
|move|p1a: Entei|Sacred Fire|p2a: Hydreigon
|-resisted|p2a: Hydreigon
|-damage|p2a: Hydreigon|84\/325 brn
|
|-damage|p2a: Hydreigon|44\/325 brn|[from] brn
|upkeep
|turn|21
|c|+Tony|w\/e they should value having a goat like yourself on their team
|c|+Sacri !!_!!|teddeh more like how
|c|+Ict|why r u asking this here.
|c|+soulgazer|im 2-0 in uu so far for u hikari
|choice|move sacredfire|move roost
|
|move|p2a: Hydreigon|Roost|p2a: Hydreigon
|-heal|p2a: Hydreigon|207\/325 brn
|move|p1a: Entei|Sacred Fire|p2a: Hydreigon
|-resisted|p2a: Hydreigon
|-damage|p2a: Hydreigon|66\/325 brn
|
|-damage|p2a: Hydreigon|26\/325 brn|[from] brn
|upkeep
|turn|22
|choice|move sacredfire|move roost
|
|move|p2a: Hydreigon|Roost|p2a: Hydreigon
|-heal|p2a: Hydreigon|189\/325 brn
|move|p1a: Entei|Sacred Fire|p2a: Hydreigon
|-resisted|p2a: Hydreigon
|-crit|p2a: Hydreigon
|-damage|p2a: Hydreigon|0 fnt
|faint|p2a: Hydreigon
|
|upkeep
|c|+Hikari|gl soulgazer
|c|+Ict|ofc.
|c|☆ZoroDark|alright that's uncool
|c|+Hikari|hope u win
|c|+soulgazer|-
|c|+analysis geek ^()^|because is there a difference between oras and xy lc lol
|c|+soulgazer|yknow whats uncool
|c|+soulgazer|pearl
|c|+soulgazer|lol
|c|%Pearl ☆|hi
|c|+Sacri !!_!!|lol
|c|+Tony|sg who builds for you this year?
|c|+Poek ★_★|what would i be without hikari
|c|+Poek ★_★|i would be
|c|+Poek ★_★|Poek97.
|J|AAamen
|c|+Ict|<- goat himself
|c|+Ict|tony.
|c|+Sacri !!_!!|did u start building sm uu ict
|c|+Ict|y
|c|+Hikari|elodin is now elodin too
|c|+Sacri !!_!!|kk
|c|+Hikari|all thanks to me
|c|+Ict|im already great
|J|Notily
|c|+Hikari|rip papai noel
|c|+Sacri !!_!!|no doubt you are 
|c|+Ict|ive made the best ladder team in existence 
|J|Eo
|c|+Sacri !!_!!|how else could you achieve the creation
|c|+Tony|ict can work around anything when building teams
|c|+Sacri !!_!!|of alomomola ho
|J|Truth
|J|ChillShadow
|c|+Ict|its balance
|J|SamVGC ✿
|c|@Eo|meanwhile poor katheyisme123 is still katheyisme123
|c|+Tony|in pocl we checked cloyster by dodging pump, which he then skillfully did
|c|%Pearl ☆|soulgazer
|c|+Ict|Lol tony
|c|%Pearl ☆|accel and sparrow play after this 1
|c|+Hikari|i should prolly do the rest of the name change queue
|c|+Hikari|but tbh im lazy
|c|+Ict|He shouldve just used surg
|c|%Pearl ☆|do u wanna start now or wait
|c|+Ict|not my fault
|c|+Ict|surf*
|c|+Hikari|so I only touched the people i liked
|c|+Bouff|wait till after
|c|+Tony|true
|c|+Sacri !!_!!|u did ht's also
|c|+Poek ★_★|goat
|c|+Bouff|accel sparrow
|c|+Bouff|tht happens
|c|+hairy toenail|what
|c|+Bouff|right after
|c|+Bouff|this
|c|+Sacri !!_!!|name change
|c|+hairy toenail|oh
|c|+Ict|Sg have u practised with the team even
|c|+hairy toenail|hikari goat 
|c|+Sacri !!_!!|when are you going to change it on ps btw
|c|+Hikari|baaaaa
|c|+Tony|did you just ask sg to practise 
|c|+hairy toenail|idk ill have to ask
|c|+hairy toenail|zarel
|L|soulgazer
|c|+hairy toenail|or ill make eyan ask him
|c|+Sacri !!_!!|is someone rlly called HT
|c|+Ict|zoro needs srs ghosting
|c|+hairy toenail|yea some fucker took it
|choice||switch 5
|
|switch|p2a: Reuniclus|Reuniclus, M|424\/424
|turn|23
|c|+Sacri !!_!!|damn.
|choice|switch 4|move psyshock
|
|switch|p1a: Doublade|Doublade, F|238\/311
|-damage|p1a: Doublade|219\/311|[from] Stealth Rock
|move|p2a: Reuniclus|Psyshock|p1a: Doublade
|-resisted|p1a: Doublade
|-damage|p1a: Doublade|190\/311
|
|upkeep
|turn|24
|choice|move sacredsword|switch 3
|
|switch|p2a: Empoleon|Empoleon, F|372\/372
|move|p1a: Doublade|Sacred Sword|p2a: Empoleon
|-supereffective|p2a: Empoleon
|-damage|p2a: Empoleon|138\/372
|
|-heal|p2a: Empoleon|161\/372|[from] item: Leftovers
|upkeep
|turn|25
|c|+Sacri !!_!!|is teddeh human
|c|+SamVGC ✿|goat
|choice|switch 5|move knockoff
|
|switch|p1a: Whimsicott|Whimsicott, M|86\/323
|-damage|p1a: Whimsicott|46\/323|[from] Stealth Rock
|move|p2a: Empoleon|Knock Off|p1a: Whimsicott
|-resisted|p1a: Whimsicott
|-damage|p1a: Whimsicott|9\/323
|-enditem|p1a: Whimsicott|Leftovers|[from] move: Knock Off|[of] p2a: Empoleon
|
|-heal|p2a: Empoleon|184\/372|[from] item: Leftovers
|upkeep
|turn|26
|choice|move gigadrain|switch 2
|
|switch|p2a: Sylveon|Sylveon, F|391\/391
|move|p1a: Whimsicott|Giga Drain|p2a: Sylveon
|-damage|p2a: Sylveon|333\/391
|-heal|p1a: Whimsicott|38\/323|[from] drain|[of] p2a: Sylveon
|
|-heal|p2a: Sylveon|357\/391|[from] item: Leftovers
|upkeep
|turn|27
|J|cappino
|L|gorgie
|c|+Ict|Ungood play
|choice|move uturn|move wish
|
|move|p1a: Whimsicott|U-turn|p2a: Sylveon
|-resisted|p2a: Sylveon
|-damage|p2a: Sylveon|343\/391
|choice|switch 5|
|
|switch|p1a: Doublade|Doublade, F|190\/311
|-damage|p1a: Doublade|171\/311|[from] Stealth Rock
|move|p2a: Sylveon|Wish|p2a: Sylveon
|
|-heal|p2a: Sylveon|367\/391|[from] item: Leftovers
|upkeep
|turn|28
|J|slurmz®
|c|☆Teddeh|calc
|c|+slurmz®|TEDDY BEAR
|c|+slurmz®|lgi.
|c|+Ict|wait
|c|+Ict|doesnt sylv wall this 
|c|+Ict|doub
|J|Vinc2612
|J|5gen
|c|+Sacri !!_!!|san bylveon
|c|+ChillShadow|hey ict, doublade is a steel type
|c|+Ict|No
|c|+Bouff|why wudnt it have ih
|c|+Ict|It has sword
|c|+Ict|and 
|c|+Ict|Sclaws mandatory
|c|+Low Ladder Heroes|and?
|c|+Ict|lol
|choice|switch 5|move hypervoice
|
|switch|p1a: Whimsicott|Whimsicott, M|38\/323
|-damage|p1a: Whimsicott|0 fnt|[from] Stealth Rock
|faint|p1a: Whimsicott
|move|p2a: Sylveon|Hyper Voice|p1: Whimsicott|[notarget]
|-notarget
|
|-heal|p2a: Sylveon|391\/391|[from] move: Wish|[wisher] Sylveon
|upkeep
|c|+SamVGC ✿|because it doesnt have a head
|choice|switch 4|
|
|switch|p1a: Entei|Entei, shiny|95\/371
|-damage|p1a: Entei|3\/371|[from] Stealth Rock
|-ability|p1a: Entei|Pressure
|turn|29
|c|+Sacri !!_!!|thats a good reasoning
|c|+Ict|if ur not shadow claw thats a horrid set
|c|+slurmz®|TED:goat:
|c|+slurmz®|OMFG
|choice|move flareblitz|move protect
|
|move|p2a: Sylveon|Protect|p2a: Sylveon
|-singleturn|p2a: Sylveon|Protect
|move|p1a: Entei|Flare Blitz|p2a: Sylveon
|-activate|p2a: Sylveon|move: Protect
|
|upkeep
|turn|30
|L|LUCK>SKILL
|J|London Beats
|L|London Beats
|J|shiduihao1
|c|+Ict|1 play here zoro
|J|aefn
|c|☆ZoroDark|hmmm
|c|+Ict|wish then hyper voice on doublades sd 
|c|+Ict|on tect
|c|☆Teddeh|isn't that
|c|☆Teddeh|ghosting
|c|&Vinc2612|one play here => [X]
|L|aefn
|c|+Sacri !!_!!|ict
|c|+slurmz®|X.
|c|+Sacri !!_!!|stfu
|c|+Ict|it is but is it really?
|c|+Sacri !!_!!|lol
|c|+Ict|lol
|L|shiduihao1
|c|&Vinc2612|also
|c|&Vinc2612|rip Ict
|J|rural
|L|Truth
|L|Notily
|c|+Christo|i dont think that is the only play
|c|+Christo|js
|J|Arifeen
|c|+ABR|listen to the slam champion
|c|+ABR|fools
|c|+Arifeen|TEDDEH
|J|Joachim Chelast
|L|Joachim Chelast
|c|☆Teddeh|timer zoro
|J|eastnovel
|c|+slurmz®|Sack empoleon
|c|☆ZoroDark|yea ik
|J|Miguelmart ✖
|J|EroyalBoy
|J|ACakeWearingAHat
|choice|move flareblitz|switch 2
|
|switch|p2a: Empoleon|Empoleon, F|184\/372
|move|p1a: Entei|Flare Blitz|p2a: Empoleon
|-damage|p2a: Empoleon|0 fnt
|-damage|p1a: Entei|0 fnt|[from] recoil|[of] p2a: Empoleon
|faint|p2a: Empoleon
|faint|p1a: Entei
|
|upkeep
|L|rural
|J|rural
|choice|switch 2|switch 2
|
|switch|p1a: Aerodactyl|Aerodactyl, M|301\/301
|switch|p2a: Sylveon|Sylveon, F|391\/391
|-ability|p1a: Aerodactyl|Unnerve|p2: ZoroDark
|-damage|p1a: Aerodactyl|226\/301|[from] Stealth Rock
|turn|31
|c|+Hikari|ban slurmz for ghosting 
|choice|move honeclaws mega|move hypervoice
|
|detailschange|p1a: Aerodactyl|Aerodactyl-Mega, M
|-mega|p1a: Aerodactyl|Aerodactyl|Aerodactylite
|move|p1a: Aerodactyl|Hone Claws|p1a: Aerodactyl
|-boost|p1a: Aerodactyl|atk|1
|-boost|p1a: Aerodactyl|accuracy|1
|move|p2a: Sylveon|Hyper Voice|p1a: Aerodactyl
|-damage|p1a: Aerodactyl|75\/301
|
|upkeep
|turn|32
|J|marrano
|L|eastnovel
|c|+slurmz®|Rip
|choice|move stoneedge|move hypervoice
|
|move|p1a: Aerodactyl|Stone Edge|p2a: Sylveon
|-damage|p2a: Sylveon|120\/391
|move|p2a: Sylveon|Hyper Voice|p1a: Aerodactyl
|-damage|p1a: Aerodactyl|0 fnt
|faint|p1a: Aerodactyl
|
|-heal|p2a: Sylveon|144\/391|[from] item: Leftovers
|upkeep
|J|Notily
|choice|switch 5|
|
|switch|p1a: Doublade|Doublade, F|171\/311
|-damage|p1a: Doublade|152\/311|[from] Stealth Rock
|turn|33
|choice|move ironhead|move hypervoice
|
|move|p2a: Sylveon|Hyper Voice|p1a: Doublade
|-resisted|p1a: Doublade
|-damage|p1a: Doublade|74\/311
|move|p1a: Doublade|Iron Head|p2a: Sylveon
|-supereffective|p2a: Sylveon
|-damage|p2a: Sylveon|0 fnt
|faint|p2a: Sylveon
|
|upkeep
|J|eastnovel
|J|Adam the First
|L|Adam the First
|choice||switch 3
|
|switch|p2a: Reuniclus|Reuniclus, M|424\/424
|turn|34
|c|+Hikari|the fuck are these rolls
|c|+Hikari|why did sylveon do 17% to that
|c|+Hikari|before
|L|analysis geek ^()^
|c|+Sacri !!_!!|spedef doub
|c|+ChillShadow|it was at -1
|c|+Sacri !!_!!|goat
|c|+Accelgor⏫|oh right
|c|+Accelgor⏫|moonblast drop
|c|+Hikari|ah 
|c|+Hikari|silly uu chan
|c|+Hikari|lying to me
|choice|move swordsdance|move psyshock
|
|move|p1a: Doublade|Swords Dance|p1a: Doublade
|-boost|p1a: Doublade|atk|2
|move|p2a: Reuniclus|Psyshock|p1a: Doublade
|-resisted|p1a: Doublade
|-damage|p1a: Doublade|46\/311
|
|upkeep
|turn|35
|L|JohnxYiu
|c|+slurmz®|GGBL
|c|+SweetPosho|kuk
|c|+slurmz®|TEDDEH = GOAT
|c|+SweetPosho|crit
|L|Poek ★_★
|choice|move ironhead|move psyshock
|
|move|p1a: Doublade|Iron Head|p2a: Reuniclus
|-damage|p2a: Reuniclus|157\/424
|cant|p2a: Reuniclus|flinch
|
|upkeep
|turn|36
|choice|move ironhead|move psyshock
|
|move|p1a: Doublade|Iron Head|p2a: Reuniclus
|-damage|p2a: Reuniclus|0 fnt
|faint|p2a: Reuniclus
|
|win|Teddeh
|c|☆Teddeh|gg man
|L|pokemon sparrow
|c|+slurmz®|GOATEDDEH
|c|☆ZoroDark|gg
|L|Low Ladder Heroes
|L|Tricking
|L|marrano
|L|Bushtush
|L|starmaster
|L|rural
|L|Highways ~ ♆
|c|☆Teddeh|close one
|L|sombolo
|L|5gen
|L|Miguelmart ✖
|L|Acsel
|L|Accelgor⏫
|L|SweetPosho
|L|RockyHelmetButplug
|L|confide
|L|ACakeWearingAHat
|L|ChillShadow
|L|Alakazamega
|L|EroyalBoy
|L|Bouff
|L|hairy toenail
|L|Christo
|L|ABR
|L|Notily
|L|eastnovel
|L|Taskr</script>
</div>
<div class="battle-log battle-log-inline"><div class="inner"><div class="battle-options"></div><div class="inner"><div class="chat message-error">Battle timer is ON: inactive players will automatically lose when time's up.</div><div class=""><small>Format:</small> <br><strong>UU</strong></div><div class=""><small><em>Sleep Clause Mod:</em> Limit one foe put to sleep</small></div><div class=""><small><em>Species Clause:</em> Limit one of each Pokémon</small></div><div class=""><small><em>OHKO Clause:</em> OHKO moves are banned</small></div><div class=""><small><em>Moody Clause:</em> Moody is banned</small></div><div class=""><small><em>Evasion Moves Clause:</em> Evasion moves are banned</small></div><div class=""><small><em>Endless Battle Clause:</em> Forcing endless battles is banned</small></div><div class=""><small><em>HP Percentage Mod:</em> HP is shown in percentages</small></div><div class=""><small><em>Swagger Clause:</em> Swagger is banned</small></div><div class=""><small><em>Baton Pass Clause:</em> Limit one Baton Passer, can't pass Spe and other stats simultaneously</small></div><div class="chat battle-history"><strong>Teddeh's team:</strong> <em style="color:#445566;display:block;">Entei / Aerodactyl / Hydreigon / Krookodile / Doublade / Whimsicott</em></div><div class="chat battle-history"><strong>ZoroDark's team:</strong> <em style="color:#445566;display:block;">Crobat / Empoleon / Sylveon / Swampert / Reuniclus / Hydreigon</em></div><div class="chat chatmessage-teddeh"><strong style="color:hsl(158,62%,34%)"><small>☆</small><span class="username" data-name="Teddeh">Teddeh</span>:</strong> <em>hf</em></div><div class="chat chatmessage-soulgazer"><strong style="color:hsl(60,42%,38%)"><small>+</small><span class="username" data-name="soulgazer">soulgazer</span>:</strong> <em>o</em></div><div class="chat chatmessage-soulgazer"><strong style="color:hsl(60,42%,38%)"><small>+</small><span class="username" data-name="soulgazer">soulgazer</span>:</strong> <em>i thot it was nu</em></div><div class="chat chatmessage-zorodark"><strong style="color:hsl(207,42%,46.24263679699702%)"><small>☆</small><span class="username" data-name="ZoroDark">ZoroDark</span>:</strong> <em>hf!</em></div><div class="chat chatmessage-soulgazer"><strong style="color:hsl(60,42%,38%)"><small>+</small><span class="username" data-name="soulgazer">soulgazer</span>:</strong> <em>cos teddeh was in i</em></div><div class="chat chatmessage-soulgazer"><strong style="color:hsl(60,42%,38%)"><small>+</small><span class="username" data-name="soulgazer">soulgazer</span>:</strong> <em>t</em></div><div class="chat chatmessage-soulgazer"><strong style="color:hsl(60,42%,38%)"><small>+</small><span class="username" data-name="soulgazer">soulgazer</span>:</strong> <em>D:</em></div><div class="spacer battle-history"><br></div><div class="battle-history">Battle started between Teddeh and ZoroDark!<br></div><div class="spacer battle-history"><br></div><div class="battle-history">Go! <strong>Whimsicott</strong>!<br></div><div class="spacer battle-history"><br></div><div class="battle-history">ZoroDark sent out <strong>Hydreigon</strong>!<br></div><div class="spacer battle-history"><br></div><h2 class="battle-history">Turn 1</h2><div class="chat chatmessage-abr"><strong style="color:hsl(345,82%,40.06701760144763%)"><small>+</small><span class="username" data-name="ABR">ABR</span>:</strong> <em>go zoro!</em></div><div class="spacer battle-history"><br></div><div class="battle-history">ZoroDark withdrew Hydreigon!<br></div><div class="battle-history">ZoroDark sent out <strong>Empoleon</strong>!<br></div><div class="spacer battle-history"><br></div><div class="battle-history">Whimsicott used <strong>U-turn</strong>!<br></div><div class="battle-history"><small>It's not very effective...</small><br></div><div class="battle-history"><small>(The opposing Empoleon lost <abbr title="−16/372">4.3%</abbr> of its health!)</small><br></div><div class="spacer battle-history"><br></div><div class="battle-history">Whimsicott went back to Teddeh!<br></div><div class="battle-history">Go! <strong>Krookodile</strong>!<br></div><div class="battle-history"><small>[Krookodile's Intimidate]</small><br></div><div class="battle-history"><small>The opposing Empoleon's Attack fell!</small><br></div><div class="spacer battle-history"><br></div><div class="battle-history"><small>The opposing Empoleon restored a little HP using its Leftovers!</small><br></div><div class="spacer battle-history"><br></div><h2 class="battle-history">Turn 2</h2><div class="spacer battle-history"><br></div><div class="battle-history">ZoroDark withdrew Empoleon!<br></div><div class="battle-history">ZoroDark sent out <strong>Hydreigon</strong>!<br></div><div class="spacer battle-history"><br></div><div class="battle-history">Krookodile used <strong>Earthquake</strong>!<br></div><div class="battle-history"><small>[The opposing Hydreigon's Levitate]</small><br><small>It doesn't affect the opposing Hydreigon...</small><br></div><div class="spacer battle-history"><br></div><h2 class="battle-history">Turn 3</h2><div class="chat chatmessage-starmaster"><strong style="color:hsl(303,67%,40%)"><small>+</small><span class="username" data-name="starmaster">starmaster</span>:</strong> <em>zoroGOAT</em></div><div class="spacer battle-history"><br></div><div class="battle-history">ZoroDark withdrew Hydreigon!<br></div><div class="battle-history">ZoroDark sent out <strong>Crobat</strong>!<br></div><div class="spacer battle-history"><br></div><div class="battle-history">Krookodile used <strong>Knock Off</strong>!<br></div><div class="battle-history"><small>A critical hit!</small><br></div><div class="battle-history"><small>(The opposing Crobat lost <abbr title="−311/311">100%</abbr> of its health!)</small><br></div><div class="battle-history"><small>Krookodile knocked off the opposing Crobat's Sky Plate!</small><br></div><div class="battle-history"><small>Krookodile lost some of its HP!</small><br></div><div class="spacer battle-history"><br></div><div class="battle-history">The opposing Crobat fainted!<br></div><div class="chat chatmessage-starmaster"><strong style="color:hsl(303,67%,40%)"><small>+</small><span class="username" data-name="starmaster">starmaster</span>:</strong> <em>,</em></div><div class="chat chatmessage-zorodark"><strong style="color:hsl(207,42%,46.24263679699702%)"><small>☆</small><span class="username" data-name="ZoroDark">ZoroDark</span>:</strong> <em>rude</em></div><div class="chat chatmessage-soulgazer"><strong style="color:hsl(60,42%,38%)"><small>+</small><span class="username" data-name="soulgazer">soulgazer</span>:</strong> <em>GOAT.</em></div><div class="chat chatmessage-starmaster"><strong style="color:hsl(303,67%,40%)"><small>+</small><span class="username" data-name="starmaster">starmaster</span>:</strong> <em>jk niggas ass</em></div><div class="chat chatmessage-sweetposho"><strong style="color:hsl(353,50%,51.75393648355036%)"><small>+</small><span class="username" data-name="SweetPosho">SweetPosho</span>:</strong> <em>kuk</em></div><div class="chat chatmessage-sombolo"><strong style="color:hsl(211,53%,44%)"><small>+</small><span class="username" data-name="sombolo">sombolo</span>:</strong> <em>uupl?</em></div><div class="spacer battle-history"><br></div><div class="battle-history">ZoroDark sent out <strong>Swampert</strong>!<br></div><div class="spacer battle-history"><br></div><h2 class="battle-history">Turn 4</h2><div class="chat chatmessage-soulgazer"><strong style="color:hsl(60,42%,38%)"><small>+</small><span class="username" data-name="soulgazer">soulgazer</span>:</strong> <em>zorodark is facing a guy who is 2-0 vs CASEDVICTORIE</em></div><div class="spacer battle-history"><br></div><div class="battle-history"><small>The opposing Swampert's Swampertite is reacting to ZoroDark's Mega Bracelet!</small><br>The opposing Swampert has Mega Evolved into Mega Swampert!<br></div><div class="spacer battle-history"><br></div><div class="battle-history">Krookodile used <strong>Earthquake</strong>!<br></div><div class="battle-history"><small>(The opposing Swampert lost <abbr title="−211/396">53.3%</abbr> of its health!)</small><br></div><div class="battle-history"><small>Krookodile lost some of its HP!</small><br></div><div class="spacer battle-history"><br></div><div class="battle-history">The opposing Swampert used <strong>Waterfall</strong>!<br></div><div class="battle-history"><small>It's super effective!</small><br></div><div class="battle-history"><small>(Krookodile lost <abbr title="−265/331">80.1%</abbr> of its health!)</small><br></div><div class="spacer battle-history"><br></div><div class="battle-history">Krookodile fainted!<br></div><div class="chat chatmessage-starmaster"><strong style="color:hsl(303,67%,40%)"><small>+</small><span class="username" data-name="starmaster">starmaster</span>:</strong> <em>never heard of him</em></div><div class="spacer battle-history"><br></div><div class="battle-history">Go! <strong>Hydreigon</strong>!<br></div><div class="spacer battle-history"><br></div><h2 class="battle-history">Turn 5</h2><div class="chat chatmessage-starmaster"><strong style="color:hsl(303,67%,40%)"><small>+</small><span class="username" data-name="starmaster">starmaster</span>:</strong> <em>unless ur talking about redpill alpha case.</em></div><div class="spacer battle-history"><br></div><div class="battle-history">ZoroDark withdrew Swampert!<br></div><div class="battle-history">ZoroDark sent out <strong>Empoleon</strong>!<br></div><div class="spacer battle-history"><br></div><div class="battle-history">Hydreigon used <strong>Flash Cannon</strong>!<br></div><div class="battle-history"><small>It's not very effective...</small><br></div><div class="battle-history"><small>(The opposing Empoleon lost <abbr title="−24/372">6.5%</abbr> of its health!)</small><br></div><div class="spacer battle-history"><br></div><div class="battle-history"><small>The opposing Empoleon restored a little HP using its Leftovers!</small><br></div><div class="spacer battle-history"><br></div><h2 class="battle-history">Turn 6</h2><div class="chat chatmessage-hogg"><strong style="color:hsl(295,48%,46.495355361408%)"><small>+</small><span class="username" data-name="hogg">hogg</span>:</strong> <em>top 1</em></div><div class="chat chatmessage-bouff"><strong style="color:hsl(351,64%,44%)"><small>+</small><span class="username" data-name="Bouff">Bouff</span>:</strong> <em>dont u mean redpill alpha art major case</em></div><div class="spacer battle-history"><br></div><div class="battle-history">Hydreigon, come back!<br></div><div class="battle-history">Go! <strong>Whimsicott</strong>!<br></div><div class="spacer battle-history"><br></div><div class="battle-history">The opposing Empoleon used <strong>Stealth Rock</strong>!<br></div><div class="battle-history"><small>Pointed stones float in the air around your team!</small><br></div><div class="spacer battle-history"><br></div><div class="battle-history"><small>The opposing Empoleon restored a little HP using its Leftovers!</small><br></div><div class="spacer battle-history"><br></div><h2 class="battle-history">Turn 7</h2><div class="chat chatmessage-bouff"><strong style="color:hsl(351,64%,44%)"><small>+</small><span class="username" data-name="Bouff">Bouff</span>:</strong> <em>starmaster</em></div><div class="chat chatmessage-starmaster"><strong style="color:hsl(303,67%,40%)"><small>+</small><span class="username" data-name="starmaster">starmaster</span>:</strong> <em>fax</em></div><div class="spacer battle-history"><br></div><div class="battle-history">ZoroDark withdrew Empoleon!<br></div><div class="battle-history">ZoroDark sent out <strong>Sylveon</strong>!<br></div><div class="spacer battle-history"><br></div><div class="battle-history">Whimsicott used <strong>Encore</strong>!<br></div><div class="battle-history"><small>But it failed!</small><br></div><div class="spacer battle-history"><br></div><h2 class="battle-history">Turn 8</h2><div class="chat chatmessage-analysisgeek"><strong style="color:hsl(208,50%,48.38579097426667%)"><small>+</small><span class="username" data-name="analysis geek ^()^">analysis geek ^()^</span>:</strong> <em>this for uupl?</em></div><div class="chat chatmessage-hogg"><strong style="color:hsl(295,48%,46.495355361408%)"><small>+</small><span class="username" data-name="hogg">hogg</span>:</strong> <em>y</em></div><div class="chat chatmessage-sacri"><strong style="color:hsl(344,60%,48.0115088290176%)"><small>+</small><span class="username" data-name="Sacri !!_!!">Sacri !!_!!</span>:</strong> <em>go teddeh</em></div><div class="spacer battle-history"><br></div><div class="battle-history">Whimsicott used <strong>U-turn</strong>!<br></div><div class="battle-history"><small>It's not very effective...</small><br></div><div class="battle-history"><small>(The opposing Sylveon lost <abbr title="−13/391">3.3%</abbr> of its health!)</small><br></div><div class="chat chatmessage-highways"><strong style="color:hsl(193,58%,38.666666666666664%)"><small>+</small><span class="username" data-name="Highways ~ ♆">Highways ~ ♆</span>:</strong> <em>no spl</em></div><div class="chat chatmessage-starmaster"><strong style="color:hsl(303,67%,40%)"><small>+</small><span class="username" data-name="starmaster">starmaster</span>:</strong> <em>teddeh made 1 goat play</em></div><div class="spacer battle-history"><br></div><div class="battle-history">Whimsicott went back to Teddeh!<br></div><div class="battle-history">Go! <strong>Entei</strong>!<br></div><div class="battle-history"><small>Pointed stones dug into Entei!</small><br></div><div class="battle-history"><small>[Entei's Pressure]</small><br><small>Entei is exerting its pressure!</small><br></div><div class="spacer battle-history"><br></div><div class="battle-history">The opposing Sylveon used <strong>Wish</strong>!<br></div><div class="spacer battle-history"><br></div><div class="battle-history"><small>The opposing Sylveon restored a little HP using its Leftovers!</small><br></div><div class="spacer battle-history"><br></div><h2 class="battle-history">Turn 9</h2><div class="chat chatmessage-starmaster"><strong style="color:hsl(303,67%,40%)"><small>+</small><span class="username" data-name="starmaster">starmaster</span>:</strong> <em>he's so good!</em></div><div class="spacer battle-history"><br></div><div class="battle-history">ZoroDark withdrew Sylveon!<br></div><div class="battle-history">ZoroDark sent out <strong>Hydreigon</strong>!<br></div><div class="spacer battle-history"><br></div><div class="battle-history">Entei used <strong>Sacred Fire</strong>!<br></div><div class="battle-history"><small>It's not very effective...</small><br></div><div class="battle-history"><small>(The opposing Hydreigon lost <abbr title="−139/325">42.8%</abbr> of its health!)</small><br></div><div class="spacer battle-history"><br></div><div class="battle-history"><small>Sylveon's wish came true!</small><br></div><div class="spacer battle-history"><br></div><h2 class="battle-history">Turn 10</h2><div class="spacer battle-history"><br></div><div class="battle-history">Entei, come back!<br></div><div class="battle-history">Go! <strong>Whimsicott</strong>!<br></div><div class="battle-history"><small>Pointed stones dug into Whimsicott!</small><br></div><div class="spacer battle-history"><br></div><div class="battle-history">The opposing Hydreigon used <strong>Dark Pulse</strong>!<br></div><div class="battle-history"><small>It's not very effective...</small><br></div><div class="battle-history"><small>(Whimsicott lost <abbr title="−112/323">34.7%</abbr> of its health!)</small><br></div><div class="battle-history"><small>The opposing Hydreigon lost some of its HP!</small><br></div><div class="spacer battle-history"><br></div><div class="battle-history"><small>Whimsicott restored a little HP using its Leftovers!</small><br></div><div class="spacer battle-history"><br></div><h2 class="battle-history">Turn 11</h2><div class="spacer battle-history"><br></div><div class="battle-history">ZoroDark withdrew Hydreigon!<br></div><div class="battle-history">ZoroDark sent out <strong>Sylveon</strong>!<br></div><div class="spacer battle-history"><br></div><div class="battle-history">Whimsicott used <strong>Moonblast</strong>!<br></div><div class="battle-history"><small>(The opposing Sylveon lost <abbr title="−70/391">17.9%</abbr> of its health!)</small><br></div><div class="battle-history"><small>The opposing Sylveon's Special Attack fell!</small><br></div><div class="spacer battle-history"><br></div><div class="battle-history"><small>Whimsicott restored a little HP using its Leftovers!</small><br></div><div class="battle-history"><small>The opposing Sylveon restored a little HP using its Leftovers!</small><br></div><div class="spacer battle-history"><br></div><h2 class="battle-history">Turn 12</h2><div class="spacer battle-history"><br></div><div class="battle-history">Whimsicott used <strong>U-turn</strong>!<br></div><div class="battle-history"><small>It's not very effective...</small><br></div><div class="battle-history"><small>(The opposing Sylveon lost <abbr title="−13/391">3.3%</abbr> of its health!)</small><br></div><div class="spacer battle-history"><br></div><div class="battle-history">Whimsicott went back to Teddeh!<br></div><div class="battle-history">Go! <strong>Doublade</strong>!<br></div><div class="battle-history"><small>Pointed stones dug into Doublade!</small><br></div><div class="spacer battle-history"><br></div><div class="battle-history">The opposing Sylveon used <strong>Hyper Voice</strong>!<br></div><div class="battle-history"><small>It's not very effective...</small><br></div><div class="battle-history"><small>(Doublade lost <abbr title="−54/311">17.4%</abbr> of its health!)</small><br></div><div class="spacer battle-history"><br></div><div class="battle-history"><small>The opposing Sylveon restored a little HP using its Leftovers!</small><br></div><div class="spacer battle-history"><br></div><h2 class="battle-history">Turn 13</h2><div class="spacer battle-history"><br></div><div class="battle-history">ZoroDark withdrew Sylveon!<br></div><div class="battle-history">ZoroDark sent out Swampert (<strong>Swampert-Mega</strong>)!<br></div><div class="spacer battle-history"><br></div><div class="battle-history">Doublade used <strong>Sacred Sword</strong>!<br></div><div class="battle-history"><small>(The opposing Swampert lost <abbr title="−102/396">25.8%</abbr> of its health!)</small><br></div><div class="spacer battle-history"><br></div><h2 class="battle-history">Turn 14</h2><div class="spacer battle-history"><br></div><div class="battle-history">Doublade, come back!<br></div><div class="battle-history">Go! <strong>Hydreigon</strong>!<br></div><div class="battle-history"><small>Pointed stones dug into Hydreigon!</small><br></div><div class="spacer battle-history"><br></div><div class="battle-history">The opposing Swampert used <strong>Ice Punch</strong>!<br></div><div class="battle-history"><small>It's super effective!</small><br></div><div class="battle-history"><small>A critical hit!</small><br></div><div class="battle-history"><small>(Hydreigon lost <abbr title="−285/325">87.7%</abbr> of its health!)</small><br></div><div class="spacer battle-history"><br></div><div class="battle-history">Hydreigon fainted!<br></div><div class="chat chatmessage-abr"><strong style="color:hsl(345,82%,40.06701760144763%)"><small>+</small><span class="username" data-name="ABR">ABR</span>:</strong> <em>GOAT</em></div><div class="chat chatmessage-bouff"><strong style="color:hsl(351,64%,44%)"><small>+</small><span class="username" data-name="Bouff">Bouff</span>:</strong> <em>zorodon</em></div><div class="chat chatmessage-starmaster"><strong style="color:hsl(303,67%,40%)"><small>+</small><span class="username" data-name="starmaster">starmaster</span>:</strong> <em>zoroGOAT</em></div><div class="chat chatmessage-pearl"><strong style="color:hsl(137,70%,38.48887992080507%)"><small>%</small><span class="username" data-name="Pearl ☆">Pearl ☆</span>:</strong> <em>whys ted using metalgross's avatar</em></div><div class="chat chatmessage-starmaster"><strong style="color:hsl(303,67%,40%)"><small>+</small><span class="username" data-name="starmaster">starmaster</span>:</strong> <em>tht prolly mattered tho</em></div><div class="chat chatmessage-starmaster"><strong style="color:hsl(303,67%,40%)"><small>+</small><span class="username" data-name="starmaster">starmaster</span>:</strong> <em>sry teddeh</em></div><div class="chat chatmessage-zorodark"><strong style="color:hsl(207,42%,46.24263679699702%)"><small>☆</small><span class="username" data-name="ZoroDark">ZoroDark</span>:</strong> <em>yea it did</em></div><div class="chat chatmessage-pearl"><strong style="color:hsl(137,70%,38.48887992080507%)"><small>%</small><span class="username" data-name="Pearl ☆">Pearl ☆</span>:</strong> <em>it defo did</em></div><div class="chat chatmessage-abr"><strong style="color:hsl(345,82%,40.06701760144763%)"><small>+</small><span class="username" data-name="ABR">ABR</span>:</strong> <em>deserved for fire play</em></div><div class="chat chatmessage-bouff"><strong style="color:hsl(351,64%,44%)"><small>+</small><span class="username" data-name="Bouff">Bouff</span>:</strong> <em>whats the</em></div><div class="chat chatmessage-bouff"><strong style="color:hsl(351,64%,44%)"><small>+</small><span class="username" data-name="Bouff">Bouff</span>:</strong> <em>score for this</em></div><div class="chat chatmessage-bouff"><strong style="color:hsl(351,64%,44%)"><small>+</small><span class="username" data-name="Bouff">Bouff</span>:</strong> <em>series</em></div><div class="chat chatmessage-zorodark"><strong style="color:hsl(207,42%,46.24263679699702%)"><small>☆</small><span class="username" data-name="ZoroDark">ZoroDark</span>:</strong> <em>but i would've had a bat if not for the crit</em></div><div class="chat chatmessage-zorodark"><strong style="color:hsl(207,42%,46.24263679699702%)"><small>☆</small><span class="username" data-name="ZoroDark">ZoroDark</span>:</strong> <em>!</em></div><div class="chat chatmessage-starmaster"><strong style="color:hsl(303,67%,40%)"><small>+</small><span class="username" data-name="starmaster">starmaster</span>:</strong> <em>0-3</em></div><div class="chat chatmessage-hogg"><strong style="color:hsl(295,48%,46.495355361408%)"><small>+</small><span class="username" data-name="hogg">hogg</span>:</strong> <em>2-0</em></div><div class="chat chatmessage-starmaster"><strong style="color:hsl(303,67%,40%)"><small>+</small><span class="username" data-name="starmaster">starmaster</span>:</strong> <em>LOL</em></div><div class="chat chatmessage-hogg"><strong style="color:hsl(295,48%,46.495355361408%)"><small>+</small><span class="username" data-name="hogg">hogg</span>:</strong> <em>3-0*</em></div><div class="chat chatmessage-starmaster"><strong style="color:hsl(303,67%,40%)"><small>+</small><span class="username" data-name="starmaster">starmaster</span>:</strong> <em>no its 0-3</em></div><div class="chat chatmessage-starmaster"><strong style="color:hsl(303,67%,40%)"><small>+</small><span class="username" data-name="starmaster">starmaster</span>:</strong> <em>we're bad</em></div><div class="chat chatmessage-bouff"><strong style="color:hsl(351,64%,44%)"><small>+</small><span class="username" data-name="Bouff">Bouff</span>:</strong> <em>dam</em></div><div class="chat chatmessage-starmaster"><strong style="color:hsl(303,67%,40%)"><small>+</small><span class="username" data-name="starmaster">starmaster</span>:</strong> <em>thx god</em></div><div class="chat chatmessage-starmaster"><strong style="color:hsl(303,67%,40%)"><small>+</small><span class="username" data-name="starmaster">starmaster</span>:</strong> <em>zorogoat</em></div><div class="chat chatmessage-hogg"><strong style="color:hsl(295,48%,46.495355361408%)"><small>+</small><span class="username" data-name="hogg">hogg</span>:</strong> <em>nah I like to pretend</em></div><div class="chat chatmessage-bouff"><strong style="color:hsl(351,64%,44%)"><small>+</small><span class="username" data-name="Bouff">Bouff</span>:</strong> <em>i believe in ur squad</em></div><div class="chat chatmessage-starmaster"><strong style="color:hsl(303,67%,40%)"><small>+</small><span class="username" data-name="starmaster">starmaster</span>:</strong> <em>gonna nab 1</em></div><div class="chat chatmessage-bouff"><strong style="color:hsl(351,64%,44%)"><small>+</small><span class="username" data-name="Bouff">Bouff</span>:</strong> <em>hogg</em></div><div class="chat chatmessage-analysisgeek"><strong style="color:hsl(208,50%,48.38579097426667%)"><small>+</small><span class="username" data-name="analysis geek ^()^">analysis geek ^()^</span>:</strong> <em>is that the inventor of the protect lando I see???</em></div><div class="chat chatmessage-hikari"><strong style="color:hsl(10,82%,39%)"><small>+</small><span class="username" data-name="Hikari">Hikari</span>:</strong> <em>should be 0-2</em></div><div class="chat chatmessage-bouff"><strong style="color:hsl(351,64%,44%)"><small>+</small><span class="username" data-name="Bouff">Bouff</span>:</strong> <em>yeah im right here lol</em></div><div class="chat chatmessage-hikari"><strong style="color:hsl(10,82%,39%)"><small>+</small><span class="username" data-name="Hikari">Hikari</span>:</strong> <em>but some hisssssing happened</em></div><div class="chat chatmessage-hogg"><strong style="color:hsl(295,48%,46.495355361408%)"><small>+</small><span class="username" data-name="hogg">hogg</span>:</strong> <em>should be 0-2 but</em></div><div class="chat chatmessage-zorodark"><strong style="color:hsl(207,42%,46.24263679699702%)"><small>☆</small><span class="username" data-name="ZoroDark">ZoroDark</span>:</strong> <em>yes</em></div><div class="chat chatmessage-hogg"><strong style="color:hsl(295,48%,46.495355361408%)"><small>+</small><span class="username" data-name="hogg">hogg</span>:</strong> <em>hisssss</em></div><div class="chat chatmessage-abr"><strong style="color:hsl(345,82%,40.06701760144763%)"><small>+</small><span class="username" data-name="ABR">ABR</span>:</strong> <em>thats me.</em></div><div class="spacer battle-history"><br></div><div class="battle-history">Go! <strong>Entei</strong>!<br></div><div class="battle-history"><small>Pointed stones dug into Entei!</small><br></div><div class="battle-history"><small>[Entei's Pressure]</small><br><small>Entei is exerting its pressure!</small><br></div><div class="spacer battle-history"><br></div><h2 class="battle-history">Turn 15</h2><div class="chat chatmessage-sacri"><strong style="color:hsl(344,60%,48.0115088290176%)"><small>+</small><span class="username" data-name="Sacri !!_!!">Sacri !!_!!</span>:</strong> <em>it should be either 1-2 or 0-3</em></div><div class="chat chatmessage-sacri"><strong style="color:hsl(344,60%,48.0115088290176%)"><small>+</small><span class="username" data-name="Sacri !!_!!">Sacri !!_!!</span>:</strong> <em>the game would have still happened</em></div><div class="chat chatmessage-sacri"><strong style="color:hsl(344,60%,48.0115088290176%)"><small>+</small><span class="username" data-name="Sacri !!_!!">Sacri !!_!!</span>:</strong> <em>._.</em></div><div class="spacer battle-history"><br></div><div class="battle-history">Entei used <strong>Sacred Fire</strong>!<br></div><div class="battle-history"><small>It's not very effective...</small><br></div><div class="battle-history"><small>(The opposing Swampert lost <abbr title="−83/396">21.0%</abbr> of its health!)</small><br></div><div class="spacer battle-history"><br></div><div class="battle-history">The opposing Swampert fainted!<br></div><div class="chat chatmessage-tony"><strong style="color:hsl(312,63%,41.3846416864007%)"><small>+</small><span class="username" data-name="Tony">Tony</span>:</strong> <em>:snake:</em></div><div class="chat chatmessage-hikari"><strong style="color:hsl(10,82%,39%)"><small>+</small><span class="username" data-name="Hikari">Hikari</span>:</strong> <em>it didn't and they never rematched </em></div><div class="spacer battle-history"><br></div><div class="battle-history">ZoroDark sent out <strong>Hydreigon</strong>!<br></div><div class="spacer battle-history"><br></div><h2 class="battle-history">Turn 16</h2><div class="spacer battle-history"><br></div><div class="battle-history">Entei, come back!<br></div><div class="battle-history">Go! <strong>Whimsicott</strong>!<br></div><div class="battle-history"><small>Pointed stones dug into Whimsicott!</small><br></div><div class="spacer battle-history"><br></div><div class="battle-history">The opposing Hydreigon used <strong>Dark Pulse</strong>!<br></div><div class="battle-history"><small>It's not very effective...</small><br></div><div class="battle-history"><small>(Whimsicott lost <abbr title="−105/323">32.5%</abbr> of its health!)</small><br></div><div class="battle-history"><small>The opposing Hydreigon lost some of its HP!</small><br></div><div class="spacer battle-history"><br></div><div class="battle-history"><small>Whimsicott restored a little HP using its Leftovers!</small><br></div><div class="spacer battle-history"><br></div><h2 class="battle-history">Turn 17</h2><div class="chat chatmessage-soulgazer"><strong style="color:hsl(60,42%,38%)"><small>+</small><span class="username" data-name="soulgazer">soulgazer</span>:</strong> <em>rmbr when i took over hikaris starting spot in jaja pl</em></div><div class="chat chatmessage-soulgazer"><strong style="color:hsl(60,42%,38%)"><small>+</small><span class="username" data-name="soulgazer">soulgazer</span>:</strong> <em>im king uu v2</em></div><div class="chat chatmessage-bouff"><strong style="color:hsl(351,64%,44%)"><small>+</small><span class="username" data-name="Bouff">Bouff</span>:</strong> <em>ownage</em></div><div class="chat chatmessage-bouff"><strong style="color:hsl(351,64%,44%)"><small>+</small><span class="username" data-name="Bouff">Bouff</span>:</strong> <em>lol</em></div><div class="spacer battle-history"><br></div><div class="battle-history">ZoroDark withdrew Hydreigon!<br></div><div class="battle-history">ZoroDark sent out <strong>Sylveon</strong>!<br></div><div class="spacer battle-history"><br></div><div class="battle-history">Whimsicott used <strong>U-turn</strong>!<br></div><div class="battle-history"><small>It's not very effective...</small><br></div><div class="battle-history"><small>(The opposing Sylveon lost <abbr title="−13/391">3.3%</abbr> of its health!)</small><br></div><div class="chat chatmessage-hikari"><strong style="color:hsl(10,82%,39%)"><small>+</small><span class="username" data-name="Hikari">Hikari</span>:</strong> <em>well sg</em></div><div class="chat chatmessage-hikari"><strong style="color:hsl(10,82%,39%)"><small>+</small><span class="username" data-name="Hikari">Hikari</span>:</strong> <em>I was busy with work and they yelled at me so i said fuck it</em></div><div class="chat chatmessage-ict"><strong style="color:hsl(281,40%,50.792432564636634%)"><small>+</small><span class="username" data-name="Ict">Ict</span>:</strong> <em>zoro xoxoxoxoxo</em></div><div class="chat chatmessage-poek"><strong style="color:hsl(36,41%,39%)"><small>+</small><span class="username" data-name="Poek ★_★">Poek ★_★</span>:</strong> <em>well done</em></div><div class="chat chatmessage-poek"><strong style="color:hsl(36,41%,39%)"><small>+</small><span class="username" data-name="Poek ★_★">Poek ★_★</span>:</strong> <em>hikari ur the best</em></div><div class="chat chatmessage-ict"><strong style="color:hsl(281,40%,50.792432564636634%)"><small>+</small><span class="username" data-name="Ict">Ict</span>:</strong> <em>poek xoxoxoxoxo</em></div><div class="chat chatmessage-tony"><strong style="color:hsl(312,63%,41.3846416864007%)"><small>+</small><span class="username" data-name="Tony">Tony</span>:</strong> <em>who is brave enough to yell at hikari wtf</em></div><div class="spacer battle-history"><br></div><div class="battle-history">Whimsicott went back to Teddeh!<br></div><div class="battle-history">Go! <strong>Entei</strong>!<br></div><div class="battle-history"><small>Pointed stones dug into Entei!</small><br></div><div class="battle-history"><small>[Entei's Pressure]</small><br><small>Entei is exerting its pressure!</small><br></div><div class="spacer battle-history"><br></div><div class="battle-history"><small>The opposing Sylveon restored a little HP using its Leftovers!</small><br></div><div class="spacer battle-history"><br></div><h2 class="battle-history">Turn 18</h2><div class="chat chatmessage-sacri"><strong style="color:hsl(344,60%,48.0115088290176%)"><small>+</small><span class="username" data-name="Sacri !!_!!">Sacri !!_!!</span>:</strong> <em>good question</em></div><div class="chat chatmessage-sacri"><strong style="color:hsl(344,60%,48.0115088290176%)"><small>+</small><span class="username" data-name="Sacri !!_!!">Sacri !!_!!</span>:</strong> <em>spaniards are wild</em></div><div class="spacer battle-history"><br></div><div class="battle-history">The opposing Sylveon used <strong>Protect</strong>!<br></div><div class="battle-history"><small>The opposing Sylveon protected itself!</small><br></div><div class="spacer battle-history"><br></div><div class="battle-history">Entei used <strong>Sacred Fire</strong>!<br></div><div class="battle-history"><small>The opposing Sylveon protected itself!</small><br></div><div class="spacer battle-history"><br></div><div class="battle-history"><small>The opposing Sylveon restored a little HP using its Leftovers!</small><br></div><div class="spacer battle-history"><br></div><h2 class="battle-history">Turn 19</h2><div class="chat chatmessage-hikari"><strong style="color:hsl(10,82%,39%)"><small>+</small><span class="username" data-name="Hikari">Hikari</span>:</strong> <em>like I was disappointing them or smth </em></div><div class="chat chatmessage-hikari"><strong style="color:hsl(10,82%,39%)"><small>+</small><span class="username" data-name="Hikari">Hikari</span>:</strong> <em>i spent a week working non-stop</em></div><div class="chat chatmessage-hikari"><strong style="color:hsl(10,82%,39%)"><small>+</small><span class="username" data-name="Hikari">Hikari</span>:</strong> <em>i didn't even do uupl shit during that time</em></div><div class="spacer battle-history"><br></div><div class="battle-history">ZoroDark withdrew Sylveon!<br></div><div class="battle-history">ZoroDark sent out <strong>Hydreigon</strong>!<br></div><div class="spacer battle-history"><br></div><div class="battle-history">Entei used <strong>Sacred Fire</strong>!<br></div><div class="battle-history"><small>It's not very effective...</small><br></div><div class="battle-history"><small>(The opposing Hydreigon lost <abbr title="−159/325">48.9%</abbr> of its health!)</small><br></div><div class="battle-history"><small>The opposing Hydreigon was burned!</small><br></div><div class="spacer battle-history"><br></div><div class="battle-history"><small>The opposing Hydreigon was hurt by its burn!</small><br></div><div class="spacer battle-history"><br></div><h2 class="battle-history">Turn 20</h2><div class="chat chatmessage-hikari"><strong style="color:hsl(10,82%,39%)"><small>+</small><span class="username" data-name="Hikari">Hikari</span>:</strong> <em>lol</em></div><div class="chat chatmessage-analysisgeek"><strong style="color:hsl(208,50%,48.38579097426667%)"><small>+</small><span class="username" data-name="analysis geek ^()^">analysis geek ^()^</span>:</strong> <em>what is xy lc like?</em></div><div class="chat chatmessage-soulgazer"><strong style="color:hsl(60,42%,38%)"><small>+</small><span class="username" data-name="soulgazer">soulgazer</span>:</strong> <em>dw</em></div><div class="spacer battle-history"><br></div><div class="battle-history">The opposing Hydreigon used <strong>Roost</strong>!<br></div><div class="battle-history"><small>The opposing Hydreigon restored its HP.</small><br></div><div class="spacer battle-history"><br></div><div class="battle-history">Entei used <strong>Sacred Fire</strong>!<br></div><div class="battle-history"><small>It's not very effective...</small><br></div><div class="battle-history"><small>(The opposing Hydreigon lost <abbr title="−141/325">43.4%</abbr> of its health!)</small><br></div><div class="spacer battle-history"><br></div><div class="battle-history"><small>The opposing Hydreigon was hurt by its burn!</small><br></div><div class="spacer battle-history"><br></div><h2 class="battle-history">Turn 21</h2><div class="chat chatmessage-tony"><strong style="color:hsl(312,63%,41.3846416864007%)"><small>+</small><span class="username" data-name="Tony">Tony</span>:</strong> <em>w/e they should value having a goat like yourself on their team</em></div><div class="chat chatmessage-sacri"><strong style="color:hsl(344,60%,48.0115088290176%)"><small>+</small><span class="username" data-name="Sacri !!_!!">Sacri !!_!!</span>:</strong> <em>teddeh more like how</em></div><div class="chat chatmessage-ict"><strong style="color:hsl(281,40%,50.792432564636634%)"><small>+</small><span class="username" data-name="Ict">Ict</span>:</strong> <em>why r u asking this here.</em></div><div class="chat chatmessage-soulgazer"><strong style="color:hsl(60,42%,38%)"><small>+</small><span class="username" data-name="soulgazer">soulgazer</span>:</strong> <em>im 2-0 in uu so far for u hikari</em></div><div class="spacer battle-history"><br></div><div class="battle-history">The opposing Hydreigon used <strong>Roost</strong>!<br></div><div class="battle-history"><small>The opposing Hydreigon restored its HP.</small><br></div><div class="spacer battle-history"><br></div><div class="battle-history">Entei used <strong>Sacred Fire</strong>!<br></div><div class="battle-history"><small>It's not very effective...</small><br></div><div class="battle-history"><small>(The opposing Hydreigon lost <abbr title="−141/325">43.4%</abbr> of its health!)</small><br></div><div class="spacer battle-history"><br></div><div class="battle-history"><small>The opposing Hydreigon was hurt by its burn!</small><br></div><div class="spacer battle-history"><br></div><h2 class="battle-history">Turn 22</h2><div class="spacer battle-history"><br></div><div class="battle-history">The opposing Hydreigon used <strong>Roost</strong>!<br></div><div class="battle-history"><small>The opposing Hydreigon restored its HP.</small><br></div><div class="spacer battle-history"><br></div><div class="battle-history">Entei used <strong>Sacred Fire</strong>!<br></div><div class="battle-history"><small>It's not very effective...</small><br></div><div class="battle-history"><small>A critical hit!</small><br></div><div class="battle-history"><small>(The opposing Hydreigon lost <abbr title="−189/325">58.2%</abbr> of its health!)</small><br></div><div class="spacer battle-history"><br></div><div class="battle-history">The opposing Hydreigon fainted!<br></div><div class="chat chatmessage-hikari"><strong style="color:hsl(10,82%,39%)"><small>+</small><span class="username" data-name="Hikari">Hikari</span>:</strong> <em>gl soulgazer</em></div><div class="chat chatmessage-ict"><strong style="color:hsl(281,40%,50.792432564636634%)"><small>+</small><span class="username" data-name="Ict">Ict</span>:</strong> <em>ofc.</em></div><div class="chat chatmessage-zorodark"><strong style="color:hsl(207,42%,46.24263679699702%)"><small>☆</small><span class="username" data-name="ZoroDark">ZoroDark</span>:</strong> <em>alright that's uncool</em></div><div class="chat chatmessage-hikari"><strong style="color:hsl(10,82%,39%)"><small>+</small><span class="username" data-name="Hikari">Hikari</span>:</strong> <em>hope u win</em></div><div class="chat chatmessage-soulgazer"><strong style="color:hsl(60,42%,38%)"><small>+</small><span class="username" data-name="soulgazer">soulgazer</span>:</strong> <em>-</em></div><div class="chat chatmessage-analysisgeek"><strong style="color:hsl(208,50%,48.38579097426667%)"><small>+</small><span class="username" data-name="analysis geek ^()^">analysis geek ^()^</span>:</strong> <em>because is there a difference between oras and xy lc lol</em></div><div class="chat chatmessage-soulgazer"><strong style="color:hsl(60,42%,38%)"><small>+</small><span class="username" data-name="soulgazer">soulgazer</span>:</strong> <em>yknow whats uncool</em></div><div class="chat chatmessage-soulgazer"><strong style="color:hsl(60,42%,38%)"><small>+</small><span class="username" data-name="soulgazer">soulgazer</span>:</strong> <em>pearl</em></div><div class="chat chatmessage-soulgazer"><strong style="color:hsl(60,42%,38%)"><small>+</small><span class="username" data-name="soulgazer">soulgazer</span>:</strong> <em>lol</em></div><div class="chat chatmessage-pearl"><strong style="color:hsl(137,70%,38.48887992080507%)"><small>%</small><span class="username" data-name="Pearl ☆">Pearl ☆</span>:</strong> <em>hi</em></div><div class="chat chatmessage-sacri"><strong style="color:hsl(344,60%,48.0115088290176%)"><small>+</small><span class="username" data-name="Sacri !!_!!">Sacri !!_!!</span>:</strong> <em>lol</em></div><div class="chat chatmessage-tony"><strong style="color:hsl(312,63%,41.3846416864007%)"><small>+</small><span class="username" data-name="Tony">Tony</span>:</strong> <em>sg who builds for you this year?</em></div><div class="chat chatmessage-poek"><strong style="color:hsl(36,41%,39%)"><small>+</small><span class="username" data-name="Poek ★_★">Poek ★_★</span>:</strong> <em>what would i be without hikari</em></div><div class="chat chatmessage-poek"><strong style="color:hsl(36,41%,39%)"><small>+</small><span class="username" data-name="Poek ★_★">Poek ★_★</span>:</strong> <em>i would be</em></div><div class="chat chatmessage-poek"><strong style="color:hsl(36,41%,39%)"><small>+</small><span class="username" data-name="Poek ★_★">Poek ★_★</span>:</strong> <em>Poek97.</em></div><div class="chat chatmessage-ict"><strong style="color:hsl(281,40%,50.792432564636634%)"><small>+</small><span class="username" data-name="Ict">Ict</span>:</strong> <em>&lt;- goat himself</em></div><div class="chat chatmessage-ict"><strong style="color:hsl(281,40%,50.792432564636634%)"><small>+</small><span class="username" data-name="Ict">Ict</span>:</strong> <em>tony.</em></div><div class="chat chatmessage-sacri"><strong style="color:hsl(344,60%,48.0115088290176%)"><small>+</small><span class="username" data-name="Sacri !!_!!">Sacri !!_!!</span>:</strong> <em>did u start building sm uu ict</em></div><div class="chat chatmessage-ict"><strong style="color:hsl(281,40%,50.792432564636634%)"><small>+</small><span class="username" data-name="Ict">Ict</span>:</strong> <em>y</em></div><div class="chat chatmessage-hikari"><strong style="color:hsl(10,82%,39%)"><small>+</small><span class="username" data-name="Hikari">Hikari</span>:</strong> <em>elodin is now elodin too</em></div><div class="chat chatmessage-sacri"><strong style="color:hsl(344,60%,48.0115088290176%)"><small>+</small><span class="username" data-name="Sacri !!_!!">Sacri !!_!!</span>:</strong> <em>kk</em></div><div class="chat chatmessage-hikari"><strong style="color:hsl(10,82%,39%)"><small>+</small><span class="username" data-name="Hikari">Hikari</span>:</strong> <em>all thanks to me</em></div><div class="chat chatmessage-ict"><strong style="color:hsl(281,40%,50.792432564636634%)"><small>+</small><span class="username" data-name="Ict">Ict</span>:</strong> <em>im already great</em></div><div class="chat chatmessage-hikari"><strong style="color:hsl(10,82%,39%)"><small>+</small><span class="username" data-name="Hikari">Hikari</span>:</strong> <em>rip papai noel</em></div><div class="chat chatmessage-sacri"><strong style="color:hsl(344,60%,48.0115088290176%)"><small>+</small><span class="username" data-name="Sacri !!_!!">Sacri !!_!!</span>:</strong> <em>no doubt you are </em></div><div class="chat chatmessage-ict"><strong style="color:hsl(281,40%,50.792432564636634%)"><small>+</small><span class="username" data-name="Ict">Ict</span>:</strong> <em>ive made the best ladder team in existence </em></div><div class="chat chatmessage-sacri"><strong style="color:hsl(344,60%,48.0115088290176%)"><small>+</small><span class="username" data-name="Sacri !!_!!">Sacri !!_!!</span>:</strong> <em>how else could you achieve the creation</em></div><div class="chat chatmessage-tony"><strong style="color:hsl(312,63%,41.3846416864007%)"><small>+</small><span class="username" data-name="Tony">Tony</span>:</strong> <em>ict can work around anything when building teams</em></div><div class="chat chatmessage-sacri"><strong style="color:hsl(344,60%,48.0115088290176%)"><small>+</small><span class="username" data-name="Sacri !!_!!">Sacri !!_!!</span>:</strong> <em>of alomomola ho</em></div><div class="chat chatmessage-ict"><strong style="color:hsl(281,40%,50.792432564636634%)"><small>+</small><span class="username" data-name="Ict">Ict</span>:</strong> <em>its balance</em></div><div class="chat chatmessage-eo"><strong style="color:hsl(318,87%,46%)"><small>@</small><span class="username" data-name="Eo">Eo</span>:</strong> <em>meanwhile poor katheyisme123 is still katheyisme123</em></div><div class="chat chatmessage-tony"><strong style="color:hsl(312,63%,41.3846416864007%)"><small>+</small><span class="username" data-name="Tony">Tony</span>:</strong> <em>in pocl we checked cloyster by dodging pump, which he then skillfully did</em></div><div class="chat chatmessage-pearl"><strong style="color:hsl(137,70%,38.48887992080507%)"><small>%</small><span class="username" data-name="Pearl ☆">Pearl ☆</span>:</strong> <em>soulgazer</em></div><div class="chat chatmessage-ict"><strong style="color:hsl(281,40%,50.792432564636634%)"><small>+</small><span class="username" data-name="Ict">Ict</span>:</strong> <em>Lol tony</em></div><div class="chat chatmessage-pearl"><strong style="color:hsl(137,70%,38.48887992080507%)"><small>%</small><span class="username" data-name="Pearl ☆">Pearl ☆</span>:</strong> <em>accel and sparrow play after this 1</em></div><div class="chat chatmessage-hikari"><strong style="color:hsl(10,82%,39%)"><small>+</small><span class="username" data-name="Hikari">Hikari</span>:</strong> <em>i should prolly do the rest of the name change queue</em></div><div class="chat chatmessage-hikari"><strong style="color:hsl(10,82%,39%)"><small>+</small><span class="username" data-name="Hikari">Hikari</span>:</strong> <em>but tbh im lazy</em></div><div class="chat chatmessage-ict"><strong style="color:hsl(281,40%,50.792432564636634%)"><small>+</small><span class="username" data-name="Ict">Ict</span>:</strong> <em>He shouldve just used surg</em></div><div class="chat chatmessage-pearl"><strong style="color:hsl(137,70%,38.48887992080507%)"><small>%</small><span class="username" data-name="Pearl ☆">Pearl ☆</span>:</strong> <em>do u wanna start now or wait</em></div><div class="chat chatmessage-ict"><strong style="color:hsl(281,40%,50.792432564636634%)"><small>+</small><span class="username" data-name="Ict">Ict</span>:</strong> <em>not my fault</em></div><div class="chat chatmessage-ict"><strong style="color:hsl(281,40%,50.792432564636634%)"><small>+</small><span class="username" data-name="Ict">Ict</span>:</strong> <em>surf*</em></div><div class="chat chatmessage-hikari"><strong style="color:hsl(10,82%,39%)"><small>+</small><span class="username" data-name="Hikari">Hikari</span>:</strong> <em>so I only touched the people i liked</em></div><div class="chat chatmessage-bouff"><strong style="color:hsl(351,64%,44%)"><small>+</small><span class="username" data-name="Bouff">Bouff</span>:</strong> <em>wait till after</em></div><div class="chat chatmessage-tony"><strong style="color:hsl(312,63%,41.3846416864007%)"><small>+</small><span class="username" data-name="Tony">Tony</span>:</strong> <em>true</em></div><div class="chat chatmessage-sacri"><strong style="color:hsl(344,60%,48.0115088290176%)"><small>+</small><span class="username" data-name="Sacri !!_!!">Sacri !!_!!</span>:</strong> <em>u did ht's also</em></div><div class="chat chatmessage-poek"><strong style="color:hsl(36,41%,39%)"><small>+</small><span class="username" data-name="Poek ★_★">Poek ★_★</span>:</strong> <em>goat</em></div><div class="chat chatmessage-bouff"><strong style="color:hsl(351,64%,44%)"><small>+</small><span class="username" data-name="Bouff">Bouff</span>:</strong> <em>accel sparrow</em></div><div class="chat chatmessage-bouff"><strong style="color:hsl(351,64%,44%)"><small>+</small><span class="username" data-name="Bouff">Bouff</span>:</strong> <em>tht happens</em></div><div class="chat chatmessage-hairytoenail"><strong style="color:hsl(350,72%,44%)"><small>+</small><span class="username" data-name="hairy toenail">hairy toenail</span>:</strong> <em>what</em></div><div class="chat chatmessage-bouff"><strong style="color:hsl(351,64%,44%)"><small>+</small><span class="username" data-name="Bouff">Bouff</span>:</strong> <em>right after</em></div><div class="chat chatmessage-bouff"><strong style="color:hsl(351,64%,44%)"><small>+</small><span class="username" data-name="Bouff">Bouff</span>:</strong> <em>this</em></div><div class="chat chatmessage-sacri"><strong style="color:hsl(344,60%,48.0115088290176%)"><small>+</small><span class="username" data-name="Sacri !!_!!">Sacri !!_!!</span>:</strong> <em>name change</em></div><div class="chat chatmessage-hairytoenail"><strong style="color:hsl(350,72%,44%)"><small>+</small><span class="username" data-name="hairy toenail">hairy toenail</span>:</strong> <em>oh</em></div><div class="chat chatmessage-ict"><strong style="color:hsl(281,40%,50.792432564636634%)"><small>+</small><span class="username" data-name="Ict">Ict</span>:</strong> <em>Sg have u practised with the team even</em></div><div class="chat chatmessage-hairytoenail"><strong style="color:hsl(350,72%,44%)"><small>+</small><span class="username" data-name="hairy toenail">hairy toenail</span>:</strong> <em>hikari goat </em></div><div class="chat chatmessage-sacri"><strong style="color:hsl(344,60%,48.0115088290176%)"><small>+</small><span class="username" data-name="Sacri !!_!!">Sacri !!_!!</span>:</strong> <em>when are you going to change it on ps btw</em></div><div class="chat chatmessage-hikari"><strong style="color:hsl(10,82%,39%)"><small>+</small><span class="username" data-name="Hikari">Hikari</span>:</strong> <em>baaaaa</em></div><div class="chat chatmessage-tony"><strong style="color:hsl(312,63%,41.3846416864007%)"><small>+</small><span class="username" data-name="Tony">Tony</span>:</strong> <em>did you just ask sg to practise </em></div><div class="chat chatmessage-hairytoenail"><strong style="color:hsl(350,72%,44%)"><small>+</small><span class="username" data-name="hairy toenail">hairy toenail</span>:</strong> <em>idk ill have to ask</em></div><div class="chat chatmessage-hairytoenail"><strong style="color:hsl(350,72%,44%)"><small>+</small><span class="username" data-name="hairy toenail">hairy toenail</span>:</strong> <em>zarel</em></div><div class="chat chatmessage-hairytoenail"><strong style="color:hsl(350,72%,44%)"><small>+</small><span class="username" data-name="hairy toenail">hairy toenail</span>:</strong> <em>or ill make eyan ask him</em></div><div class="chat chatmessage-sacri"><strong style="color:hsl(344,60%,48.0115088290176%)"><small>+</small><span class="username" data-name="Sacri !!_!!">Sacri !!_!!</span>:</strong> <em>is someone rlly called HT</em></div><div class="chat chatmessage-ict"><strong style="color:hsl(281,40%,50.792432564636634%)"><small>+</small><span class="username" data-name="Ict">Ict</span>:</strong> <em>zoro needs srs ghosting</em></div><div class="chat chatmessage-hairytoenail"><strong style="color:hsl(350,72%,44%)"><small>+</small><span class="username" data-name="hairy toenail">hairy toenail</span>:</strong> <em>yea some fucker took it</em></div><div class="spacer battle-history"><br></div><div class="battle-history">ZoroDark sent out <strong>Reuniclus</strong>!<br></div><div class="spacer battle-history"><br></div><h2 class="battle-history">Turn 23</h2><div class="chat chatmessage-sacri"><strong style="color:hsl(344,60%,48.0115088290176%)"><small>+</small><span class="username" data-name="Sacri !!_!!">Sacri !!_!!</span>:</strong> <em>damn.</em></div><div class="spacer battle-history"><br></div><div class="battle-history">Entei, come back!<br></div><div class="battle-history">Go! <strong>Doublade</strong>!<br></div><div class="battle-history"><small>Pointed stones dug into Doublade!</small><br></div><div class="spacer battle-history"><br></div><div class="battle-history">The opposing Reuniclus used <strong>Psyshock</strong>!<br></div><div class="battle-history"><small>It's not very effective...</small><br></div><div class="battle-history"><small>(Doublade lost <abbr title="−29/311">9.3%</abbr> of its health!)</small><br></div><div class="spacer battle-history"><br></div><h2 class="battle-history">Turn 24</h2><div class="spacer battle-history"><br></div><div class="battle-history">ZoroDark withdrew Reuniclus!<br></div><div class="battle-history">ZoroDark sent out <strong>Empoleon</strong>!<br></div><div class="spacer battle-history"><br></div><div class="battle-history">Doublade used <strong>Sacred Sword</strong>!<br></div><div class="battle-history"><small>It's super effective!</small><br></div><div class="battle-history"><small>(The opposing Empoleon lost <abbr title="−234/372">62.9%</abbr> of its health!)</small><br></div><div class="spacer battle-history"><br></div><div class="battle-history"><small>The opposing Empoleon restored a little HP using its Leftovers!</small><br></div><div class="spacer battle-history"><br></div><h2 class="battle-history">Turn 25</h2><div class="chat chatmessage-sacri"><strong style="color:hsl(344,60%,48.0115088290176%)"><small>+</small><span class="username" data-name="Sacri !!_!!">Sacri !!_!!</span>:</strong> <em>is teddeh human</em></div><div class="chat chatmessage-samvgc"><strong style="color:hsl(181,65%,41.666666666666664%)"><small>+</small><span class="username" data-name="SamVGC ✿">SamVGC ✿</span>:</strong> <em>goat</em></div><div class="spacer battle-history"><br></div><div class="battle-history">Doublade, come back!<br></div><div class="battle-history">Go! <strong>Whimsicott</strong>!<br></div><div class="battle-history"><small>Pointed stones dug into Whimsicott!</small><br></div><div class="spacer battle-history"><br></div><div class="battle-history">The opposing Empoleon used <strong>Knock Off</strong>!<br></div><div class="battle-history"><small>It's not very effective...</small><br></div><div class="battle-history"><small>(Whimsicott lost <abbr title="−37/323">11.5%</abbr> of its health!)</small><br></div><div class="battle-history"><small>The opposing Empoleon knocked off Whimsicott's Leftovers!</small><br></div><div class="spacer battle-history"><br></div><div class="battle-history"><small>The opposing Empoleon restored a little HP using its Leftovers!</small><br></div><div class="spacer battle-history"><br></div><h2 class="battle-history">Turn 26</h2><div class="spacer battle-history"><br></div><div class="battle-history">ZoroDark withdrew Empoleon!<br></div><div class="battle-history">ZoroDark sent out <strong>Sylveon</strong>!<br></div><div class="spacer battle-history"><br></div><div class="battle-history">Whimsicott used <strong>Giga Drain</strong>!<br></div><div class="battle-history"><small>(The opposing Sylveon lost <abbr title="−58/391">14.8%</abbr> of its health!)</small><br></div><div class="battle-history"><small>The opposing Sylveon had its energy drained!</small><br></div><div class="spacer battle-history"><br></div><div class="battle-history"><small>The opposing Sylveon restored a little HP using its Leftovers!</small><br></div><div class="spacer battle-history"><br></div><h2 class="battle-history">Turn 27</h2><div class="chat chatmessage-ict"><strong style="color:hsl(281,40%,50.792432564636634%)"><small>+</small><span class="username" data-name="Ict">Ict</span>:</strong> <em>Ungood play</em></div><div class="spacer battle-history"><br></div><div class="battle-history">Whimsicott used <strong>U-turn</strong>!<br></div><div class="battle-history"><small>It's not very effective...</small><br></div><div class="battle-history"><small>(The opposing Sylveon lost <abbr title="−14/391">3.6%</abbr> of its health!)</small><br></div><div class="spacer battle-history"><br></div><div class="battle-history">Whimsicott went back to Teddeh!<br></div><div class="battle-history">Go! <strong>Doublade</strong>!<br></div><div class="battle-history"><small>Pointed stones dug into Doublade!</small><br></div><div class="spacer battle-history"><br></div><div class="battle-history">The opposing Sylveon used <strong>Wish</strong>!<br></div><div class="spacer battle-history"><br></div><div class="battle-history"><small>The opposing Sylveon restored a little HP using its Leftovers!</small><br></div><div class="spacer battle-history"><br></div><h2 class="battle-history">Turn 28</h2><div class="chat chatmessage-teddeh"><strong style="color:hsl(158,62%,34%)"><small>☆</small><span class="username" data-name="Teddeh">Teddeh</span>:</strong> <em>calc</em></div><div class="chat chatmessage-slurmz"><strong style="color:hsl(28,40%,43.095599481124275%)"><small>+</small><span class="username" data-name="slurmz®">slurmz®</span>:</strong> <em>TEDDY BEAR</em></div><div class="chat chatmessage-slurmz"><strong style="color:hsl(28,40%,43.095599481124275%)"><small>+</small><span class="username" data-name="slurmz®">slurmz®</span>:</strong> <em>lgi.</em></div><div class="chat chatmessage-ict"><strong style="color:hsl(281,40%,50.792432564636634%)"><small>+</small><span class="username" data-name="Ict">Ict</span>:</strong> <em>wait</em></div><div class="chat chatmessage-ict"><strong style="color:hsl(281,40%,50.792432564636634%)"><small>+</small><span class="username" data-name="Ict">Ict</span>:</strong> <em>doesnt sylv wall this </em></div><div class="chat chatmessage-ict"><strong style="color:hsl(281,40%,50.792432564636634%)"><small>+</small><span class="username" data-name="Ict">Ict</span>:</strong> <em>doub</em></div><div class="chat chatmessage-sacri"><strong style="color:hsl(344,60%,48.0115088290176%)"><small>+</small><span class="username" data-name="Sacri !!_!!">Sacri !!_!!</span>:</strong> <em>san bylveon</em></div><div class="chat chatmessage-chillshadow"><strong style="color:hsl(116,47%,43%)"><small>+</small><span class="username" data-name="ChillShadow">ChillShadow</span>:</strong> <em>hey ict, doublade is a steel type</em></div><div class="chat chatmessage-ict"><strong style="color:hsl(281,40%,50.792432564636634%)"><small>+</small><span class="username" data-name="Ict">Ict</span>:</strong> <em>No</em></div><div class="chat chatmessage-bouff"><strong style="color:hsl(351,64%,44%)"><small>+</small><span class="username" data-name="Bouff">Bouff</span>:</strong> <em>why wudnt it have ih</em></div><div class="chat chatmessage-ict"><strong style="color:hsl(281,40%,50.792432564636634%)"><small>+</small><span class="username" data-name="Ict">Ict</span>:</strong> <em>It has sword</em></div><div class="chat chatmessage-ict"><strong style="color:hsl(281,40%,50.792432564636634%)"><small>+</small><span class="username" data-name="Ict">Ict</span>:</strong> <em>and </em></div><div class="chat chatmessage-ict"><strong style="color:hsl(281,40%,50.792432564636634%)"><small>+</small><span class="username" data-name="Ict">Ict</span>:</strong> <em>Sclaws mandatory</em></div><div class="chat chatmessage-lowladderheroes"><strong style="color:hsl(247,57%,61.151201614512736%)"><small>+</small><span class="username" data-name="Low Ladder Heroes">Low Ladder Heroes</span>:</strong> <em>and?</em></div><div class="chat chatmessage-ict"><strong style="color:hsl(281,40%,50.792432564636634%)"><small>+</small><span class="username" data-name="Ict">Ict</span>:</strong> <em>lol</em></div><div class="spacer battle-history"><br></div><div class="battle-history">Doublade, come back!<br></div><div class="battle-history">Go! <strong>Whimsicott</strong>!<br></div><div class="battle-history"><small>Pointed stones dug into Whimsicott!</small><br></div><div class="spacer battle-history"><br></div><div class="battle-history">Whimsicott fainted!<br></div><div class="battle-history">The opposing Sylveon used <strong>Hyper Voice</strong>!<br></div><div class="battle-history"><small>But there was no target...</small><br></div><div class="spacer battle-history"><br></div><div class="battle-history"><small>Sylveon's wish came true!</small><br></div><div class="chat chatmessage-samvgc"><strong style="color:hsl(181,65%,41.666666666666664%)"><small>+</small><span class="username" data-name="SamVGC ✿">SamVGC ✿</span>:</strong> <em>because it doesnt have a head</em></div><div class="spacer battle-history"><br></div><div class="battle-history">Go! <strong>Entei</strong>!<br></div><div class="battle-history"><small>Pointed stones dug into Entei!</small><br></div><div class="battle-history"><small>[Entei's Pressure]</small><br><small>Entei is exerting its pressure!</small><br></div><div class="spacer battle-history"><br></div><h2 class="battle-history">Turn 29</h2><div class="chat chatmessage-sacri"><strong style="color:hsl(344,60%,48.0115088290176%)"><small>+</small><span class="username" data-name="Sacri !!_!!">Sacri !!_!!</span>:</strong> <em>thats a good reasoning</em></div><div class="chat chatmessage-ict"><strong style="color:hsl(281,40%,50.792432564636634%)"><small>+</small><span class="username" data-name="Ict">Ict</span>:</strong> <em>if ur not shadow claw thats a horrid set</em></div><div class="chat chatmessage-slurmz"><strong style="color:hsl(28,40%,43.095599481124275%)"><small>+</small><span class="username" data-name="slurmz®">slurmz®</span>:</strong> <em>TED:goat:</em></div><div class="chat chatmessage-slurmz"><strong style="color:hsl(28,40%,43.095599481124275%)"><small>+</small><span class="username" data-name="slurmz®">slurmz®</span>:</strong> <em>OMFG</em></div><div class="spacer battle-history"><br></div><div class="battle-history">The opposing Sylveon used <strong>Protect</strong>!<br></div><div class="battle-history"><small>The opposing Sylveon protected itself!</small><br></div><div class="spacer battle-history"><br></div><div class="battle-history">Entei used <strong>Flare Blitz</strong>!<br></div><div class="battle-history"><small>The opposing Sylveon protected itself!</small><br></div><div class="spacer battle-history"><br></div><h2 class="battle-history">Turn 30</h2><div class="chat chatmessage-ict"><strong style="color:hsl(281,40%,50.792432564636634%)"><small>+</small><span class="username" data-name="Ict">Ict</span>:</strong> <em>1 play here zoro</em></div><div class="chat chatmessage-zorodark"><strong style="color:hsl(207,42%,46.24263679699702%)"><small>☆</small><span class="username" data-name="ZoroDark">ZoroDark</span>:</strong> <em>hmmm</em></div><div class="chat chatmessage-ict"><strong style="color:hsl(281,40%,50.792432564636634%)"><small>+</small><span class="username" data-name="Ict">Ict</span>:</strong> <em>wish then hyper voice on doublades sd </em></div><div class="chat chatmessage-ict"><strong style="color:hsl(281,40%,50.792432564636634%)"><small>+</small><span class="username" data-name="Ict">Ict</span>:</strong> <em>on tect</em></div><div class="chat chatmessage-teddeh"><strong style="color:hsl(158,62%,34%)"><small>☆</small><span class="username" data-name="Teddeh">Teddeh</span>:</strong> <em>isn't that</em></div><div class="chat chatmessage-teddeh"><strong style="color:hsl(158,62%,34%)"><small>☆</small><span class="username" data-name="Teddeh">Teddeh</span>:</strong> <em>ghosting</em></div><div class="chat chatmessage-vinc2612"><strong style="color:hsl(215,56%,48.394637876072544%)"><small>&amp;</small><span class="username" data-name="Vinc2612">Vinc2612</span>:</strong> <em>one play here =&gt; [X]</em></div><div class="chat chatmessage-sacri"><strong style="color:hsl(344,60%,48.0115088290176%)"><small>+</small><span class="username" data-name="Sacri !!_!!">Sacri !!_!!</span>:</strong> <em>ict</em></div><div class="chat chatmessage-slurmz"><strong style="color:hsl(28,40%,43.095599481124275%)"><small>+</small><span class="username" data-name="slurmz®">slurmz®</span>:</strong> <em>X.</em></div><div class="chat chatmessage-sacri"><strong style="color:hsl(344,60%,48.0115088290176%)"><small>+</small><span class="username" data-name="Sacri !!_!!">Sacri !!_!!</span>:</strong> <em>stfu</em></div><div class="chat chatmessage-ict"><strong style="color:hsl(281,40%,50.792432564636634%)"><small>+</small><span class="username" data-name="Ict">Ict</span>:</strong> <em>it is but is it really?</em></div><div class="chat chatmessage-sacri"><strong style="color:hsl(344,60%,48.0115088290176%)"><small>+</small><span class="username" data-name="Sacri !!_!!">Sacri !!_!!</span>:</strong> <em>lol</em></div><div class="chat chatmessage-ict"><strong style="color:hsl(281,40%,50.792432564636634%)"><small>+</small><span class="username" data-name="Ict">Ict</span>:</strong> <em>lol</em></div><div class="chat chatmessage-vinc2612"><strong style="color:hsl(215,56%,48.394637876072544%)"><small>&amp;</small><span class="username" data-name="Vinc2612">Vinc2612</span>:</strong> <em>also</em></div><div class="chat chatmessage-vinc2612"><strong style="color:hsl(215,56%,48.394637876072544%)"><small>&amp;</small><span class="username" data-name="Vinc2612">Vinc2612</span>:</strong> <em>rip Ict</em></div><div class="chat chatmessage-christo"><strong style="color:hsl(194,62%,39.333333333333336%)"><small>+</small><span class="username" data-name="Christo">Christo</span>:</strong> <em>i dont think that is the only play</em></div><div class="chat chatmessage-christo"><strong style="color:hsl(194,62%,39.333333333333336%)"><small>+</small><span class="username" data-name="Christo">Christo</span>:</strong> <em>js</em></div><div class="chat chatmessage-abr"><strong style="color:hsl(345,82%,40.06701760144763%)"><small>+</small><span class="username" data-name="ABR">ABR</span>:</strong> <em>listen to the slam champion</em></div><div class="chat chatmessage-abr"><strong style="color:hsl(345,82%,40.06701760144763%)"><small>+</small><span class="username" data-name="ABR">ABR</span>:</strong> <em>fools</em></div><div class="chat chatmessage-arifeen"><strong style="color:hsl(351,68%,47.77101180383878%)"><small>+</small><span class="username" data-name="Arifeen">Arifeen</span>:</strong> <em>TEDDEH</em></div><div class="chat chatmessage-teddeh"><strong style="color:hsl(158,62%,34%)"><small>☆</small><span class="username" data-name="Teddeh">Teddeh</span>:</strong> <em>timer zoro</em></div><div class="chat chatmessage-slurmz"><strong style="color:hsl(28,40%,43.095599481124275%)"><small>+</small><span class="username" data-name="slurmz®">slurmz®</span>:</strong> <em>Sack empoleon</em></div><div class="chat chatmessage-zorodark"><strong style="color:hsl(207,42%,46.24263679699702%)"><small>☆</small><span class="username" data-name="ZoroDark">ZoroDark</span>:</strong> <em>yea ik</em></div><div class="spacer battle-history"><br></div><div class="battle-history">ZoroDark withdrew Sylveon!<br></div><div class="battle-history">ZoroDark sent out <strong>Empoleon</strong>!<br></div><div class="spacer battle-history"><br></div><div class="battle-history">Entei used <strong>Flare Blitz</strong>!<br></div><div class="battle-history"><small>(The opposing Empoleon lost <abbr title="−184/372">49.5%</abbr> of its health!)</small><br></div><div class="battle-history"><small>Entei is damaged by the recoil!</small><br></div><div class="spacer battle-history"><br></div><div class="battle-history">The opposing Empoleon fainted!<br></div><div class="battle-history">Entei fainted!<br></div><div class="spacer battle-history"><br></div><div class="battle-history">Go! <strong>Aerodactyl</strong>!<br></div><div class="spacer battle-history"><br></div><div class="battle-history">ZoroDark sent out <strong>Sylveon</strong>!<br></div><div class="battle-history"><small>[Aerodactyl's Unnerve]</small><br><small>The opposing team is too nervous to eat Berries!</small><br></div><div class="battle-history"><small>Pointed stones dug into Aerodactyl!</small><br></div><div class="spacer battle-history"><br></div><h2 class="battle-history">Turn 31</h2><div class="chat chatmessage-hikari"><strong style="color:hsl(10,82%,39%)"><small>+</small><span class="username" data-name="Hikari">Hikari</span>:</strong> <em>ban slurmz for ghosting </em></div><div class="spacer battle-history"><br></div><div class="battle-history"><small>Aerodactyl's Aerodactylite is reacting to Teddeh's Mega Bracelet!</small><br>Aerodactyl has Mega Evolved into Mega Aerodactyl!<br></div><div class="spacer battle-history"><br></div><div class="battle-history">Aerodactyl used <strong>Hone Claws</strong>!<br></div><div class="battle-history"><small>Aerodactyl's Attack rose!</small><br></div><div class="battle-history"><small>Aerodactyl's accuracy rose!</small><br></div><div class="spacer battle-history"><br></div><div class="battle-history">The opposing Sylveon used <strong>Hyper Voice</strong>!<br></div><div class="battle-history"><small>(Aerodactyl lost <abbr title="−151/301">50.2%</abbr> of its health!)</small><br></div><div class="spacer battle-history"><br></div><h2 class="battle-history">Turn 32</h2><div class="chat chatmessage-slurmz"><strong style="color:hsl(28,40%,43.095599481124275%)"><small>+</small><span class="username" data-name="slurmz®">slurmz®</span>:</strong> <em>Rip</em></div><div class="spacer battle-history"><br></div><div class="battle-history">Aerodactyl used <strong>Stone Edge</strong>!<br></div><div class="battle-history"><small>(The opposing Sylveon lost <abbr title="−271/391">69.3%</abbr> of its health!)</small><br></div><div class="spacer battle-history"><br></div><div class="battle-history">The opposing Sylveon used <strong>Hyper Voice</strong>!<br></div><div class="battle-history"><small>(Aerodactyl lost <abbr title="−75/301">24.9%</abbr> of its health!)</small><br></div><div class="spacer battle-history"><br></div><div class="battle-history">Aerodactyl fainted!<br></div><div class="spacer battle-history"><br></div><div class="battle-history"><small>The opposing Sylveon restored a little HP using its Leftovers!</small><br></div><div class="spacer battle-history"><br></div><div class="battle-history">Go! <strong>Doublade</strong>!<br></div><div class="battle-history"><small>Pointed stones dug into Doublade!</small><br></div><div class="spacer battle-history"><br></div><h2 class="battle-history">Turn 33</h2><div class="spacer battle-history"><br></div><div class="battle-history">The opposing Sylveon used <strong>Hyper Voice</strong>!<br></div><div class="battle-history"><small>It's not very effective...</small><br></div><div class="battle-history"><small>(Doublade lost <abbr title="−78/311">25.1%</abbr> of its health!)</small><br></div><div class="spacer battle-history"><br></div><div class="battle-history">Doublade used <strong>Iron Head</strong>!<br></div><div class="battle-history"><small>It's super effective!</small><br></div><div class="battle-history"><small>(The opposing Sylveon lost <abbr title="−144/391">36.8%</abbr> of its health!)</small><br></div><div class="spacer battle-history"><br></div><div class="battle-history">The opposing Sylveon fainted!<br></div><div class="spacer battle-history"><br></div><div class="battle-history">ZoroDark sent out <strong>Reuniclus</strong>!<br></div><div class="spacer battle-history"><br></div><h2 class="battle-history">Turn 34</h2><div class="chat chatmessage-hikari"><strong style="color:hsl(10,82%,39%)"><small>+</small><span class="username" data-name="Hikari">Hikari</span>:</strong> <em>the fuck are these rolls</em></div><div class="chat chatmessage-hikari"><strong style="color:hsl(10,82%,39%)"><small>+</small><span class="username" data-name="Hikari">Hikari</span>:</strong> <em>why did sylveon do 17% to that</em></div><div class="chat chatmessage-hikari"><strong style="color:hsl(10,82%,39%)"><small>+</small><span class="username" data-name="Hikari">Hikari</span>:</strong> <em>before</em></div><div class="chat chatmessage-sacri"><strong style="color:hsl(344,60%,48.0115088290176%)"><small>+</small><span class="username" data-name="Sacri !!_!!">Sacri !!_!!</span>:</strong> <em>spedef doub</em></div><div class="chat chatmessage-chillshadow"><strong style="color:hsl(116,47%,43%)"><small>+</small><span class="username" data-name="ChillShadow">ChillShadow</span>:</strong> <em>it was at -1</em></div><div class="chat chatmessage-sacri"><strong style="color:hsl(344,60%,48.0115088290176%)"><small>+</small><span class="username" data-name="Sacri !!_!!">Sacri !!_!!</span>:</strong> <em>goat</em></div><div class="chat chatmessage-accelgor"><strong style="color:hsl(220,52%,54.04920181066666%)"><small>+</small><span class="username" data-name="Accelgor⏫">Accelgor⏫</span>:</strong> <em>oh right</em></div><div class="chat chatmessage-accelgor"><strong style="color:hsl(220,52%,54.04920181066666%)"><small>+</small><span class="username" data-name="Accelgor⏫">Accelgor⏫</span>:</strong> <em>moonblast drop</em></div><div class="chat chatmessage-hikari"><strong style="color:hsl(10,82%,39%)"><small>+</small><span class="username" data-name="Hikari">Hikari</span>:</strong> <em>ah </em></div><div class="chat chatmessage-hikari"><strong style="color:hsl(10,82%,39%)"><small>+</small><span class="username" data-name="Hikari">Hikari</span>:</strong> <em>silly uu chan</em></div><div class="chat chatmessage-hikari"><strong style="color:hsl(10,82%,39%)"><small>+</small><span class="username" data-name="Hikari">Hikari</span>:</strong> <em>lying to me</em></div><div class="spacer battle-history"><br></div><div class="battle-history">Doublade used <strong>Swords Dance</strong>!<br></div><div class="battle-history"><small>Doublade's Attack rose sharply!</small><br></div><div class="spacer battle-history"><br></div><div class="battle-history">The opposing Reuniclus used <strong>Psyshock</strong>!<br></div><div class="battle-history"><small>It's not very effective...</small><br></div><div class="battle-history"><small>(Doublade lost <abbr title="−28/311">9.0%</abbr> of its health!)</small><br></div><div class="spacer battle-history"><br></div><h2 class="battle-history">Turn 35</h2><div class="chat chatmessage-slurmz"><strong style="color:hsl(28,40%,43.095599481124275%)"><small>+</small><span class="username" data-name="slurmz®">slurmz®</span>:</strong> <em>GGBL</em></div><div class="chat chatmessage-sweetposho"><strong style="color:hsl(353,50%,51.75393648355036%)"><small>+</small><span class="username" data-name="SweetPosho">SweetPosho</span>:</strong> <em>kuk</em></div><div class="chat chatmessage-slurmz"><strong style="color:hsl(28,40%,43.095599481124275%)"><small>+</small><span class="username" data-name="slurmz®">slurmz®</span>:</strong> <em>TEDDEH = GOAT</em></div><div class="chat chatmessage-sweetposho"><strong style="color:hsl(353,50%,51.75393648355036%)"><small>+</small><span class="username" data-name="SweetPosho">SweetPosho</span>:</strong> <em>crit</em></div><div class="spacer battle-history"><br></div><div class="battle-history">Doublade used <strong>Iron Head</strong>!<br></div><div class="battle-history"><small>(The opposing Reuniclus lost <abbr title="−267/424">63.0%</abbr> of its health!)</small><br></div><div class="spacer battle-history"><br></div><div class="battle-history">The opposing Reuniclus flinched and couldn't move!<br></div><div class="spacer battle-history"><br></div><h2 class="battle-history">Turn 36</h2><div class="spacer battle-history"><br></div><div class="battle-history">Doublade used <strong>Iron Head</strong>!<br></div><div class="battle-history"><small>(The opposing Reuniclus lost <abbr title="−157/424">37.0%</abbr> of its health!)</small><br></div><div class="spacer battle-history"><br></div><div class="battle-history">The opposing Reuniclus fainted!<br></div><div class="spacer battle-history"><br></div><div class="battle-history"><strong>Teddeh</strong> won the battle!<br></div><div class="chat chatmessage-teddeh"><strong style="color:hsl(158,62%,34%)"><small>☆</small><span class="username" data-name="Teddeh">Teddeh</span>:</strong> <em>gg man</em></div><div class="chat chatmessage-slurmz"><strong style="color:hsl(28,40%,43.095599481124275%)"><small>+</small><span class="username" data-name="slurmz®">slurmz®</span>:</strong> <em>GOATEDDEH</em></div><div class="chat chatmessage-zorodark"><strong style="color:hsl(207,42%,46.24263679699702%)"><small>☆</small><span class="username" data-name="ZoroDark">ZoroDark</span>:</strong> <em>gg</em></div><div class="chat chatmessage-teddeh"><strong style="color:hsl(158,62%,34%)"><small>☆</small><span class="username" data-name="Teddeh">Teddeh</span>:</strong> <em>close one</em></div></div><div class="inner-preempt"></div></div></div>
</div>
<script>
let daily = Math.floor(Date.now()/1000/60/60/24);document.write('<script src="https://play.pokemonshowdown.com/js/replay-embed.js?version'+daily+'"></'+'script>');
</script>
