<!DOCTYPE html>
<meta charset="utf-8" />
<!-- version 1 -->
<title>UU replay: face shield vs. Hydra Dominatus</title>
<style>
html,body {font-family:Verdana, sans-serif;font-size:10pt;margin:0;padding:0;}body{padding:12px 0;} .battle-log {font-family:Verdana, sans-serif;font-size:10pt;} .battle-log-inline {border:1px solid #AAAAAA;background:#EEF2F5;color:black;max-width:640px;margin:0 auto 80px;padding-bottom:5px;} .battle-log .inner {padding:4px 8px 0px 8px;} .battle-log .inner-preempt {padding:0 8px 4px 8px;} .battle-log .inner-after {margin-top:0.5em;} .battle-log h2 {margin:0.5em -8px;padding:4px 8px;border:1px solid #AAAAAA;background:#E0E7EA;border-left:0;border-right:0;font-family:Verdana, sans-serif;font-size:13pt;} .battle-log .chat {vertical-align:middle;padding:3px 0 3px 0;font-size:8pt;} .battle-log .chat strong {color:#40576A;} .battle-log .chat em {padding:1px 4px 1px 3px;color:#000000;font-style:normal;} .chat.mine {background:rgba(0,0,0,0.05);margin-left:-8px;margin-right:-8px;padding-left:8px;padding-right:8px;} .spoiler {color:#BBBBBB;background:#BBBBBB;padding:0px 3px;} .spoiler:hover, .spoiler:active, .spoiler-shown {color:#000000;background:#E2E2E2;padding:0px 3px;} .spoiler a {color:#BBBBBB;} .spoiler:hover a, .spoiler:active a, .spoiler-shown a {color:#2288CC;} .chat code, .chat .spoiler:hover code, .chat .spoiler:active code, .chat .spoiler-shown code {border:1px solid #C0C0C0;background:#EEEEEE;color:black;padding:0 2px;} .chat .spoiler code {border:1px solid #CCCCCC;background:#CCCCCC;color:#CCCCCC;} .battle-log .rated {padding:3px 4px;} .battle-log .rated strong {color:white;background:#89A;padding:1px 4px;border-radius:4px;} .spacer {margin-top:0.5em;} .message-announce {background:#6688AA;color:white;padding:1px 4px 2px;} .message-announce a, .broadcast-green a, .broadcast-blue a, .broadcast-red a {color:#DDEEFF;} .broadcast-green {background-color:#559955;color:white;padding:2px 4px;} .broadcast-blue {background-color:#6688AA;color:white;padding:2px 4px;} .infobox {border:1px solid #6688AA;padding:2px 4px;} .infobox-limited {max-height:200px;overflow:auto;overflow-x:hidden;} .broadcast-red {background-color:#AA5544;color:white;padding:2px 4px;} .message-learn-canlearn {font-weight:bold;color:#228822;text-decoration:underline;} .message-learn-cannotlearn {font-weight:bold;color:#CC2222;text-decoration:underline;} .message-effect-weak {font-weight:bold;color:#CC2222;} .message-effect-resist {font-weight:bold;color:#6688AA;} .message-effect-immune {font-weight:bold;color:#666666;} .message-learn-list {margin-top:0;margin-bottom:0;} .message-throttle-notice, .message-error {color:#992222;} .message-overflow, .chat small.message-overflow {font-size:0pt;} .message-overflow::before {font-size:9pt;content:'...';} .subtle {color:#3A4A66;}
</style>
<div class="wrapper replay-wrapper" style="max-width:1180px;margin:0 auto">
<input type="hidden" name="replayid" value="uu-545599135" />
<div class="battle"></div><div class="battle-log"></div><div class="replay-controls"></div><div class="replay-controls-2"></div>
<h1 style="font-weight:normal;text-align:center"><strong>UU</strong><br /><a href="http://pokemonshowdown.com/users/faceshield" class="subtle" target="_blank">face shield</a> vs. <a href="http://pokemonshowdown.com/users/hydradominatus" class="subtle" target="_blank">Hydra Dominatus</a></h1>
<script type="text/plain" class="battle-log-data">|j|face shield
|j|Hydra Dominatus
|player|p1|face shield|141
|player|p2|Hydra Dominatus|240
|gametype|singles
|gen|6
|tier|UU
|seed|10876,4256,36957,46819
|rule|Sleep Clause Mod: Limit one foe put to sleep
|rule|Species Clause: Limit one of each Pokémon
|rule|OHKO Clause: OHKO moves are banned
|rule|Moody Clause: Moody is banned
|rule|Evasion Moves Clause: Evasion moves are banned
|rule|Endless Battle Clause: Forcing endless battles is banned
|rule|HP Percentage Mod: HP is shown in percentages
|clearpoke
|poke|p1|Moltres|item
|poke|p1|Hydreigon, M|item
|poke|p1|Empoleon, F|item
|poke|p1|Doublade, M|item
|poke|p1|Sylveon, M|item
|poke|p1|Swampert, F|item
|poke|p2|Banette, M, shiny|item
|poke|p2|Infernape, M, shiny|item
|poke|p2|Haxorus, M, shiny|item
|poke|p2|Chatot, M, shiny|item
|poke|p2|Yanmega, M, shiny|item
|poke|p2|Lucario, M|item
|rule|Swagger Clause: Swagger is banned
|rule|Baton Pass Clause: Limit one Baton Passer, can't pass Spe and other stats simultaneously
|teampreview
|choice|team 1, team 2, team 3, team 4, team 5, team 6|team 2, team 1, team 3, team 4, team 5, team 6
|
|start
|switch|p1a: Moltres|Moltres|321\/321
|switch|p2a: Infernape|Infernape, M, shiny|294\/294
|turn|1
|choice|move hurricane|move stealthrock
|
|move|p2a: Infernape|Stealth Rock|p1a: Moltres
|-sidestart|p1: face shield|move: Stealth Rock
|move|p1a: Moltres|Hurricane|p2a: Infernape
|-supereffective|p2a: Infernape
|-enditem|p2a: Infernape|Focus Sash
|-damage|p2a: Infernape|1\/294
|
|upkeep
|turn|2
|choice|switch 4|move thunderpunch
|
|switch|p1a: Doublade|Doublade, M|319\/319
|-damage|p1a: Doublade|300\/319|[from] Stealth Rock
|move|p2a: Infernape|Thunder Punch|p1a: Doublade
|-damage|p1a: Doublade|257\/319
|
|upkeep
|turn|3
|choice|move shadowsneak|move firepunch
|
|move|p1a: Doublade|Shadow Sneak|p2a: Infernape
|-damage|p2a: Infernape|0 fnt
|faint|p2a: Infernape
|
|upkeep
|choice||switch 2
|
|switch|p2a: Banette|Banette, M, shiny|332\/332
|turn|4
|choice|switch 2|move thunderwave mega
|
|switch|p1a: Hydreigon|Hydreigon, M|325\/325
|-damage|p1a: Hydreigon|285\/325|[from] Stealth Rock
|detailschange|p2a: Banette|Banette-Mega, M, shiny
|-mega|p2a: Banette|Banette|Banettite
|move|p2a: Banette|Thunder Wave|p1a: Hydreigon
|-status|p1a: Hydreigon|par
|
|upkeep
|turn|5
|choice|move taunt|move phantomforce
|
|move|p2a: Banette|Phantom Force|p1a: Hydreigon|[still]
|-prepare|p2a: Banette|Phantom Force|p1a: Hydreigon
|move|p1a: Hydreigon|Taunt|p2a: Banette|[miss]
|-miss|p1a: Hydreigon|p2a: Banette
|
|upkeep
|turn|6
|choice|move darkpulse|move phantomforce 1
|
|move|p2a: Banette|Phantom Force|p1a: Hydreigon|[from]lockedmove
|-resisted|p1a: Hydreigon
|-damage|p1a: Hydreigon|177\/325 par
|move|p1a: Hydreigon|Dark Pulse|p2a: Banette
|-supereffective|p2a: Banette
|-damage|p2a: Banette|0 fnt
|-damage|p1a: Hydreigon|145\/325 par|[from] item: Life Orb
|faint|p2a: Banette
|
|upkeep
|choice||switch 5
|
|switch|p2a: Yanmega|Yanmega, M, shiny|314\/314
|turn|7
|j|mackdaddyyoshi
|choice|switch 3|move bugbuzz
|
|switch|p1a: Empoleon|Empoleon, F|371\/371
|-damage|p1a: Empoleon|348\/371|[from] Stealth Rock
|move|p2a: Yanmega|Bug Buzz|p1a: Empoleon
|-resisted|p1a: Empoleon
|-damage|p1a: Empoleon|278\/371
|-damage|p2a: Yanmega|283\/314|[from] item: Life Orb
|
|-heal|p1a: Empoleon|301\/371|[from] item: Leftovers
|-ability|p2a: Yanmega|Speed Boost|boost
|-boost|p2a: Yanmega|spe|1
|upkeep
|turn|8
|choice|move defog|move airslash
|
|move|p2a: Yanmega|Air Slash|p1a: Empoleon
|-resisted|p1a: Empoleon
|-damage|p1a: Empoleon|239\/371
|-damage|p2a: Yanmega|252\/314|[from] item: Life Orb
|move|p1a: Empoleon|Defog|p2a: Yanmega
|-unboost|p2a: Yanmega|evasion|1
|-sideend|p1: face shield|Stealth Rock|[from] move: Defog|[of] p1a: Empoleon
|
|-heal|p1a: Empoleon|262\/371|[from] item: Leftovers
|-ability|p2a: Yanmega|Speed Boost|boost
|-boost|p2a: Yanmega|spe|1
|upkeep
|turn|9
|choice|move stealthrock|move airslash
|
|move|p2a: Yanmega|Air Slash|p1a: Empoleon
|-resisted|p1a: Empoleon
|-damage|p1a: Empoleon|204\/371
|-damage|p2a: Yanmega|221\/314|[from] item: Life Orb
|cant|p1a: Empoleon|flinch
|
|-heal|p1a: Empoleon|227\/371|[from] item: Leftovers
|-ability|p2a: Yanmega|Speed Boost|boost
|-boost|p2a: Yanmega|spe|1
|upkeep
|turn|10
|choice|move stealthrock|move airslash
|
|move|p2a: Yanmega|Air Slash|p1a: Empoleon
|-resisted|p1a: Empoleon
|-damage|p1a: Empoleon|169\/371
|-damage|p2a: Yanmega|190\/314|[from] item: Life Orb
|move|p1a: Empoleon|Stealth Rock|p2a: Yanmega
|-sidestart|p2: Hydra Dominatus|move: Stealth Rock
|
|-heal|p1a: Empoleon|192\/371|[from] item: Leftovers
|-ability|p2a: Yanmega|Speed Boost|boost
|-boost|p2a: Yanmega|spe|1
|upkeep
|turn|11
|choice|move roar|move airslash
|
|move|p2a: Yanmega|Air Slash|p1a: Empoleon
|-resisted|p1a: Empoleon
|-damage|p1a: Empoleon|128\/371
|-damage|p2a: Yanmega|159\/314|[from] item: Life Orb
|move|p1a: Empoleon|Roar|p2a: Yanmega
|drag|p2a: Chatot|Chatot, M, shiny|294\/294
|-damage|p2a: Chatot|221\/294|[from] Stealth Rock
|
|-heal|p1a: Empoleon|151\/371|[from] item: Leftovers
|upkeep
|turn|12
|choice|move scald|move boomburst
|
|move|p2a: Chatot|Boomburst|p1a: Empoleon
|-resisted|p1a: Empoleon
|-damage|p1a: Empoleon|52\/371
|move|p1a: Empoleon|Scald|p2a: Chatot
|-damage|p2a: Chatot|0 fnt
|faint|p2a: Chatot
|
|-heal|p1a: Empoleon|75\/371|[from] item: Leftovers
|upkeep
|choice||switch 4
|
|switch|p2a: Yanmega|Yanmega, M, shiny|159\/314
|-damage|p2a: Yanmega|2\/314|[from] Stealth Rock
|turn|13
|j|ehT
|choice|switch 3|move gigadrain
|
|switch|p1a: Hydreigon|Hydreigon, M|145\/325 par
|move|p2a: Yanmega|Giga Drain|p1a: Hydreigon
|-resisted|p1a: Hydreigon
|-damage|p1a: Hydreigon|83\/325 par
|-heal|p2a: Yanmega|33\/314|[from] drain|[of] p1a: Hydreigon
|-damage|p2a: Yanmega|2\/314|[from] item: Life Orb
|
|-ability|p2a: Yanmega|Speed Boost|boost
|-boost|p2a: Yanmega|spe|1
|upkeep
|turn|14
|c|☆Hydra Dominatus|This is boring.
|c|☆face shield|lol yeah, since you suck
|choice|move darkpulse|move gigadrain
|
|move|p2a: Yanmega|Giga Drain|p1a: Hydreigon
|-resisted|p1a: Hydreigon
|-damage|p1a: Hydreigon|21\/325 par
|-heal|p2a: Yanmega|33\/314|[from] drain|[of] p1a: Hydreigon
|-damage|p2a: Yanmega|2\/314|[from] item: Life Orb
|move|p1a: Hydreigon|Dark Pulse|p2a: Yanmega
|-damage|p2a: Yanmega|0 fnt
|-damage|p1a: Hydreigon|0 fnt|[from] item: Life Orb
|faint|p2a: Yanmega
|faint|p1a: Hydreigon
|
|upkeep
|c|%ehT|loasted
|c|☆Hydra Dominatus|Can't be arsed to try.
|choice|switch 6|switch 6
|
|switch|p2a: Lucario|Lucario, M|282\/282
|switch|p1a: Swampert|Swampert, F|341\/341
|-damage|p2a: Lucario|274\/282|[from] Stealth Rock
|turn|15
|j|Chansey's Phat Ass
|c|%ehT|hence your chatot - mbanette core
|c|%ehT|i take it
|choice|move earthquake mega|move closecombat
|
|detailschange|p1a: Swampert|Swampert-Mega, F
|-mega|p1a: Swampert|Swampert|Swampertite
|move|p2a: Lucario|Close Combat|p1a: Swampert
|-damage|p1a: Swampert|155\/341
|-unboost|p2a: Lucario|def|1
|-unboost|p2a: Lucario|spd|1
|move|p1a: Swampert|Earthquake|p2a: Lucario
|-supereffective|p2a: Lucario
|-crit|p2a: Lucario
|-damage|p2a: Lucario|0 fnt
|faint|p2a: Lucario
|
|upkeep
|c|☆Hydra Dominatus|I'm not even talking to you.
|choice||switch 3
|
|switch|p2a: Haxorus|Haxorus, M, shiny|294\/294
|-damage|p2a: Haxorus|258\/294|[from] Stealth Rock
|-ability|p2a: Haxorus|Mold Breaker
|turn|16
|l|Chansey's Phat Ass
|choice|move earthquake|move poisonjab
|
|move|p2a: Haxorus|Poison Jab|p1a: Swampert
|-resisted|p1a: Swampert
|-damage|p1a: Swampert|103\/341
|move|p1a: Swampert|Earthquake|p2a: Haxorus
|-damage|p2a: Haxorus|54\/294
|
|upkeep
|turn|17
|c|☆Hydra Dominatus|Doublade.
|c|☆face shield|how did u make the final
|c|☆face shield|did ur opp forfeit?
|choice|move earthquake|move poisonjab
|
|move|p2a: Haxorus|Poison Jab|p1a: Swampert
|-resisted|p1a: Swampert
|-damage|p1a: Swampert|46\/341
|move|p1a: Swampert|Earthquake|p2a: Haxorus
|-damage|p2a: Haxorus|0 fnt
|faint|p2a: Haxorus
|
|win|face shield
|player|p1
|player|p2</script>
</div>
<div class="battle-log battle-log-inline"><div class="inner"><div class="battle-options"></div><div class="inner"><div class="chat"><small>face shield joined.</small></div><div class="chat"><small>Hydra Dominatus joined.</small></div><div class=""><small>Format:</small> <br><strong>UU</strong></div><div class=""><small><em>Sleep Clause Mod:</em> Limit one foe put to sleep</small></div><div class=""><small><em>Species Clause:</em> Limit one of each Pokémon</small></div><div class=""><small><em>OHKO Clause:</em> OHKO moves are banned</small></div><div class=""><small><em>Moody Clause:</em> Moody is banned</small></div><div class=""><small><em>Evasion Moves Clause:</em> Evasion moves are banned</small></div><div class=""><small><em>Endless Battle Clause:</em> Forcing endless battles is banned</small></div><div class=""><small><em>HP Percentage Mod:</em> HP is shown in percentages</small></div><div class=""><small><em>Swagger Clause:</em> Swagger is banned</small></div><div class=""><small><em>Baton Pass Clause:</em> Limit one Baton Passer, can't pass Spe and other stats simultaneously</small></div><div class="chat battle-history"><strong>face shield's team:</strong> <em style="color:#445566;display:block;">Moltres / Hydreigon / Empoleon / Doublade / Sylveon / Swampert</em></div><div class="chat battle-history"><strong>Hydra Dominatus's team:</strong> <em style="color:#445566;display:block;">Banette / Infernape / Haxorus / Chatot / Yanmega / Lucario</em></div><div class="spacer battle-history"><br></div><div class="battle-history">Battle started between face shield and Hydra Dominatus!<br></div><div class="spacer battle-history"><br></div><div class="battle-history">Go! <strong>Moltres</strong>!<br></div><div class="spacer battle-history"><br></div><div class="battle-history">Hydra Dominatus sent out <strong>Infernape</strong>!<br></div><div class="spacer battle-history"><br></div><h2 class="battle-history">Turn 1</h2><div class="spacer battle-history"><br></div><div class="battle-history">The opposing Infernape used <strong>Stealth Rock</strong>!<br></div><div class="battle-history"><small>Pointed stones float in the air around your team!</small><br></div><div class="spacer battle-history"><br></div><div class="battle-history">Moltres used <strong>Hurricane</strong>!<br></div><div class="battle-history"><small>It's super effective!</small><br></div><div class="battle-history"><small>The opposing Infernape hung on using its Focus Sash!</small><br></div><div class="battle-history"><small>(The opposing Infernape lost <abbr title="−293/294">99.7%</abbr> of its health!)</small><br></div><div class="spacer battle-history"><br></div><h2 class="battle-history">Turn 2</h2><div class="spacer battle-history"><br></div><div class="battle-history">Moltres, come back!<br></div><div class="battle-history">Go! <strong>Doublade</strong>!<br></div><div class="battle-history"><small>Pointed stones dug into Doublade!</small><br></div><div class="spacer battle-history"><br></div><div class="battle-history">The opposing Infernape used <strong>Thunder Punch</strong>!<br></div><div class="battle-history"><small>(Doublade lost <abbr title="−43/319">13.5%</abbr> of its health!)</small><br></div><div class="spacer battle-history"><br></div><h2 class="battle-history">Turn 3</h2><div class="spacer battle-history"><br></div><div class="battle-history">Doublade used <strong>Shadow Sneak</strong>!<br></div><div class="battle-history"><small>(The opposing Infernape lost <abbr title="−1/294">0.3%</abbr> of its health!)</small><br></div><div class="spacer battle-history"><br></div><div class="battle-history">The opposing Infernape fainted!<br></div><div class="spacer battle-history"><br></div><div class="battle-history">Hydra Dominatus sent out <strong>Banette</strong>!<br></div><div class="spacer battle-history"><br></div><h2 class="battle-history">Turn 4</h2><div class="spacer battle-history"><br></div><div class="battle-history">Doublade, come back!<br></div><div class="battle-history">Go! <strong>Hydreigon</strong>!<br></div><div class="battle-history"><small>Pointed stones dug into Hydreigon!</small><br></div><div class="spacer battle-history"><br></div><div class="battle-history"><small>The opposing Banette's Banettite is reacting to Hydra Dominatus's Mega Bracelet!</small><br>The opposing Banette has Mega Evolved into Mega Banette!<br></div><div class="spacer battle-history"><br></div><div class="battle-history">The opposing Banette used <strong>Thunder Wave</strong>!<br></div><div class="battle-history"><small>Hydreigon is paralyzed! It may be unable to move!</small><br></div><div class="spacer battle-history"><br></div><h2 class="battle-history">Turn 5</h2><div class="spacer battle-history"><br></div><div class="battle-history">The opposing Banette used <strong>Phantom Force</strong>!<br></div><div class="battle-history">The opposing Banette vanished instantly!<br></div><div class="spacer battle-history"><br></div><div class="battle-history">Hydreigon used <strong>Taunt</strong>!<br></div><div class="battle-history"><small>The opposing Banette avoided the attack!</small><br></div><div class="spacer battle-history"><br></div><h2 class="battle-history">Turn 6</h2><div class="spacer battle-history"><br></div><div class="battle-history">The opposing Banette used <strong>Phantom Force</strong>!<br></div><div class="battle-history"><small>It's not very effective...</small><br></div><div class="battle-history"><small>(Hydreigon lost <abbr title="−108/325">33.2%</abbr> of its health!)</small><br></div><div class="spacer battle-history"><br></div><div class="battle-history">Hydreigon used <strong>Dark Pulse</strong>!<br></div><div class="battle-history"><small>It's super effective!</small><br></div><div class="battle-history"><small>(The opposing Banette lost <abbr title="−332/332">100%</abbr> of its health!)</small><br></div><div class="battle-history"><small>Hydreigon lost some of its HP!</small><br></div><div class="spacer battle-history"><br></div><div class="battle-history">The opposing Banette fainted!<br></div><div class="spacer battle-history"><br></div><div class="battle-history">Hydra Dominatus sent out <strong>Yanmega</strong>!<br></div><div class="spacer battle-history"><br></div><h2 class="battle-history">Turn 7</h2><div class="chat"><small>mackdaddyyoshi joined.</small></div><div class="spacer battle-history"><br></div><div class="battle-history">Hydreigon, come back!<br></div><div class="battle-history">Go! <strong>Empoleon</strong>!<br></div><div class="battle-history"><small>Pointed stones dug into Empoleon!</small><br></div><div class="spacer battle-history"><br></div><div class="battle-history">The opposing Yanmega used <strong>Bug Buzz</strong>!<br></div><div class="battle-history"><small>It's not very effective...</small><br></div><div class="battle-history"><small>(Empoleon lost <abbr title="−70/371">18.9%</abbr> of its health!)</small><br></div><div class="battle-history"><small>The opposing Yanmega lost some of its HP!</small><br></div><div class="spacer battle-history"><br></div><div class="battle-history"><small>Empoleon restored a little HP using its Leftovers!</small><br></div><div class="battle-history"><small>[The opposing Yanmega's Speed Boost]</small><br></div><div class="battle-history"><small>The opposing Yanmega's Speed rose!</small><br></div><div class="spacer battle-history"><br></div><h2 class="battle-history">Turn 8</h2><div class="spacer battle-history"><br></div><div class="battle-history">The opposing Yanmega used <strong>Air Slash</strong>!<br></div><div class="battle-history"><small>It's not very effective...</small><br></div><div class="battle-history"><small>(Empoleon lost <abbr title="−62/371">16.7%</abbr> of its health!)</small><br></div><div class="battle-history"><small>The opposing Yanmega lost some of its HP!</small><br></div><div class="spacer battle-history"><br></div><div class="battle-history">Empoleon used <strong>Defog</strong>!<br></div><div class="battle-history"><small>The opposing Yanmega's evasiveness fell!</small><br></div><div class="battle-history"><small>The pointed stones disappeared from around your team!</small><br></div><div class="spacer battle-history"><br></div><div class="battle-history"><small>Empoleon restored a little HP using its Leftovers!</small><br></div><div class="battle-history"><small>[The opposing Yanmega's Speed Boost]</small><br></div><div class="battle-history"><small>The opposing Yanmega's Speed rose!</small><br></div><div class="spacer battle-history"><br></div><h2 class="battle-history">Turn 9</h2><div class="spacer battle-history"><br></div><div class="battle-history">The opposing Yanmega used <strong>Air Slash</strong>!<br></div><div class="battle-history"><small>It's not very effective...</small><br></div><div class="battle-history"><small>(Empoleon lost <abbr title="−58/371">15.6%</abbr> of its health!)</small><br></div><div class="battle-history"><small>The opposing Yanmega lost some of its HP!</small><br></div><div class="spacer battle-history"><br></div><div class="battle-history">Empoleon flinched and couldn't move!<br></div><div class="spacer battle-history"><br></div><div class="battle-history"><small>Empoleon restored a little HP using its Leftovers!</small><br></div><div class="battle-history"><small>[The opposing Yanmega's Speed Boost]</small><br></div><div class="battle-history"><small>The opposing Yanmega's Speed rose!</small><br></div><div class="spacer battle-history"><br></div><h2 class="battle-history">Turn 10</h2><div class="spacer battle-history"><br></div><div class="battle-history">The opposing Yanmega used <strong>Air Slash</strong>!<br></div><div class="battle-history"><small>It's not very effective...</small><br></div><div class="battle-history"><small>(Empoleon lost <abbr title="−58/371">15.6%</abbr> of its health!)</small><br></div><div class="battle-history"><small>The opposing Yanmega lost some of its HP!</small><br></div><div class="spacer battle-history"><br></div><div class="battle-history">Empoleon used <strong>Stealth Rock</strong>!<br></div><div class="battle-history"><small>Pointed stones float in the air around the opposing team!</small><br></div><div class="spacer battle-history"><br></div><div class="battle-history"><small>Empoleon restored a little HP using its Leftovers!</small><br></div><div class="battle-history"><small>[The opposing Yanmega's Speed Boost]</small><br></div><div class="battle-history"><small>The opposing Yanmega's Speed rose!</small><br></div><div class="spacer battle-history"><br></div><h2 class="battle-history">Turn 11</h2><div class="spacer battle-history"><br></div><div class="battle-history">The opposing Yanmega used <strong>Air Slash</strong>!<br></div><div class="battle-history"><small>It's not very effective...</small><br></div><div class="battle-history"><small>(Empoleon lost <abbr title="−64/371">17.3%</abbr> of its health!)</small><br></div><div class="battle-history"><small>The opposing Yanmega lost some of its HP!</small><br></div><div class="spacer battle-history"><br></div><div class="battle-history">Empoleon used <strong>Roar</strong>!<br></div><div class="spacer battle-history"><br></div><div class="battle-history"><strong>Chatot</strong> was dragged out!<br></div><div class="battle-history"><small>Pointed stones dug into the opposing Chatot!</small><br></div><div class="spacer battle-history"><br></div><div class="battle-history"><small>Empoleon restored a little HP using its Leftovers!</small><br></div><div class="spacer battle-history"><br></div><h2 class="battle-history">Turn 12</h2><div class="spacer battle-history"><br></div><div class="battle-history">The opposing Chatot used <strong>Boomburst</strong>!<br></div><div class="battle-history"><small>It's not very effective...</small><br></div><div class="battle-history"><small>(Empoleon lost <abbr title="−99/371">26.7%</abbr> of its health!)</small><br></div><div class="spacer battle-history"><br></div><div class="battle-history">Empoleon used <strong>Scald</strong>!<br></div><div class="battle-history"><small>(The opposing Chatot lost <abbr title="−221/294">75.2%</abbr> of its health!)</small><br></div><div class="spacer battle-history"><br></div><div class="battle-history">The opposing Chatot fainted!<br></div><div class="spacer battle-history"><br></div><div class="battle-history"><small>Empoleon restored a little HP using its Leftovers!</small><br></div><div class="spacer battle-history"><br></div><div class="battle-history">Hydra Dominatus sent out <strong>Yanmega</strong>!<br></div><div class="battle-history"><small>Pointed stones dug into the opposing Yanmega!</small><br></div><div class="spacer battle-history"><br></div><h2 class="battle-history">Turn 13</h2><div class="chat"><small>ehT joined.</small></div><div class="spacer battle-history"><br></div><div class="battle-history">Empoleon, come back!<br></div><div class="battle-history">Go! <strong>Hydreigon</strong>!<br></div><div class="spacer battle-history"><br></div><div class="battle-history">The opposing Yanmega used <strong>Giga Drain</strong>!<br></div><div class="battle-history"><small>It's not very effective...</small><br></div><div class="battle-history"><small>(Hydreigon lost <abbr title="−62/325">19.1%</abbr> of its health!)</small><br></div><div class="battle-history"><small>Hydreigon had its energy drained!</small><br></div><div class="battle-history"><small>The opposing Yanmega lost some of its HP!</small><br></div><div class="spacer battle-history"><br></div><div class="battle-history"><small>[The opposing Yanmega's Speed Boost]</small><br></div><div class="battle-history"><small>The opposing Yanmega's Speed rose!</small><br></div><div class="spacer battle-history"><br></div><h2 class="battle-history">Turn 14</h2><div class="chat chatmessage-hydradominatus"><strong style="color:hsl(280,62%,49%)"><small>☆</small><span class="username" data-name="Hydra Dominatus">Hydra Dominatus</span>:</strong> <em>This is boring.</em></div><div class="chat chatmessage-faceshield"><strong style="color:hsl(15,70%,47.115178294375%)"><small>☆</small><span class="username" data-name="face shield">face shield</span>:</strong> <em>lol yeah, since you suck</em></div><div class="spacer battle-history"><br></div><div class="battle-history">The opposing Yanmega used <strong>Giga Drain</strong>!<br></div><div class="battle-history"><small>It's not very effective...</small><br></div><div class="battle-history"><small>(Hydreigon lost <abbr title="−62/325">19.1%</abbr> of its health!)</small><br></div><div class="battle-history"><small>Hydreigon had its energy drained!</small><br></div><div class="battle-history"><small>The opposing Yanmega lost some of its HP!</small><br></div><div class="spacer battle-history"><br></div><div class="battle-history">Hydreigon used <strong>Dark Pulse</strong>!<br></div><div class="battle-history"><small>(The opposing Yanmega lost <abbr title="−2/314">0.6%</abbr> of its health!)</small><br></div><div class="battle-history"><small>Hydreigon lost some of its HP!</small><br></div><div class="spacer battle-history"><br></div><div class="battle-history">The opposing Yanmega fainted!<br></div><div class="battle-history">Hydreigon fainted!<br></div><div class="chat chatmessage-eht"><strong style="color:hsl(127,60%,39%)"><small>%</small><span class="username" data-name="ehT">ehT</span>:</strong> <em>loasted</em></div><div class="chat chatmessage-hydradominatus"><strong style="color:hsl(280,62%,49%)"><small>☆</small><span class="username" data-name="Hydra Dominatus">Hydra Dominatus</span>:</strong> <em>Can't be arsed to try.</em></div><div class="spacer battle-history"><br></div><div class="battle-history">Hydra Dominatus sent out <strong>Lucario</strong>!<br></div><div class="spacer battle-history"><br></div><div class="battle-history">Go! <strong>Swampert</strong>!<br></div><div class="battle-history"><small>Pointed stones dug into the opposing Lucario!</small><br></div><div class="spacer battle-history"><br></div><h2 class="battle-history">Turn 15</h2><div class="chat"><small>Chansey's Phat Ass joined.</small></div><div class="chat chatmessage-eht"><strong style="color:hsl(127,60%,39%)"><small>%</small><span class="username" data-name="ehT">ehT</span>:</strong> <em>hence your chatot - mbanette core</em></div><div class="chat chatmessage-eht"><strong style="color:hsl(127,60%,39%)"><small>%</small><span class="username" data-name="ehT">ehT</span>:</strong> <em>i take it</em></div><div class="spacer battle-history"><br></div><div class="battle-history"><small>Swampert's Swampertite is reacting to face shield's Mega Bracelet!</small><br>Swampert has Mega Evolved into Mega Swampert!<br></div><div class="spacer battle-history"><br></div><div class="battle-history">The opposing Lucario used <strong>Close Combat</strong>!<br></div><div class="battle-history"><small>(Swampert lost <abbr title="−186/341">54.5%</abbr> of its health!)</small><br></div><div class="battle-history"><small>The opposing Lucario's Defense fell!</small><br></div><div class="battle-history"><small>The opposing Lucario's Special Defense fell!</small><br></div><div class="spacer battle-history"><br></div><div class="battle-history">Swampert used <strong>Earthquake</strong>!<br></div><div class="battle-history"><small>It's super effective!</small><br></div><div class="battle-history"><small>A critical hit!</small><br></div><div class="battle-history"><small>(The opposing Lucario lost <abbr title="−274/282">97.2%</abbr> of its health!)</small><br></div><div class="spacer battle-history"><br></div><div class="battle-history">The opposing Lucario fainted!<br></div><div class="chat chatmessage-hydradominatus"><strong style="color:hsl(280,62%,49%)"><small>☆</small><span class="username" data-name="Hydra Dominatus">Hydra Dominatus</span>:</strong> <em>I'm not even talking to you.</em></div><div class="spacer battle-history"><br></div><div class="battle-history">Hydra Dominatus sent out <strong>Haxorus</strong>!<br></div><div class="battle-history"><small>Pointed stones dug into the opposing Haxorus!</small><br></div><div class="battle-history"><small>[The opposing Haxorus's Mold Breaker]</small><br><small>The opposing Haxorus breaks the mold!</small><br></div><div class="spacer battle-history"><br></div><h2 class="battle-history">Turn 16</h2><div class="chat"><small>Chansey's Phat Ass left.</small></div><div class="spacer battle-history"><br></div><div class="battle-history">The opposing Haxorus used <strong>Poison Jab</strong>!<br></div><div class="battle-history"><small>It's not very effective...</small><br></div><div class="battle-history"><small>(Swampert lost <abbr title="−52/341">15.2%</abbr> of its health!)</small><br></div><div class="spacer battle-history"><br></div><div class="battle-history">Swampert used <strong>Earthquake</strong>!<br></div><div class="battle-history"><small>(The opposing Haxorus lost <abbr title="−204/294">69.4%</abbr> of its health!)</small><br></div><div class="spacer battle-history"><br></div><h2 class="battle-history">Turn 17</h2><div class="chat chatmessage-hydradominatus"><strong style="color:hsl(280,62%,49%)"><small>☆</small><span class="username" data-name="Hydra Dominatus">Hydra Dominatus</span>:</strong> <em>Doublade.</em></div><div class="chat chatmessage-faceshield"><strong style="color:hsl(15,70%,47.115178294375%)"><small>☆</small><span class="username" data-name="face shield">face shield</span>:</strong> <em>how did u make the final</em></div><div class="chat chatmessage-faceshield"><strong style="color:hsl(15,70%,47.115178294375%)"><small>☆</small><span class="username" data-name="face shield">face shield</span>:</strong> <em>did ur opp forfeit?</em></div><div class="spacer battle-history"><br></div><div class="battle-history">The opposing Haxorus used <strong>Poison Jab</strong>!<br></div><div class="battle-history"><small>It's not very effective...</small><br></div><div class="battle-history"><small>(Swampert lost <abbr title="−57/341">16.7%</abbr> of its health!)</small><br></div><div class="spacer battle-history"><br></div><div class="battle-history">Swampert used <strong>Earthquake</strong>!<br></div><div class="battle-history"><small>(The opposing Haxorus lost <abbr title="−54/294">18.4%</abbr> of its health!)</small><br></div><div class="spacer battle-history"><br></div><div class="battle-history">The opposing Haxorus fainted!<br></div><div class="spacer battle-history"><br></div><div class="battle-history"><strong>face shield</strong> won the battle!<br></div></div><div class="inner-preempt"></div></div></div>
</div>
<script>
let daily = Math.floor(Date.now()/1000/60/60/24);document.write('<script src="https://play.pokemonshowdown.com/js/replay-embed.js?version'+daily+'"></'+'script>');
</script>
