<!DOCTYPE html>
<meta charset="utf-8" />
<!-- version 1 -->
<title>UU replay: Dirus vs. Juan_1996</title>
<style>
html,body {font-family:Verdana, sans-serif;font-size:10pt;margin:0;padding:0;}body{padding:12px 0;} .battle-log {font-family:Verdana, sans-serif;font-size:10pt;} .battle-log-inline {border:1px solid #AAAAAA;background:#EEF2F5;color:black;max-width:640px;margin:0 auto 80px;padding-bottom:5px;} .battle-log .inner {padding:4px 8px 0px 8px;} .battle-log .inner-preempt {padding:0 8px 4px 8px;} .battle-log .inner-after {margin-top:0.5em;} .battle-log h2 {margin:0.5em -8px;padding:4px 8px;border:1px solid #AAAAAA;background:#E0E7EA;border-left:0;border-right:0;font-family:Verdana, sans-serif;font-size:13pt;} .battle-log .chat {vertical-align:middle;padding:3px 0 3px 0;font-size:8pt;} .battle-log .chat strong {color:#40576A;} .battle-log .chat em {padding:1px 4px 1px 3px;color:#000000;font-style:normal;} .chat.mine {background:rgba(0,0,0,0.05);margin-left:-8px;margin-right:-8px;padding-left:8px;padding-right:8px;} .spoiler {color:#BBBBBB;background:#BBBBBB;padding:0px 3px;} .spoiler:hover, .spoiler:active, .spoiler-shown {color:#000000;background:#E2E2E2;padding:0px 3px;} .spoiler a {color:#BBBBBB;} .spoiler:hover a, .spoiler:active a, .spoiler-shown a {color:#2288CC;} .chat code, .chat .spoiler:hover code, .chat .spoiler:active code, .chat .spoiler-shown code {border:1px solid #C0C0C0;background:#EEEEEE;color:black;padding:0 2px;} .chat .spoiler code {border:1px solid #CCCCCC;background:#CCCCCC;color:#CCCCCC;} .battle-log .rated {padding:3px 4px;} .battle-log .rated strong {color:white;background:#89A;padding:1px 4px;border-radius:4px;} .spacer {margin-top:0.5em;} .message-announce {background:#6688AA;color:white;padding:1px 4px 2px;} .message-announce a, .broadcast-green a, .broadcast-blue a, .broadcast-red a {color:#DDEEFF;} .broadcast-green {background-color:#559955;color:white;padding:2px 4px;} .broadcast-blue {background-color:#6688AA;color:white;padding:2px 4px;} .infobox {border:1px solid #6688AA;padding:2px 4px;} .infobox-limited {max-height:200px;overflow:auto;overflow-x:hidden;} .broadcast-red {background-color:#AA5544;color:white;padding:2px 4px;} .message-learn-canlearn {font-weight:bold;color:#228822;text-decoration:underline;} .message-learn-cannotlearn {font-weight:bold;color:#CC2222;text-decoration:underline;} .message-effect-weak {font-weight:bold;color:#CC2222;} .message-effect-resist {font-weight:bold;color:#6688AA;} .message-effect-immune {font-weight:bold;color:#666666;} .message-learn-list {margin-top:0;margin-bottom:0;} .message-throttle-notice, .message-error {color:#992222;} .message-overflow, .chat small.message-overflow {font-size:0pt;} .message-overflow::before {font-size:9pt;content:'...';} .subtle {color:#3A4A66;}
</style>
<div class="wrapper replay-wrapper" style="max-width:1180px;margin:0 auto">
<input type="hidden" name="replayid" value="uu-542071466" />
<div class="battle"></div><div class="battle-log"></div><div class="replay-controls"></div><div class="replay-controls-2"></div>
<h1 style="font-weight:normal;text-align:center"><strong>UU</strong><br /><a href="http://pokemonshowdown.com/users/dirus" class="subtle" target="_blank">Dirus</a> vs. <a href="http://pokemonshowdown.com/users/juan1996" class="subtle" target="_blank">Juan_1996</a></h1>
<script type="text/plain" class="battle-log-data">|j|Dirus
|j|Juan_1996
|player|p1|Dirus|170
|player|p2|Juan_1996|52
|gametype|singles
|gen|6
|tier|UU
|rated
|seed|32946,14424,349,43391
|rule|Sleep Clause Mod: Limit one foe put to sleep
|rule|Species Clause: Limit one of each Pokémon
|rule|OHKO Clause: OHKO moves are banned
|rule|Moody Clause: Moody is banned
|rule|Evasion Moves Clause: Evasion moves are banned
|rule|Endless Battle Clause: Forcing endless battles is banned
|rule|HP Percentage Mod: HP is shown in percentages
|clearpoke
|poke|p1|Toxicroak, F|item
|poke|p1|Hitmonlee, M|item
|poke|p1|Scrafty, M|item
|poke|p1|Infernape, M|item
|poke|p1|Conkeldurr, M|item
|poke|p1|Hitmonchan, M|item
|poke|p2|Forretress, F|item
|poke|p2|Infernape, M|item
|poke|p2|Froslass, F|item
|poke|p2|Heliolisk, F|item
|poke|p2|Blastoise, F|item
|poke|p2|Porygon2|item
|rule|Swagger Clause: Swagger is banned
|rule|Baton Pass Clause: Limit one Baton Passer, can't pass Spe and other stats simultaneously
|teampreview
|choice|team 4, team 2, team 3, team 1, team 5, team 6|team 1, team 2, team 3, team 4, team 5, team 6
|
|start
|switch|p1a: Infernape|Infernape, M|293\/293
|switch|p2a: Forretress|Forretress, F|353\/353
|turn|1
|choice|move fakeout|switch 5
|
|switch|p2a: Blastoise|Blastoise, F|361\/361
|move|p1a: Infernape|Fake Out|p2a: Blastoise
|-damage|p2a: Blastoise|318\/361
|-damage|p1a: Infernape|264\/293|[from] item: Life Orb
|
|upkeep
|turn|2
|choice|switch 4|move scald mega
|
|switch|p1a: Toxicroak|Toxicroak, F|307\/307
|detailschange|p2a: Blastoise|Blastoise-Mega, F
|-mega|p2a: Blastoise|Blastoise|Blastoisinite
|move|p2a: Blastoise|Scald|p1a: Toxicroak
|-immune|p1a: Toxicroak|[msg]|[from] ability: Dry Skin
|
|upkeep
|turn|3
|choice|move swordsdance|switch 5
|
|switch|p2a: Forretress|Forretress, F|353\/353
|move|p1a: Toxicroak|Swords Dance|p1a: Toxicroak
|-boost|p1a: Toxicroak|atk|2
|
|upkeep
|turn|4
|choice|move swordsdance|move toxicspikes
|
|move|p1a: Toxicroak|Swords Dance|p1a: Toxicroak
|-boost|p1a: Toxicroak|atk|2
|move|p2a: Forretress|Toxic Spikes|p1a: Toxicroak
|-sidestart|p1: Dirus|move: Toxic Spikes
|
|upkeep
|turn|5
|choice|move drainpunch|move explosion
|
|move|p1a: Toxicroak|Drain Punch|p2a: Forretress
|-ability|p2a: Forretress|Sturdy
|-damage|p2a: Forretress|1\/353
|-damage|p1a: Toxicroak|277\/307|[from] item: Life Orb
|move|p2a: Forretress|Explosion|p1a: Toxicroak
|-damage|p1a: Toxicroak|0 fnt
|faint|p2a: Forretress
|faint|p1a: Toxicroak
|
|upkeep
|choice|switch 6|switch 2
|
|switch|p2a: Infernape|Infernape, M|293\/293
|switch|p1a: Hitmonchan|Hitmonchan, M|241\/241
|-status|p1a: Hitmonchan|psn
|turn|6
|choice|move drainpunch|move workup
|
|move|p2a: Infernape|Work Up|p2a: Infernape
|-boost|p2a: Infernape|atk|1
|-boost|p2a: Infernape|spa|1
|move|p1a: Hitmonchan|Drain Punch|p2a: Infernape
|-damage|p2a: Infernape|61\/293
|
|-damage|p1a: Hitmonchan|211\/241 psn|[from] psn
|upkeep
|turn|7
|choice|move drainpunch|move closecombat
|
|move|p2a: Infernape|Close Combat|p1a: Hitmonchan
|-damage|p1a: Hitmonchan|0 fnt
|-unboost|p2a: Infernape|def|1
|-unboost|p2a: Infernape|spd|1
|faint|p1a: Hitmonchan
|
|upkeep
|choice|switch 4|
|
|switch|p1a: Infernape|Infernape, M|264\/293
|-status|p1a: Infernape|psn
|turn|8
|choice|move fakeout|move closecombat
|
|move|p1a: Infernape|Fake Out|p2a: Infernape
|-damage|p2a: Infernape|0 fnt
|-damage|p1a: Infernape|235\/293 psn|[from] item: Life Orb
|faint|p2a: Infernape
|
|-damage|p1a: Infernape|199\/293 psn|[from] psn
|upkeep
|choice||switch 5
|
|switch|p2a: Blastoise|Blastoise-Mega, F|318\/361
|turn|9
|choice|switch 5|move scald
|
|switch|p1a: Conkeldurr|Conkeldurr, M|414\/414
|-status|p1a: Conkeldurr|psn
|move|p2a: Blastoise|Scald|p1a: Conkeldurr
|-damage|p1a: Conkeldurr|255\/414 psn
|
|-damage|p1a: Conkeldurr|204\/414 psn|[from] psn
|upkeep
|turn|10
|choice|move drainpunch|move scald
|
|move|p2a: Blastoise|Scald|p1a: Conkeldurr
|-damage|p1a: Conkeldurr|42\/414 psn
|move|p1a: Conkeldurr|Drain Punch|p2a: Blastoise
|-damage|p2a: Blastoise|105\/361
|-heal|p1a: Conkeldurr|149\/414 psn|[from] drain|[of] p2a: Blastoise
|
|-damage|p1a: Conkeldurr|98\/414 psn|[from] psn
|upkeep
|turn|11
|choice|move drainpunch|move scald
|
|move|p2a: Blastoise|Scald|p1a: Conkeldurr
|-damage|p1a: Conkeldurr|0 fnt
|faint|p1a: Conkeldurr
|
|upkeep
|choice|switch 5|
|
|switch|p1a: Infernape|Infernape, M|199\/293 psn
|turn|12
|choice|move fakeout|switch 3
|
|switch|p2a: Froslass|Froslass, F|281\/281
|move|p1a: Infernape|Fake Out|p2a: Froslass
|-immune|p2a: Froslass|[msg]
|
|-damage|p1a: Infernape|163\/293 psn|[from] psn
|upkeep
|turn|13
|choice|move overheat|move shadowball
|
|move|p2a: Froslass|Shadow Ball|p1a: Infernape
|-damage|p1a: Infernape|21\/293 psn
|-unboost|p1a: Infernape|spd|1
|move|p1a: Infernape|Overheat|p2a: Froslass
|-supereffective|p2a: Froslass
|-enditem|p2a: Froslass|Focus Sash
|-damage|p2a: Froslass|1\/281
|-start|p1a: Infernape|Disable|Overheat|[from] ability: Cursed Body|[of] p2a: Froslass
|-unboost|p1a: Infernape|spa|2
|-damage|p1a: Infernape|0 fnt|[from] item: Life Orb
|faint|p1a: Infernape
|
|upkeep
|choice|switch 3|
|
|switch|p1a: Scrafty|Scrafty, M|334\/334
|-status|p1a: Scrafty|psn
|-ability|p1a: Scrafty|Intimidate|boost
|-unboost|p2a: Froslass|atk|1
|turn|14
|choice|move bulkup|move destinybond
|
|move|p2a: Froslass|Destiny Bond|p2a: Froslass
|-singlemove|p2a: Froslass|Destiny Bond
|move|p1a: Scrafty|Bulk Up|p1a: Scrafty
|-boost|p1a: Scrafty|atk|1
|-boost|p1a: Scrafty|def|1
|
|-damage|p1a: Scrafty|293\/334 psn|[from] psn
|upkeep
|turn|15
|choice|move bulkup|move destinybond
|
|move|p2a: Froslass|Destiny Bond|p2a: Froslass
|-singlemove|p2a: Froslass|Destiny Bond
|move|p1a: Scrafty|Bulk Up|p1a: Scrafty
|-boost|p1a: Scrafty|atk|1
|-boost|p1a: Scrafty|def|1
|
|-heal|p1a: Scrafty|313\/334 psn|[from] item: Leftovers
|-damage|p1a: Scrafty|272\/334 psn|[from] psn
|upkeep
|turn|16
|choice|move knockoff|move destinybond
|
|move|p2a: Froslass|Destiny Bond|p2a: Froslass
|-singlemove|p2a: Froslass|Destiny Bond
|move|p1a: Scrafty|Knock Off|p2a: Froslass
|-supereffective|p2a: Froslass
|-damage|p2a: Froslass|0 fnt
|-start|p1a: Scrafty|Disable|Knock Off|[from] ability: Cursed Body|[of] p2a: Froslass
|faint|p2a: Froslass
|-activate|p2a: Froslass|move: Destiny Bond
|faint|p1a: Scrafty
|
|upkeep
|choice|switch 2|switch 3
|
|switch|p1a: Hitmonlee|Hitmonlee, M|252\/252
|switch|p2a: Blastoise|Blastoise-Mega, F|105\/361
|-status|p1a: Hitmonlee|psn
|turn|17
|choice|move fakeout|move scald
|
|move|p1a: Hitmonlee|Fake Out|p2a: Blastoise
|-enditem|p1a: Hitmonlee|Normal Gem|[from] gem|[move] Fake Out
|-damage|p2a: Blastoise|53\/361
|cant|p2a: Blastoise|flinch
|
|-damage|p1a: Hitmonlee|221\/252 psn|[from] psn
|upkeep
|turn|18
|choice|move earthquake|move scald
|
|move|p1a: Hitmonlee|Earthquake|p2a: Blastoise
|-damage|p2a: Blastoise|0 fnt
|faint|p2a: Blastoise
|
|-damage|p1a: Hitmonlee|190\/252 psn|[from] psn
|upkeep
|choice||switch 6
|
|switch|p2a: Porygon2|Porygon2|373\/373
|-ability|p2a: Porygon2|Download|boost
|-boost|p2a: Porygon2|atk|1
|turn|19
|choice|move highjumpkick|move triattack
|
|move|p1a: Hitmonlee|High Jump Kick|p2a: Porygon2
|-supereffective|p2a: Porygon2
|-damage|p2a: Porygon2|29\/373
|move|p2a: Porygon2|Tri Attack|p1a: Hitmonlee
|-damage|p1a: Hitmonlee|72\/252 psn
|
|-damage|p1a: Hitmonlee|41\/252 psn|[from] psn
|upkeep
|turn|20
|choice|move earthquake|move thunderbolt
|
|move|p1a: Hitmonlee|Earthquake|p2a: Porygon2
|-damage|p2a: Porygon2|0 fnt
|faint|p2a: Porygon2
|
|-damage|p1a: Hitmonlee|10\/252 psn|[from] psn
|upkeep
|choice||switch 4
|
|switch|p2a: Heliolisk|Heliolisk, F|265\/265
|-item|p2a: Heliolisk|Air Balloon
|turn|21
|c|☆Juan_1996|gg
|choice|move highjumpkick|move thunderbolt
|
|move|p1a: Hitmonlee|High Jump Kick|p2a: Heliolisk|[miss]
|-miss|p1a: Hitmonlee|p2a: Heliolisk
|-damage|p1a: Hitmonlee|0 fnt|[from] highjumpkick
|faint|p1a: Hitmonlee
|
|win|Juan_1996
|player|p1
|player|p2
|raw|Dirus's rating: 1406 &rarr; <strong>1372<\/strong><br \/>(-34 for losing)
|raw|Juan_1996's rating: 1098 &rarr; <strong>1141<\/strong><br \/>(+43 for winning)</script>
</div>
<div class="battle-log battle-log-inline"><div class="inner"><div class="battle-options"></div><div class="inner"><div class="chat"><small>Dirus joined.</small></div><div class="chat"><small>Juan_1996 joined.</small></div><div class=""><small>Format:</small> <br><strong>UU</strong></div><div class="rated"><strong>Rated battle</strong></div><div class=""><small><em>Sleep Clause Mod:</em> Limit one foe put to sleep</small></div><div class=""><small><em>Species Clause:</em> Limit one of each Pokémon</small></div><div class=""><small><em>OHKO Clause:</em> OHKO moves are banned</small></div><div class=""><small><em>Moody Clause:</em> Moody is banned</small></div><div class=""><small><em>Evasion Moves Clause:</em> Evasion moves are banned</small></div><div class=""><small><em>Endless Battle Clause:</em> Forcing endless battles is banned</small></div><div class=""><small><em>HP Percentage Mod:</em> HP is shown in percentages</small></div><div class=""><small><em>Swagger Clause:</em> Swagger is banned</small></div><div class=""><small><em>Baton Pass Clause:</em> Limit one Baton Passer, can't pass Spe and other stats simultaneously</small></div><div class="chat battle-history"><strong>Dirus's team:</strong> <em style="color:#445566;display:block;">Toxicroak / Hitmonlee / Scrafty / Infernape / Conkeldurr / Hitmonchan</em></div><div class="chat battle-history"><strong>Juan_1996's team:</strong> <em style="color:#445566;display:block;">Forretress / Infernape / Froslass / Heliolisk / Blastoise / Porygon2</em></div><div class="spacer battle-history"><br></div><div class="battle-history">Battle started between Dirus and Juan_1996!<br></div><div class="spacer battle-history"><br></div><div class="battle-history">Go! <strong>Infernape</strong>!<br></div><div class="spacer battle-history"><br></div><div class="battle-history">Juan_1996 sent out <strong>Forretress</strong>!<br></div><div class="spacer battle-history"><br></div><h2 class="battle-history">Turn 1</h2><div class="spacer battle-history"><br></div><div class="battle-history">Juan_1996 withdrew Forretress!<br></div><div class="battle-history">Juan_1996 sent out <strong>Blastoise</strong>!<br></div><div class="spacer battle-history"><br></div><div class="battle-history">Infernape used <strong>Fake Out</strong>!<br></div><div class="battle-history"><small>(The opposing Blastoise lost <abbr title="−43/361">11.9%</abbr> of its health!)</small><br></div><div class="battle-history"><small>Infernape lost some of its HP!</small><br></div><div class="spacer battle-history"><br></div><h2 class="battle-history">Turn 2</h2><div class="spacer battle-history"><br></div><div class="battle-history">Infernape, come back!<br></div><div class="battle-history">Go! <strong>Toxicroak</strong>!<br></div><div class="spacer battle-history"><br></div><div class="battle-history"><small>The opposing Blastoise's Blastoisinite is reacting to Juan_1996's Mega Bracelet!</small><br>The opposing Blastoise has Mega Evolved into Mega Blastoise!<br></div><div class="spacer battle-history"><br></div><div class="battle-history">The opposing Blastoise used <strong>Scald</strong>!<br></div><div class="battle-history"><small>[Toxicroak's Dry Skin]</small><br><small>It doesn't affect Toxicroak...</small><br></div><div class="spacer battle-history"><br></div><h2 class="battle-history">Turn 3</h2><div class="spacer battle-history"><br></div><div class="battle-history">Juan_1996 withdrew Blastoise!<br></div><div class="battle-history">Juan_1996 sent out <strong>Forretress</strong>!<br></div><div class="spacer battle-history"><br></div><div class="battle-history">Toxicroak used <strong>Swords Dance</strong>!<br></div><div class="battle-history"><small>Toxicroak's Attack rose sharply!</small><br></div><div class="spacer battle-history"><br></div><h2 class="battle-history">Turn 4</h2><div class="spacer battle-history"><br></div><div class="battle-history">Toxicroak used <strong>Swords Dance</strong>!<br></div><div class="battle-history"><small>Toxicroak's Attack rose sharply!</small><br></div><div class="spacer battle-history"><br></div><div class="battle-history">The opposing Forretress used <strong>Toxic Spikes</strong>!<br></div><div class="battle-history"><small>Poison spikes were scattered on the ground all around your team!</small><br></div><div class="spacer battle-history"><br></div><h2 class="battle-history">Turn 5</h2><div class="spacer battle-history"><br></div><div class="battle-history">Toxicroak used <strong>Drain Punch</strong>!<br></div><div class="battle-history"><small>[The opposing Forretress's Sturdy]</small><br><small>The opposing Forretress endured the hit!</small><br></div><div class="battle-history"><small>(The opposing Forretress lost <abbr title="−352/353">99.7%</abbr> of its health!)</small><br></div><div class="battle-history"><small>Toxicroak lost some of its HP!</small><br></div><div class="spacer battle-history"><br></div><div class="battle-history">The opposing Forretress used <strong>Explosion</strong>!<br></div><div class="battle-history"><small>(Toxicroak lost <abbr title="−277/307">90.2%</abbr> of its health!)</small><br></div><div class="spacer battle-history"><br></div><div class="battle-history">The opposing Forretress fainted!<br></div><div class="battle-history">Toxicroak fainted!<br></div><div class="spacer battle-history"><br></div><div class="battle-history">Juan_1996 sent out <strong>Infernape</strong>!<br></div><div class="spacer battle-history"><br></div><div class="battle-history">Go! <strong>Hitmonchan</strong>!<br></div><div class="battle-history"><small>Hitmonchan was poisoned!</small><br></div><div class="spacer battle-history"><br></div><h2 class="battle-history">Turn 6</h2><div class="spacer battle-history"><br></div><div class="battle-history">The opposing Infernape used <strong>Work Up</strong>!<br></div><div class="battle-history"><small>The opposing Infernape's Attack rose!</small><br></div><div class="battle-history"><small>The opposing Infernape's Special Attack rose!</small><br></div><div class="spacer battle-history"><br></div><div class="battle-history">Hitmonchan used <strong>Drain Punch</strong>!<br></div><div class="battle-history"><small>(The opposing Infernape lost <abbr title="−232/293">79.2%</abbr> of its health!)</small><br></div><div class="spacer battle-history"><br></div><div class="battle-history"><small>Hitmonchan was hurt by poison!</small><br></div><div class="spacer battle-history"><br></div><h2 class="battle-history">Turn 7</h2><div class="spacer battle-history"><br></div><div class="battle-history">The opposing Infernape used <strong>Close Combat</strong>!<br></div><div class="battle-history"><small>(Hitmonchan lost <abbr title="−211/241">87.6%</abbr> of its health!)</small><br></div><div class="battle-history"><small>The opposing Infernape's Defense fell!</small><br></div><div class="battle-history"><small>The opposing Infernape's Special Defense fell!</small><br></div><div class="spacer battle-history"><br></div><div class="battle-history">Hitmonchan fainted!<br></div><div class="spacer battle-history"><br></div><div class="battle-history">Go! <strong>Infernape</strong>!<br></div><div class="battle-history"><small>Infernape was poisoned!</small><br></div><div class="spacer battle-history"><br></div><h2 class="battle-history">Turn 8</h2><div class="spacer battle-history"><br></div><div class="battle-history">Infernape used <strong>Fake Out</strong>!<br></div><div class="battle-history"><small>(The opposing Infernape lost <abbr title="−61/293">20.8%</abbr> of its health!)</small><br></div><div class="battle-history"><small>Infernape lost some of its HP!</small><br></div><div class="spacer battle-history"><br></div><div class="battle-history">The opposing Infernape fainted!<br></div><div class="spacer battle-history"><br></div><div class="battle-history"><small>Infernape was hurt by poison!</small><br></div><div class="spacer battle-history"><br></div><div class="battle-history">Juan_1996 sent out Blastoise (<strong>Blastoise-Mega</strong>)!<br></div><div class="spacer battle-history"><br></div><h2 class="battle-history">Turn 9</h2><div class="spacer battle-history"><br></div><div class="battle-history">Infernape, come back!<br></div><div class="battle-history">Go! <strong>Conkeldurr</strong>!<br></div><div class="battle-history"><small>Conkeldurr was poisoned!</small><br></div><div class="spacer battle-history"><br></div><div class="battle-history">The opposing Blastoise used <strong>Scald</strong>!<br></div><div class="battle-history"><small>(Conkeldurr lost <abbr title="−159/414">38.4%</abbr> of its health!)</small><br></div><div class="spacer battle-history"><br></div><div class="battle-history"><small>Conkeldurr was hurt by poison!</small><br></div><div class="spacer battle-history"><br></div><h2 class="battle-history">Turn 10</h2><div class="spacer battle-history"><br></div><div class="battle-history">The opposing Blastoise used <strong>Scald</strong>!<br></div><div class="battle-history"><small>(Conkeldurr lost <abbr title="−162/414">39.1%</abbr> of its health!)</small><br></div><div class="spacer battle-history"><br></div><div class="battle-history">Conkeldurr used <strong>Drain Punch</strong>!<br></div><div class="battle-history"><small>(The opposing Blastoise lost <abbr title="−213/361">59.0%</abbr> of its health!)</small><br></div><div class="battle-history"><small>The opposing Blastoise had its energy drained!</small><br></div><div class="spacer battle-history"><br></div><div class="battle-history"><small>Conkeldurr was hurt by poison!</small><br></div><div class="spacer battle-history"><br></div><h2 class="battle-history">Turn 11</h2><div class="spacer battle-history"><br></div><div class="battle-history">The opposing Blastoise used <strong>Scald</strong>!<br></div><div class="battle-history"><small>(Conkeldurr lost <abbr title="−98/414">23.7%</abbr> of its health!)</small><br></div><div class="spacer battle-history"><br></div><div class="battle-history">Conkeldurr fainted!<br></div><div class="spacer battle-history"><br></div><div class="battle-history">Go! <strong>Infernape</strong>!<br></div><div class="spacer battle-history"><br></div><h2 class="battle-history">Turn 12</h2><div class="spacer battle-history"><br></div><div class="battle-history">Juan_1996 withdrew Blastoise!<br></div><div class="battle-history">Juan_1996 sent out <strong>Froslass</strong>!<br></div><div class="spacer battle-history"><br></div><div class="battle-history">Infernape used <strong>Fake Out</strong>!<br></div><div class="battle-history"><small>It doesn't affect the opposing Froslass...</small><br></div><div class="spacer battle-history"><br></div><div class="battle-history"><small>Infernape was hurt by poison!</small><br></div><div class="spacer battle-history"><br></div><h2 class="battle-history">Turn 13</h2><div class="spacer battle-history"><br></div><div class="battle-history">The opposing Froslass used <strong>Shadow Ball</strong>!<br></div><div class="battle-history"><small>(Infernape lost <abbr title="−142/293">48.5%</abbr> of its health!)</small><br></div><div class="battle-history"><small>Infernape's Special Defense fell!</small><br></div><div class="spacer battle-history"><br></div><div class="battle-history">Infernape used <strong>Overheat</strong>!<br></div><div class="battle-history"><small>It's super effective!</small><br></div><div class="battle-history"><small>The opposing Froslass hung on using its Focus Sash!</small><br></div><div class="battle-history"><small>(The opposing Froslass lost <abbr title="−280/281">99.6%</abbr> of its health!)</small><br></div><div class="battle-history"><small>[The opposing Froslass's Cursed Body]</small><br><small>Infernape's Overheat was disabled!</small><br></div><div class="battle-history"><small>Infernape's Special Attack fell harshly!</small><br></div><div class="battle-history"><small>Infernape lost some of its HP!</small><br></div><div class="spacer battle-history"><br></div><div class="battle-history">Infernape fainted!<br></div><div class="spacer battle-history"><br></div><div class="battle-history">Go! <strong>Scrafty</strong>!<br></div><div class="battle-history"><small>Scrafty was poisoned!</small><br></div><div class="battle-history"><small>[Scrafty's Intimidate]</small><br></div><div class="battle-history"><small>The opposing Froslass's Attack fell!</small><br></div><div class="spacer battle-history"><br></div><h2 class="battle-history">Turn 14</h2><div class="spacer battle-history"><br></div><div class="battle-history">The opposing Froslass used <strong>Destiny Bond</strong>!<br></div><div class="battle-history">The opposing Froslass is hoping to take its attacker down with it!<br></div><div class="spacer battle-history"><br></div><div class="battle-history">Scrafty used <strong>Bulk Up</strong>!<br></div><div class="battle-history"><small>Scrafty's Attack rose!</small><br></div><div class="battle-history"><small>Scrafty's Defense rose!</small><br></div><div class="spacer battle-history"><br></div><div class="battle-history"><small>Scrafty was hurt by poison!</small><br></div><div class="spacer battle-history"><br></div><h2 class="battle-history">Turn 15</h2><div class="spacer battle-history"><br></div><div class="battle-history">The opposing Froslass used <strong>Destiny Bond</strong>!<br></div><div class="battle-history">The opposing Froslass is hoping to take its attacker down with it!<br></div><div class="spacer battle-history"><br></div><div class="battle-history">Scrafty used <strong>Bulk Up</strong>!<br></div><div class="battle-history"><small>Scrafty's Attack rose!</small><br></div><div class="battle-history"><small>Scrafty's Defense rose!</small><br></div><div class="spacer battle-history"><br></div><div class="battle-history"><small>Scrafty restored a little HP using its Leftovers!</small><br></div><div class="battle-history"><small>Scrafty was hurt by poison!</small><br></div><div class="spacer battle-history"><br></div><h2 class="battle-history">Turn 16</h2><div class="spacer battle-history"><br></div><div class="battle-history">The opposing Froslass used <strong>Destiny Bond</strong>!<br></div><div class="battle-history">The opposing Froslass is hoping to take its attacker down with it!<br></div><div class="spacer battle-history"><br></div><div class="battle-history">Scrafty used <strong>Knock Off</strong>!<br></div><div class="battle-history"><small>It's super effective!</small><br></div><div class="battle-history"><small>(The opposing Froslass lost <abbr title="−1/281">0.4%</abbr> of its health!)</small><br></div><div class="battle-history"><small>[The opposing Froslass's Cursed Body]</small><br><small>Scrafty's Knock Off was disabled!</small><br></div><div class="spacer battle-history"><br></div><div class="battle-history">The opposing Froslass fainted!<br></div><div class="battle-history"><small>The opposing Froslass took its attacker down with it!</small><br></div><div class="spacer battle-history"><br></div><div class="battle-history">Scrafty fainted!<br></div><div class="spacer battle-history"><br></div><div class="battle-history">Go! <strong>Hitmonlee</strong>!<br></div><div class="spacer battle-history"><br></div><div class="battle-history">Juan_1996 sent out Blastoise (<strong>Blastoise-Mega</strong>)!<br></div><div class="battle-history"><small>Hitmonlee was poisoned!</small><br></div><div class="spacer battle-history"><br></div><h2 class="battle-history">Turn 17</h2><div class="spacer battle-history"><br></div><div class="battle-history">Hitmonlee used <strong>Fake Out</strong>!<br></div><div class="battle-history"><small>The Normal Gem strengthened Hitmonlee's power!</small><br></div><div class="battle-history"><small>(The opposing Blastoise lost <abbr title="−52/361">14.4%</abbr> of its health!)</small><br></div><div class="spacer battle-history"><br></div><div class="battle-history">The opposing Blastoise flinched and couldn't move!<br></div><div class="spacer battle-history"><br></div><div class="battle-history"><small>Hitmonlee was hurt by poison!</small><br></div><div class="spacer battle-history"><br></div><h2 class="battle-history">Turn 18</h2><div class="spacer battle-history"><br></div><div class="battle-history">Hitmonlee used <strong>Earthquake</strong>!<br></div><div class="battle-history"><small>(The opposing Blastoise lost <abbr title="−53/361">14.7%</abbr> of its health!)</small><br></div><div class="spacer battle-history"><br></div><div class="battle-history">The opposing Blastoise fainted!<br></div><div class="spacer battle-history"><br></div><div class="battle-history"><small>Hitmonlee was hurt by poison!</small><br></div><div class="spacer battle-history"><br></div><div class="battle-history">Juan_1996 sent out <strong>Porygon2</strong>!<br></div><div class="battle-history"><small>[The opposing Porygon2's Download]</small><br></div><div class="battle-history"><small>The opposing Porygon2's Attack rose!</small><br></div><div class="spacer battle-history"><br></div><h2 class="battle-history">Turn 19</h2><div class="spacer battle-history"><br></div><div class="battle-history">Hitmonlee used <strong>High Jump Kick</strong>!<br></div><div class="battle-history"><small>It's super effective!</small><br></div><div class="battle-history"><small>(The opposing Porygon2 lost <abbr title="−344/373">92.2%</abbr> of its health!)</small><br></div><div class="spacer battle-history"><br></div><div class="battle-history">The opposing Porygon2 used <strong>Tri Attack</strong>!<br></div><div class="battle-history"><small>(Hitmonlee lost <abbr title="−118/252">46.8%</abbr> of its health!)</small><br></div><div class="spacer battle-history"><br></div><div class="battle-history"><small>Hitmonlee was hurt by poison!</small><br></div><div class="spacer battle-history"><br></div><h2 class="battle-history">Turn 20</h2><div class="spacer battle-history"><br></div><div class="battle-history">Hitmonlee used <strong>Earthquake</strong>!<br></div><div class="battle-history"><small>(The opposing Porygon2 lost <abbr title="−29/373">7.8%</abbr> of its health!)</small><br></div><div class="spacer battle-history"><br></div><div class="battle-history">The opposing Porygon2 fainted!<br></div><div class="spacer battle-history"><br></div><div class="battle-history"><small>Hitmonlee was hurt by poison!</small><br></div><div class="spacer battle-history"><br></div><div class="battle-history">Juan_1996 sent out <strong>Heliolisk</strong>!<br></div><div class="battle-history"><small>The opposing Heliolisk floats in the air with its Air Balloon!</small><br></div><div class="spacer battle-history"><br></div><h2 class="battle-history">Turn 21</h2><div class="chat chatmessage-juan1996"><strong style="color:hsl(73,47%,43.03312863061476%)"><small>☆</small><span class="username" data-name="Juan_1996">Juan_1996</span>:</strong> <em>gg</em></div><div class="spacer battle-history"><br></div><div class="battle-history">Hitmonlee used <strong>High Jump Kick</strong>!<br></div><div class="battle-history"><small>The opposing Heliolisk avoided the attack!</small><br></div><div class="battle-history"><small>Hitmonlee kept going and crashed!</small><br></div><div class="spacer battle-history"><br></div><div class="battle-history">Hitmonlee fainted!<br></div><div class="spacer battle-history"><br></div><div class="battle-history"><strong>Juan_1996</strong> won the battle!<br></div><div class="chat">Dirus's rating: 1406 → <strong>1372</strong><br>(-34 for losing)</div><div class="chat">Juan_1996's rating: 1098 → <strong>1141</strong><br>(+43 for winning)</div></div><div class="inner-preempt"></div></div></div>
</div>
<script>
let daily = Math.floor(Date.now()/1000/60/60/24);document.write('<script src="https://play.pokemonshowdown.com/js/replay-embed.js?version'+daily+'"></'+'script>');
</script>
