<!DOCTYPE html>
<meta charset="utf-8" />
<!-- version 1 -->
<title>UU replay: N3st vs. Dominik N</title>
<style>
html,body {font-family:Verdana, sans-serif;font-size:10pt;margin:0;padding:0;}body{padding:12px 0;} .battle-log {font-family:Verdana, sans-serif;font-size:10pt;} .battle-log-inline {border:1px solid #AAAAAA;background:#EEF2F5;color:black;max-width:640px;margin:0 auto 80px;padding-bottom:5px;} .battle-log .inner {padding:4px 8px 0px 8px;} .battle-log .inner-preempt {padding:0 8px 4px 8px;} .battle-log .inner-after {margin-top:0.5em;} .battle-log h2 {margin:0.5em -8px;padding:4px 8px;border:1px solid #AAAAAA;background:#E0E7EA;border-left:0;border-right:0;font-family:Verdana, sans-serif;font-size:13pt;} .battle-log .chat {vertical-align:middle;padding:3px 0 3px 0;font-size:8pt;} .battle-log .chat strong {color:#40576A;} .battle-log .chat em {padding:1px 4px 1px 3px;color:#000000;font-style:normal;} .chat.mine {background:rgba(0,0,0,0.05);margin-left:-8px;margin-right:-8px;padding-left:8px;padding-right:8px;} .spoiler {color:#BBBBBB;background:#BBBBBB;padding:0px 3px;} .spoiler:hover, .spoiler:active, .spoiler-shown {color:#000000;background:#E2E2E2;padding:0px 3px;} .spoiler a {color:#BBBBBB;} .spoiler:hover a, .spoiler:active a, .spoiler-shown a {color:#2288CC;} .chat code, .chat .spoiler:hover code, .chat .spoiler:active code, .chat .spoiler-shown code {border:1px solid #C0C0C0;background:#EEEEEE;color:black;padding:0 2px;} .chat .spoiler code {border:1px solid #CCCCCC;background:#CCCCCC;color:#CCCCCC;} .battle-log .rated {padding:3px 4px;} .battle-log .rated strong {color:white;background:#89A;padding:1px 4px;border-radius:4px;} .spacer {margin-top:0.5em;} .message-announce {background:#6688AA;color:white;padding:1px 4px 2px;} .message-announce a, .broadcast-green a, .broadcast-blue a, .broadcast-red a {color:#DDEEFF;} .broadcast-green {background-color:#559955;color:white;padding:2px 4px;} .broadcast-blue {background-color:#6688AA;color:white;padding:2px 4px;} .infobox {border:1px solid #6688AA;padding:2px 4px;} .infobox-limited {max-height:200px;overflow:auto;overflow-x:hidden;} .broadcast-red {background-color:#AA5544;color:white;padding:2px 4px;} .message-learn-canlearn {font-weight:bold;color:#228822;text-decoration:underline;} .message-learn-cannotlearn {font-weight:bold;color:#CC2222;text-decoration:underline;} .message-effect-weak {font-weight:bold;color:#CC2222;} .message-effect-resist {font-weight:bold;color:#6688AA;} .message-effect-immune {font-weight:bold;color:#666666;} .message-learn-list {margin-top:0;margin-bottom:0;} .message-throttle-notice, .message-error {color:#992222;} .message-overflow, .chat small.message-overflow {font-size:0pt;} .message-overflow::before {font-size:9pt;content:'...';} .subtle {color:#3A4A66;}
</style>
<div class="wrapper replay-wrapper" style="max-width:1180px;margin:0 auto">
<input type="hidden" name="replayid" value="destiny-uu-146187" />
<div class="battle"></div><div class="battle-log"></div><div class="replay-controls"></div><div class="replay-controls-2"></div>
<h1 style="font-weight:normal;text-align:center"><strong>UU</strong><br /><a href="http://pokemonshowdown.com/users/n3st" class="subtle" target="_blank">N3st</a> vs. <a href="http://pokemonshowdown.com/users/dominikn" class="subtle" target="_blank">Dominik N</a></h1>
<script type="text/plain" class="battle-log-data">|j|N3st
|j|Dominik N
|player|p1|N3st|n3st.gif?12008303
|player|p2|Dominik N|dominikn.gif?251c50e3
|gametype|singles
|gen|7
|tier|UU
|seed|59698,1415,23533,13030
|rule|Cláusula-Mod de Dormir: solo puedes dormir a uno de tus oponentes a la vez.
|rule|Cláusula de Especie: Hasta un Pokémon de cada especie
|rule|Cláusula de Golpe Fulminante: los movimientos fulminantes (OHKO) estan prohibidos
|rule|Cláusula de Moody: la habilidad Moody está prohibida
|rule|Cláusula de Movimientos Evasivos: los movimientos de evasion estan prohibidos
|rule|Cláusula de Batallas Eternas: forzar batallas eternas está prohibido
|clearpoke
|poke|p1|Roserade, M|item
|poke|p1|Suicune|item
|poke|p1|Mamoswine, F|item
|poke|p1|Cofagrigus, M|item
|poke|p1|Audino, M|item
|poke|p1|Scizor, F|item
|poke|p2|Aerodactyl, F|item
|poke|p2|Cobalion|item
|poke|p2|Latias, F|item
|poke|p2|Nidoking, M|item
|poke|p2|Tentacruel, F|item
|poke|p2|Volcanion|item
|teampreview
|choice|*team 623451|*
|choice|*|*team 523416
|choice|team 6, team 2, team 3, team 4, team 5, team 1|team 5, team 2, team 3, team 4, team 1, team 6
|
|start
|switch|p1a: Scizor|Scizor, F|343\/343
|switch|p2a: Tentacruel|Tentacruel, F|364\/364
|turn|1
|choice|*|*move 1
|choice|*move 3|*
|choice|move uturn|move toxicspikes
|
|move|p2a: Tentacruel|Toxic Spikes|p1a: Scizor
|-sidestart|p1: N3st|move: Toxic Spikes
|move|p1a: Scizor|U-turn|p2a: Tentacruel
|-resisted|p2a: Tentacruel
|-damage|p2a: Tentacruel|258\/364
|choice|*switch 6|*
|choice|switch 6|
|
|switch|p1a: Roserade|Roserade, M|324\/324
|-sideend|p1: N3st|move: Toxic Spikes|[of] p1a: Roserade
|
|-heal|p2a: Tentacruel|280\/364|[from] item: Leftovers
|upkeep
|turn|2
|choice|*move 4|*
|choice|*|*move 4
|choice|move sleeppowder|move knockoff
|
|move|p2a: Tentacruel|Knock Off|p1a: Roserade
|-damage|p1a: Roserade|247\/324
|-enditem|p1a: Roserade|Black Sludge|[from] move: Knock Off|[of] p2a: Tentacruel
|move|p1a: Roserade|Sleep Powder|p2a: Tentacruel
|-status|p2a: Tentacruel|slp
|
|-heal|p2a: Tentacruel|302\/364 slp|[from] item: Leftovers
|upkeep
|turn|3
|choice|*|*switch 5
|choice|*move 2|*
|choice|move toxicspikes|switch 5
|
|switch|p2a: Aerodactyl|Aerodactyl, F|301\/301
|move|p1a: Roserade|Toxic Spikes|p2a: Aerodactyl
|-sidestart|p2: Dominik N|move: Toxic Spikes
|
|upkeep
|turn|4
|choice|*switch 6|*
|choice|*|*move 4 mega
|choice|switch 6|move firefang mega
|
|switch|p1a: Scizor|Scizor, F|343\/343
|detailschange|p2a: Aerodactyl|Aerodactyl-Mega, F
|-mega|p2a: Aerodactyl|Aerodactyl|Aerodactylite
|move|p2a: Aerodactyl|Fire Fang|p1a: Scizor
|-supereffective|p1a: Scizor
|-damage|p1a: Scizor|0 fnt
|faint|p1a: Scizor
|
|upkeep
|choice|*switch 3|*
|choice|switch 3|
|
|switch|p1a: Mamoswine|Mamoswine, F|423\/423
|turn|5
|choice|*move 1|*
|choice|*|*switch 6
|choice|move iceshard|switch 6
|
|switch|p2a: Volcanion|Volcanion|301\/301
|-status|p2a: Volcanion|psn
|move|p1a: Mamoswine|Ice Shard|p2a: Volcanion
|-resisted|p2a: Volcanion
|-damage|p2a: Volcanion|285\/301 psn
|
|-damage|p2a: Volcanion|248\/301 psn|[from] psn
|upkeep
|turn|6
|choice|*|*move 4
|choice|*|*undo
|choice|*move 3|*
|choice|*|*move 1
|choice|move endeavor|move steameruption
|
|move|p2a: Volcanion|Steam Eruption|p1a: Mamoswine
|-supereffective|p1a: Mamoswine
|-enditem|p1a: Mamoswine|Focus Sash
|-damage|p1a: Mamoswine|1\/423
|move|p1a: Mamoswine|Endeavor|p2a: Volcanion
|-damage|p2a: Volcanion|1\/301 psn
|
|-damage|p2a: Volcanion|0 fnt|[from] psn
|upkeep
|faint|p2a: Volcanion
|choice|*|*switch 4
|choice||switch 4
|
|switch|p2a: Nidoking|Nidoking, M|303\/303
|-sideend|p2: Dominik N|move: Toxic Spikes|[of] p2a: Nidoking
|turn|7
|choice|*|*switch 2
|choice|*|*undo
|choice|*move 1|*
|choice|*|*switch 2
|choice|move iceshard|switch 2
|
|switch|p2a: Cobalion|Cobalion|323\/323
|move|p1a: Mamoswine|Ice Shard|p2a: Cobalion
|-resisted|p2a: Cobalion
|-damage|p2a: Cobalion|288\/323
|
|upkeep
|turn|8
|choice|*|*move 3
|choice|*move 3|*
|choice|move endeavor|move ironhead
|
|move|p2a: Cobalion|Iron Head|p1a: Mamoswine
|-supereffective|p1a: Mamoswine
|-damage|p1a: Mamoswine|0 fnt
|faint|p1a: Mamoswine
|
|upkeep
|choice|*switch 4|*
|choice|switch 4|
|
|switch|p1a: Cofagrigus|Cofagrigus, M|320\/320
|turn|9
|choice|*move 1|*
|choice|*|*switch 3
|choice|move willowisp|switch 3
|
|switch|p2a: Latias|Latias, F|301\/301
|move|p1a: Cofagrigus|Will-O-Wisp|p2a: Latias
|-status|p2a: Latias|brn
|
|-damage|p2a: Latias|283\/301 brn|[from] brn
|upkeep
|turn|10
|choice|*|*switch 2
|choice|*move 2|*
|choice|move hex|switch 2
|
|switch|p2a: Nidoking|Nidoking, M|303\/303
|move|p1a: Cofagrigus|Hex|p2a: Nidoking
|-damage|p2a: Nidoking|209\/303
|
|upkeep
|turn|11
|choice|*|*move 1
|choice|*move 1|*
|choice|move willowisp|move substitute
|
|move|p2a: Nidoking|Substitute|p2a: Nidoking
|-start|p2a: Nidoking|Substitute
|-damage|p2a: Nidoking|134\/303
|move|p1a: Cofagrigus|Will-O-Wisp|p2a: Nidoking|[miss]
|-miss|p1a: Cofagrigus|p2a: Nidoking
|
|upkeep
|turn|12
|choice|*|*move 2
|choice|*move 2|*
|choice|move hex|move sludgewave
|
|move|p2a: Nidoking|Sludge Wave|p1a: Cofagrigus
|-resisted|p1a: Cofagrigus
|-crit|p1a: Cofagrigus
|-damage|p1a: Cofagrigus|208\/320
|move|p1a: Cofagrigus|Hex|p2a: Nidoking
|-end|p2a: Nidoking|Substitute
|
|-heal|p1a: Cofagrigus|228\/320|[from] item: Leftovers
|upkeep
|turn|13
|choice|*|*switch 2
|choice|*move 2|*
|choice|move hex|switch 2
|
|switch|p2a: Latias|Latias, F|283\/301 brn
|move|p1a: Cofagrigus|Hex|p2a: Latias
|-supereffective|p2a: Latias
|-damage|p2a: Latias|29\/301 brn
|
|-heal|p2a: Latias|47\/301 brn|[from] item: Leftovers
|-heal|p1a: Cofagrigus|248\/320|[from] item: Leftovers
|-damage|p2a: Latias|29\/301 brn|[from] brn
|upkeep
|turn|14
|choice|*move 2|*
|choice|*|*move 2
|choice|move hex|move psyshock
|
|move|p2a: Latias|Psyshock|p1a: Cofagrigus
|-crit|p1a: Cofagrigus
|-damage|p1a: Cofagrigus|115\/320
|move|p1a: Cofagrigus|Hex|p2a: Latias
|-supereffective|p2a: Latias
|-damage|p2a: Latias|0 fnt
|faint|p2a: Latias
|
|-heal|p1a: Cofagrigus|135\/320|[from] item: Leftovers
|upkeep
|choice|*|*switch 6
|choice||switch 6
|
|switch|p2a: Aerodactyl|Aerodactyl-Mega, F|301\/301
|turn|15
|choice|*|*move 2
|choice|*move 4|*
|choice|move protect|move stoneedge
|
|move|p1a: Cofagrigus|Protect|p1a: Cofagrigus
|-singleturn|p1a: Cofagrigus|Protect
|move|p2a: Aerodactyl|Stone Edge|p1a: Cofagrigus
|-activate|p1a: Cofagrigus|move: Protect
|
|-heal|p1a: Cofagrigus|155\/320|[from] item: Leftovers
|upkeep
|turn|16
|choice|*move 1|*
|choice|*|*move 2
|choice|move willowisp|move stoneedge
|
|move|p2a: Aerodactyl|Stone Edge|p1a: Cofagrigus
|-damage|p1a: Cofagrigus|16\/320
|move|p1a: Cofagrigus|Will-O-Wisp|p2a: Aerodactyl|[miss]
|-miss|p1a: Cofagrigus|p2a: Aerodactyl
|
|-heal|p1a: Cofagrigus|36\/320|[from] item: Leftovers
|upkeep
|turn|17
|choice|*move 4|*
|choice|*|*move 3
|choice|move protect|move aerialace
|
|move|p1a: Cofagrigus|Protect|p1a: Cofagrigus
|-singleturn|p1a: Cofagrigus|Protect
|move|p2a: Aerodactyl|Aerial Ace|p1a: Cofagrigus
|-activate|p1a: Cofagrigus|move: Protect
|
|-heal|p1a: Cofagrigus|56\/320|[from] item: Leftovers
|upkeep
|turn|18
|choice|*|*move 2
|choice|*move 1|*
|choice|move willowisp|move stoneedge
|
|move|p2a: Aerodactyl|Stone Edge|p1a: Cofagrigus
|-damage|p1a: Cofagrigus|0 fnt
|faint|p1a: Cofagrigus
|
|upkeep
|choice|*switch 5|*
|choice|switch 5|
|
|switch|p1a: Audino|Audino, M|410\/410
|turn|19
|choice|*|*switch 3
|choice|*move 1|*
|choice|move calmmind|switch 3
|
|switch|p2a: Cobalion|Cobalion|288\/323
|move|p1a: Audino|Calm Mind|p1a: Audino
|-boost|p1a: Audino|spa|1
|-boost|p1a: Audino|spd|1
|
|upkeep
|turn|20
|choice|*|*move 4
|choice|*move 2 mega|*
|choice|move dazzlinggleam mega|move swordsdance
|
|detailschange|p1a: Audino|Audino-Mega, M
|-mega|p1a: Audino|Audino|Audinite
|move|p2a: Cobalion|Swords Dance|p2a: Cobalion
|-boost|p2a: Cobalion|atk|2
|move|p1a: Audino|Dazzling Gleam|p2a: Cobalion
|-damage|p2a: Cobalion|128\/323
|
|upkeep
|turn|21
|choice|*|*move 3
|choice|*move 2|*
|choice|move dazzlinggleam|move ironhead
|
|move|p2a: Cobalion|Iron Head|p1a: Audino
|-supereffective|p1a: Audino
|-damage|p1a: Audino|120\/410
|cant|p1a: Audino|flinch
|
|upkeep
|turn|22
|choice|*|*move 3
|choice|*move 2|*
|choice|move dazzlinggleam|move ironhead
|
|move|p2a: Cobalion|Iron Head|p1a: Audino
|-supereffective|p1a: Audino
|-damage|p1a: Audino|0 fnt
|faint|p1a: Audino
|
|upkeep
|choice|*switch 2|*
|choice|switch 2|
|
|switch|p1a: Suicune|Suicune|404\/404
|-ability|p1a: Suicune|Pressure
|turn|23
|choice|*|*move 2 zmove
|choice|*move 1|*
|choice|move scald|move closecombat zmove
|
|-zpower|p2a: Cobalion
|move|p2a: Cobalion|All-Out Pummeling|p1a: Suicune|[zeffect]
|-damage|p1a: Suicune|59\/404
|move|p1a: Suicune|Scald|p2a: Cobalion
|-damage|p2a: Cobalion|10\/323
|-status|p2a: Cobalion|brn
|
|-heal|p1a: Suicune|84\/404|[from] item: Leftovers
|-damage|p2a: Cobalion|0 fnt|[from] brn
|upkeep
|faint|p2a: Cobalion
|choice|*|*switch 3
|choice||switch 3
|
|switch|p2a: Aerodactyl|Aerodactyl-Mega, F|301\/301
|turn|24
|choice|*|*move 3
|choice|*|*undo
|choice|*|*move 2
|choice|*|*undo
|choice|*|*move 3
|choice|*move 3|*
|choice|move rest|move aerialace
|
|move|p2a: Aerodactyl|Aerial Ace|p1a: Suicune
|-damage|p1a: Suicune|0 fnt
|faint|p1a: Suicune
|
|upkeep
|choice|*switch 6|*
|choice|switch 6|
|
|switch|p1a: Roserade|Roserade, M|247\/324
|turn|25
|c|☆Dominik N|buena
|c|☆N3st|gg
|choice|*|*move 3
|c|☆Dominik N|es bueno? :s
|choice|*move 1|*
|choice|move gigadrain|move aerialace
|
|move|p2a: Aerodactyl|Aerial Ace|p1a: Roserade
|-supereffective|p1a: Roserade
|-damage|p1a: Roserade|0 fnt
|faint|p1a: Roserade
|
|win|Dominik N
|player|p1
|player|p2
|l|N3st</script>
</div>
<div class="battle-log battle-log-inline"><div class="inner"><div class="battle-options"></div><div class="inner"><div class="chat"><small>N3st joined.</small></div><div class="chat"><small>Dominik N joined.</small></div><div class=""><small>Format:</small> <br><strong>UU</strong></div><div class=""><small><em>Cláusula-Mod de Dormir:</em> solo puedes dormir a uno de tus oponentes a la vez.</small></div><div class=""><small><em>Cláusula de Especie:</em> Hasta un Pokémon de cada especie</small></div><div class=""><small><em>Cláusula de Golpe Fulminante:</em> los movimientos fulminantes (OHKO) estan prohibidos</small></div><div class=""><small><em>Cláusula de Moody:</em> la habilidad Moody está prohibida</small></div><div class=""><small><em>Cláusula de Movimientos Evasivos:</em> los movimientos de evasion estan prohibidos</small></div><div class=""><small><em>Cláusula de Batallas Eternas:</em> forzar batallas eternas está prohibido</small></div><div class="chat battle-history"><strong>N3st's team:</strong> <em style="color:#445566;display:block;">Roserade / Suicune / Mamoswine / Cofagrigus / Audino / Scizor</em></div><div class="chat battle-history"><strong>Dominik N's team:</strong> <em style="color:#445566;display:block;">Aerodactyl / Cobalion / Latias / Nidoking / Tentacruel / Volcanion</em></div><div class="spacer battle-history"><br></div><div class="battle-history">Battle started between N3st and Dominik N!<br></div><div class="spacer battle-history"><br></div><div class="battle-history">Go! <strong>Scizor</strong>!<br></div><div class="spacer battle-history"><br></div><div class="battle-history">Dominik N sent out <strong>Tentacruel</strong>!<br></div><div class="spacer battle-history"><br></div><h2 class="battle-history">Turn 1</h2><div class="spacer battle-history"><br></div><div class="battle-history">The opposing Tentacruel used <strong>Toxic Spikes</strong>!<br></div><div class="battle-history"><small>Poison spikes were scattered on the ground all around your team!</small><br></div><div class="spacer battle-history"><br></div><div class="battle-history">Scizor used <strong>U-turn</strong>!<br></div><div class="battle-history"><small>It's not very effective...</small><br></div><div class="battle-history"><small>(The opposing Tentacruel lost <abbr title="−106/364">29.1%</abbr> of its health!)</small><br></div><div class="spacer battle-history"><br></div><div class="battle-history">Scizor went back to N3st!<br></div><div class="battle-history">Go! <strong>Roserade</strong>!<br></div><div class="battle-history"><small>The poison spikes disappeared from the ground around your team!</small><br></div><div class="spacer battle-history"><br></div><div class="battle-history"><small>The opposing Tentacruel restored a little HP using its Leftovers!</small><br></div><div class="spacer battle-history"><br></div><h2 class="battle-history">Turn 2</h2><div class="spacer battle-history"><br></div><div class="battle-history">The opposing Tentacruel used <strong>Knock Off</strong>!<br></div><div class="battle-history"><small>(Roserade lost <abbr title="−77/324">23.8%</abbr> of its health!)</small><br></div><div class="battle-history"><small>The opposing Tentacruel knocked off Roserade's Black Sludge!</small><br></div><div class="spacer battle-history"><br></div><div class="battle-history">Roserade used <strong>Sleep Powder</strong>!<br></div><div class="battle-history"><small>The opposing Tentacruel fell asleep!</small><br></div><div class="spacer battle-history"><br></div><div class="battle-history"><small>The opposing Tentacruel restored a little HP using its Leftovers!</small><br></div><div class="spacer battle-history"><br></div><h2 class="battle-history">Turn 3</h2><div class="spacer battle-history"><br></div><div class="battle-history">Dominik N withdrew Tentacruel!<br></div><div class="battle-history">Dominik N sent out <strong>Aerodactyl</strong>!<br></div><div class="spacer battle-history"><br></div><div class="battle-history">Roserade used <strong>Toxic Spikes</strong>!<br></div><div class="battle-history"><small>Poison spikes were scattered on the ground all around the opposing team!</small><br></div><div class="spacer battle-history"><br></div><h2 class="battle-history">Turn 4</h2><div class="spacer battle-history"><br></div><div class="battle-history">Roserade, come back!<br></div><div class="battle-history">Go! <strong>Scizor</strong>!<br></div><div class="spacer battle-history"><br></div><div class="battle-history"><small>The opposing Aerodactyl's Aerodactylite is reacting to the Key Stone!</small><br>The opposing Aerodactyl has Mega Evolved into Mega Aerodactyl!<br></div><div class="spacer battle-history"><br></div><div class="battle-history">The opposing Aerodactyl used <strong>Fire Fang</strong>!<br></div><div class="battle-history"><small>It's super effective!</small><br></div><div class="battle-history"><small>(Scizor lost <abbr title="−343/343">100%</abbr> of its health!)</small><br></div><div class="spacer battle-history"><br></div><div class="battle-history">Scizor fainted!<br></div><div class="spacer battle-history"><br></div><div class="battle-history">Go! <strong>Mamoswine</strong>!<br></div><div class="spacer battle-history"><br></div><h2 class="battle-history">Turn 5</h2><div class="spacer battle-history"><br></div><div class="battle-history">Dominik N withdrew Aerodactyl!<br></div><div class="battle-history">Dominik N sent out <strong>Volcanion</strong>!<br></div><div class="battle-history"><small>The opposing Volcanion was poisoned!</small><br></div><div class="spacer battle-history"><br></div><div class="battle-history">Mamoswine used <strong>Ice Shard</strong>!<br></div><div class="battle-history"><small>It's not very effective...</small><br></div><div class="battle-history"><small>(The opposing Volcanion lost <abbr title="−16/301">5.3%</abbr> of its health!)</small><br></div><div class="spacer battle-history"><br></div><div class="battle-history"><small>The opposing Volcanion was hurt by poison!</small><br></div><div class="spacer battle-history"><br></div><h2 class="battle-history">Turn 6</h2><div class="spacer battle-history"><br></div><div class="battle-history">The opposing Volcanion used <strong>Steam Eruption</strong>!<br></div><div class="battle-history"><small>It's super effective!</small><br></div><div class="battle-history"><small>Mamoswine hung on using its Focus Sash!</small><br></div><div class="battle-history"><small>(Mamoswine lost <abbr title="−422/423">99.8%</abbr> of its health!)</small><br></div><div class="spacer battle-history"><br></div><div class="battle-history">Mamoswine used <strong>Endeavor</strong>!<br></div><div class="battle-history"><small>(The opposing Volcanion lost <abbr title="−247/301">82.1%</abbr> of its health!)</small><br></div><div class="spacer battle-history"><br></div><div class="battle-history"><small>The opposing Volcanion was hurt by poison!</small><br></div><div class="spacer battle-history"><br></div><div class="battle-history">The opposing Volcanion fainted!<br></div><div class="spacer battle-history"><br></div><div class="battle-history">Dominik N sent out <strong>Nidoking</strong>!<br></div><div class="battle-history"><small>The poison spikes disappeared from the ground around the opposing team!</small><br></div><div class="spacer battle-history"><br></div><h2 class="battle-history">Turn 7</h2><div class="spacer battle-history"><br></div><div class="battle-history">Dominik N withdrew Nidoking!<br></div><div class="battle-history">Dominik N sent out <strong>Cobalion</strong>!<br></div><div class="spacer battle-history"><br></div><div class="battle-history">Mamoswine used <strong>Ice Shard</strong>!<br></div><div class="battle-history"><small>It's not very effective...</small><br></div><div class="battle-history"><small>(The opposing Cobalion lost <abbr title="−35/323">10.8%</abbr> of its health!)</small><br></div><div class="spacer battle-history"><br></div><h2 class="battle-history">Turn 8</h2><div class="spacer battle-history"><br></div><div class="battle-history">The opposing Cobalion used <strong>Iron Head</strong>!<br></div><div class="battle-history"><small>It's super effective!</small><br></div><div class="battle-history"><small>(Mamoswine lost <abbr title="−1/423">0.2%</abbr> of its health!)</small><br></div><div class="spacer battle-history"><br></div><div class="battle-history">Mamoswine fainted!<br></div><div class="spacer battle-history"><br></div><div class="battle-history">Go! <strong>Cofagrigus</strong>!<br></div><div class="spacer battle-history"><br></div><h2 class="battle-history">Turn 9</h2><div class="spacer battle-history"><br></div><div class="battle-history">Dominik N withdrew Cobalion!<br></div><div class="battle-history">Dominik N sent out <strong>Latias</strong>!<br></div><div class="spacer battle-history"><br></div><div class="battle-history">Cofagrigus used <strong>Will-O-Wisp</strong>!<br></div><div class="battle-history"><small>The opposing Latias was burned!</small><br></div><div class="spacer battle-history"><br></div><div class="battle-history"><small>The opposing Latias was hurt by its burn!</small><br></div><div class="spacer battle-history"><br></div><h2 class="battle-history">Turn 10</h2><div class="spacer battle-history"><br></div><div class="battle-history">Dominik N withdrew Latias!<br></div><div class="battle-history">Dominik N sent out <strong>Nidoking</strong>!<br></div><div class="spacer battle-history"><br></div><div class="battle-history">Cofagrigus used <strong>Hex</strong>!<br></div><div class="battle-history"><small>(The opposing Nidoking lost <abbr title="−94/303">31.0%</abbr> of its health!)</small><br></div><div class="spacer battle-history"><br></div><h2 class="battle-history">Turn 11</h2><div class="spacer battle-history"><br></div><div class="battle-history">The opposing Nidoking used <strong>Substitute</strong>!<br></div><div class="battle-history"><small>The opposing Nidoking put in a substitute!</small><br></div><div class="battle-history"><small>(The opposing Nidoking lost <abbr title="−75/303">24.8%</abbr> of its health!)</small><br></div><div class="spacer battle-history"><br></div><div class="battle-history">Cofagrigus used <strong>Will-O-Wisp</strong>!<br></div><div class="battle-history"><small>The opposing Nidoking avoided the attack!</small><br></div><div class="spacer battle-history"><br></div><h2 class="battle-history">Turn 12</h2><div class="spacer battle-history"><br></div><div class="battle-history">The opposing Nidoking used <strong>Sludge Wave</strong>!<br></div><div class="battle-history"><small>It's not very effective...</small><br></div><div class="battle-history"><small>A critical hit!</small><br></div><div class="battle-history"><small>(Cofagrigus lost <abbr title="−112/320">35%</abbr> of its health!)</small><br></div><div class="spacer battle-history"><br></div><div class="battle-history">Cofagrigus used <strong>Hex</strong>!<br></div><div class="battle-history"><small>The opposing Nidoking's substitute faded!</small><br></div><div class="spacer battle-history"><br></div><div class="battle-history"><small>Cofagrigus restored a little HP using its Leftovers!</small><br></div><div class="spacer battle-history"><br></div><h2 class="battle-history">Turn 13</h2><div class="spacer battle-history"><br></div><div class="battle-history">Dominik N withdrew Nidoking!<br></div><div class="battle-history">Dominik N sent out <strong>Latias</strong>!<br></div><div class="spacer battle-history"><br></div><div class="battle-history">Cofagrigus used <strong>Hex</strong>!<br></div><div class="battle-history"><small>It's super effective!</small><br></div><div class="battle-history"><small>(The opposing Latias lost <abbr title="−254/301">84.4%</abbr> of its health!)</small><br></div><div class="spacer battle-history"><br></div><div class="battle-history"><small>The opposing Latias restored a little HP using its Leftovers!</small><br></div><div class="battle-history"><small>Cofagrigus restored a little HP using its Leftovers!</small><br></div><div class="battle-history"><small>The opposing Latias was hurt by its burn!</small><br></div><div class="spacer battle-history"><br></div><h2 class="battle-history">Turn 14</h2><div class="spacer battle-history"><br></div><div class="battle-history">The opposing Latias used <strong>Psyshock</strong>!<br></div><div class="battle-history"><small>A critical hit!</small><br></div><div class="battle-history"><small>(Cofagrigus lost <abbr title="−133/320">41.6%</abbr> of its health!)</small><br></div><div class="spacer battle-history"><br></div><div class="battle-history">Cofagrigus used <strong>Hex</strong>!<br></div><div class="battle-history"><small>It's super effective!</small><br></div><div class="battle-history"><small>(The opposing Latias lost <abbr title="−29/301">9.6%</abbr> of its health!)</small><br></div><div class="spacer battle-history"><br></div><div class="battle-history">The opposing Latias fainted!<br></div><div class="spacer battle-history"><br></div><div class="battle-history"><small>Cofagrigus restored a little HP using its Leftovers!</small><br></div><div class="spacer battle-history"><br></div><div class="battle-history">Dominik N sent out Aerodactyl (<strong>Aerodactyl-Mega</strong>)!<br></div><div class="spacer battle-history"><br></div><h2 class="battle-history">Turn 15</h2><div class="spacer battle-history"><br></div><div class="battle-history">Cofagrigus used <strong>Protect</strong>!<br></div><div class="battle-history"><small>Cofagrigus protected itself!</small><br></div><div class="spacer battle-history"><br></div><div class="battle-history">The opposing Aerodactyl used <strong>Stone Edge</strong>!<br></div><div class="battle-history"><small>Cofagrigus protected itself!</small><br></div><div class="spacer battle-history"><br></div><div class="battle-history"><small>Cofagrigus restored a little HP using its Leftovers!</small><br></div><div class="spacer battle-history"><br></div><h2 class="battle-history">Turn 16</h2><div class="spacer battle-history"><br></div><div class="battle-history">The opposing Aerodactyl used <strong>Stone Edge</strong>!<br></div><div class="battle-history"><small>(Cofagrigus lost <abbr title="−139/320">43.4%</abbr> of its health!)</small><br></div><div class="spacer battle-history"><br></div><div class="battle-history">Cofagrigus used <strong>Will-O-Wisp</strong>!<br></div><div class="battle-history"><small>The opposing Aerodactyl avoided the attack!</small><br></div><div class="spacer battle-history"><br></div><div class="battle-history"><small>Cofagrigus restored a little HP using its Leftovers!</small><br></div><div class="spacer battle-history"><br></div><h2 class="battle-history">Turn 17</h2><div class="spacer battle-history"><br></div><div class="battle-history">Cofagrigus used <strong>Protect</strong>!<br></div><div class="battle-history"><small>Cofagrigus protected itself!</small><br></div><div class="spacer battle-history"><br></div><div class="battle-history">The opposing Aerodactyl used <strong>Aerial Ace</strong>!<br></div><div class="battle-history"><small>Cofagrigus protected itself!</small><br></div><div class="spacer battle-history"><br></div><div class="battle-history"><small>Cofagrigus restored a little HP using its Leftovers!</small><br></div><div class="spacer battle-history"><br></div><h2 class="battle-history">Turn 18</h2><div class="spacer battle-history"><br></div><div class="battle-history">The opposing Aerodactyl used <strong>Stone Edge</strong>!<br></div><div class="battle-history"><small>(Cofagrigus lost <abbr title="−56/320">17.5%</abbr> of its health!)</small><br></div><div class="spacer battle-history"><br></div><div class="battle-history">Cofagrigus fainted!<br></div><div class="spacer battle-history"><br></div><div class="battle-history">Go! <strong>Audino</strong>!<br></div><div class="spacer battle-history"><br></div><h2 class="battle-history">Turn 19</h2><div class="spacer battle-history"><br></div><div class="battle-history">Dominik N withdrew Aerodactyl!<br></div><div class="battle-history">Dominik N sent out <strong>Cobalion</strong>!<br></div><div class="spacer battle-history"><br></div><div class="battle-history">Audino used <strong>Calm Mind</strong>!<br></div><div class="battle-history"><small>Audino's Special Attack rose!</small><br></div><div class="battle-history"><small>Audino's Special Defense rose!</small><br></div><div class="spacer battle-history"><br></div><h2 class="battle-history">Turn 20</h2><div class="spacer battle-history"><br></div><div class="battle-history"><small>Audino's Audinite is reacting to the Key Stone!</small><br>Audino has Mega Evolved into Mega Audino!<br></div><div class="spacer battle-history"><br></div><div class="battle-history">The opposing Cobalion used <strong>Swords Dance</strong>!<br></div><div class="battle-history"><small>The opposing Cobalion's Attack rose sharply!</small><br></div><div class="spacer battle-history"><br></div><div class="battle-history">Audino used <strong>Dazzling Gleam</strong>!<br></div><div class="battle-history"><small>(The opposing Cobalion lost <abbr title="−160/323">49.5%</abbr> of its health!)</small><br></div><div class="spacer battle-history"><br></div><h2 class="battle-history">Turn 21</h2><div class="spacer battle-history"><br></div><div class="battle-history">The opposing Cobalion used <strong>Iron Head</strong>!<br></div><div class="battle-history"><small>It's super effective!</small><br></div><div class="battle-history"><small>(Audino lost <abbr title="−290/410">70.7%</abbr> of its health!)</small><br></div><div class="spacer battle-history"><br></div><div class="battle-history">Audino flinched and couldn't move!<br></div><div class="spacer battle-history"><br></div><h2 class="battle-history">Turn 22</h2><div class="spacer battle-history"><br></div><div class="battle-history">The opposing Cobalion used <strong>Iron Head</strong>!<br></div><div class="battle-history"><small>It's super effective!</small><br></div><div class="battle-history"><small>(Audino lost <abbr title="−120/410">29.3%</abbr> of its health!)</small><br></div><div class="spacer battle-history"><br></div><div class="battle-history">Audino fainted!<br></div><div class="spacer battle-history"><br></div><div class="battle-history">Go! <strong>Suicune</strong>!<br></div><div class="battle-history"><small>[Suicune's Pressure]</small><br><small>Suicune is exerting its pressure!</small><br></div><div class="spacer battle-history"><br></div><h2 class="battle-history">Turn 23</h2><div class="spacer battle-history"><br></div><div class="battle-history"><small>The opposing Cobalion surrounded itself with its Z-Power!</small><br></div><div class="spacer battle-history"><br></div><div class="battle-history">The opposing Cobalion used <strong>All-Out Pummeling</strong>!<br></div><div class="battle-history"><small>(Suicune lost <abbr title="−345/404">85.4%</abbr> of its health!)</small><br></div><div class="spacer battle-history"><br></div><div class="battle-history">Suicune used <strong>Scald</strong>!<br></div><div class="battle-history"><small>(The opposing Cobalion lost <abbr title="−118/323">36.5%</abbr> of its health!)</small><br></div><div class="battle-history"><small>The opposing Cobalion was burned!</small><br></div><div class="spacer battle-history"><br></div><div class="battle-history"><small>Suicune restored a little HP using its Leftovers!</small><br></div><div class="battle-history"><small>The opposing Cobalion was hurt by its burn!</small><br></div><div class="spacer battle-history"><br></div><div class="battle-history">The opposing Cobalion fainted!<br></div><div class="spacer battle-history"><br></div><div class="battle-history">Dominik N sent out Aerodactyl (<strong>Aerodactyl-Mega</strong>)!<br></div><div class="spacer battle-history"><br></div><h2 class="battle-history">Turn 24</h2><div class="spacer battle-history"><br></div><div class="battle-history">The opposing Aerodactyl used <strong>Aerial Ace</strong>!<br></div><div class="battle-history"><small>(Suicune lost <abbr title="−84/404">20.8%</abbr> of its health!)</small><br></div><div class="spacer battle-history"><br></div><div class="battle-history">Suicune fainted!<br></div><div class="spacer battle-history"><br></div><div class="battle-history">Go! <strong>Roserade</strong>!<br></div><div class="spacer battle-history"><br></div><h2 class="battle-history">Turn 25</h2><div class="chat chatmessage-dominikn"><strong style="color:hsl(255,56%,56.9081310396416%)"><small>☆</small><span class="username" data-name="Dominik N">Dominik N</span>:</strong> <em>buena</em></div><div class="chat chatmessage-n3st"><strong style="color:hsl(202,78%,39.38289390904369%)"><small>☆</small><span class="username" data-name="N3st">N3st</span>:</strong> <em>gg</em></div><div class="chat chatmessage-dominikn"><strong style="color:hsl(255,56%,56.9081310396416%)"><small>☆</small><span class="username" data-name="Dominik N">Dominik N</span>:</strong> <em>es bueno? :s</em></div><div class="spacer battle-history"><br></div><div class="battle-history">The opposing Aerodactyl used <strong>Aerial Ace</strong>!<br></div><div class="battle-history"><small>It's super effective!</small><br></div><div class="battle-history"><small>(Roserade lost <abbr title="−247/324">76.2%</abbr> of its health!)</small><br></div><div class="spacer battle-history"><br></div><div class="battle-history">Roserade fainted!<br></div><div class="spacer battle-history"><br></div><div class="battle-history"><strong>Dominik N</strong> won the battle!<br></div><div class="chat"><small>N3st left.</small></div></div><div class="inner-preempt"></div></div></div>
</div>
<script>
let daily = Math.floor(Date.now()/1000/60/60/24);document.write('<script src="https://play.pokemonshowdown.com/js/replay-embed.js?version'+daily+'"></'+'script>');
</script>
