<!DOCTYPE html>
<meta charset="utf-8" />
<!-- version 1 -->
<title>UU replay: Jammjamm vs. Parnstar</title>
<style>
html,body {font-family:Verdana, sans-serif;font-size:10pt;margin:0;padding:0;}body{padding:12px 0;} .battle-log {font-family:Verdana, sans-serif;font-size:10pt;} .battle-log-inline {border:1px solid #AAAAAA;background:#EEF2F5;color:black;max-width:640px;margin:0 auto 80px;padding-bottom:5px;} .battle-log .inner {padding:4px 8px 0px 8px;} .battle-log .inner-preempt {padding:0 8px 4px 8px;} .battle-log .inner-after {margin-top:0.5em;} .battle-log h2 {margin:0.5em -8px;padding:4px 8px;border:1px solid #AAAAAA;background:#E0E7EA;border-left:0;border-right:0;font-family:Verdana, sans-serif;font-size:13pt;} .battle-log .chat {vertical-align:middle;padding:3px 0 3px 0;font-size:8pt;} .battle-log .chat strong {color:#40576A;} .battle-log .chat em {padding:1px 4px 1px 3px;color:#000000;font-style:normal;} .chat.mine {background:rgba(0,0,0,0.05);margin-left:-8px;margin-right:-8px;padding-left:8px;padding-right:8px;} .spoiler {color:#BBBBBB;background:#BBBBBB;padding:0px 3px;} .spoiler:hover, .spoiler:active, .spoiler-shown {color:#000000;background:#E2E2E2;padding:0px 3px;} .spoiler a {color:#BBBBBB;} .spoiler:hover a, .spoiler:active a, .spoiler-shown a {color:#2288CC;} .chat code, .chat .spoiler:hover code, .chat .spoiler:active code, .chat .spoiler-shown code {border:1px solid #C0C0C0;background:#EEEEEE;color:black;padding:0 2px;} .chat .spoiler code {border:1px solid #CCCCCC;background:#CCCCCC;color:#CCCCCC;} .battle-log .rated {padding:3px 4px;} .battle-log .rated strong {color:white;background:#89A;padding:1px 4px;border-radius:4px;} .spacer {margin-top:0.5em;} .message-announce {background:#6688AA;color:white;padding:1px 4px 2px;} .message-announce a, .broadcast-green a, .broadcast-blue a, .broadcast-red a {color:#DDEEFF;} .broadcast-green {background-color:#559955;color:white;padding:2px 4px;} .broadcast-blue {background-color:#6688AA;color:white;padding:2px 4px;} .infobox {border:1px solid #6688AA;padding:2px 4px;} .infobox-limited {max-height:200px;overflow:auto;overflow-x:hidden;} .broadcast-red {background-color:#AA5544;color:white;padding:2px 4px;} .message-learn-canlearn {font-weight:bold;color:#228822;text-decoration:underline;} .message-learn-cannotlearn {font-weight:bold;color:#CC2222;text-decoration:underline;} .message-effect-weak {font-weight:bold;color:#CC2222;} .message-effect-resist {font-weight:bold;color:#6688AA;} .message-effect-immune {font-weight:bold;color:#666666;} .message-learn-list {margin-top:0;margin-bottom:0;} .message-throttle-notice, .message-error {color:#992222;} .message-overflow, .chat small.message-overflow {font-size:0pt;} .message-overflow::before {font-size:9pt;content:'...';} .subtle {color:#3A4A66;}
</style>
<div class="wrapper replay-wrapper" style="max-width:1180px;margin:0 auto">
<input type="hidden" name="replayid" value="uu-555749959" />
<div class="battle"></div><div class="battle-log"></div><div class="replay-controls"></div><div class="replay-controls-2"></div>
<h1 style="font-weight:normal;text-align:center"><strong>UU</strong><br /><a href="http://pokemonshowdown.com/users/jammjamm" class="subtle" target="_blank">Jammjamm</a> vs. <a href="http://pokemonshowdown.com/users/parnstar" class="subtle" target="_blank">Parnstar</a></h1>
<script type="text/plain" class="battle-log-data">|j|Jammjamm
|j|Parnstar
|player|p1|Jammjamm|165
|player|p2|Parnstar|21
|gametype|singles
|gen|6
|tier|UU
|rated
|seed|59064,28485,11600,49412
|rule|Sleep Clause Mod: Limit one foe put to sleep
|rule|Species Clause: Limit one of each Pokémon
|rule|OHKO Clause: OHKO moves are banned
|rule|Moody Clause: Moody is banned
|rule|Evasion Moves Clause: Evasion moves are banned
|rule|Endless Battle Clause: Forcing endless battles is banned
|rule|HP Percentage Mod: HP is shown in percentages
|clearpoke
|poke|p1|Reuniclus, M|item
|poke|p1|Empoleon, M|item
|poke|p1|Mamoswine, M|item
|poke|p1|Dragalge, F|item
|poke|p1|Infernape, M|item
|poke|p1|Machamp, F|item
|poke|p2|Conkeldurr, M, shiny|item
|poke|p2|Magneton, shiny|item
|poke|p2|Porygon-Z|item
|poke|p2|Whimsicott, M, shiny|item
|poke|p2|Entei, shiny|item
|poke|p2|Tentacruel, F|item
|rule|Swagger Clause: Swagger is banned
|rule|Baton Pass Clause: Limit one Baton Passer, can't pass Spe and other stats simultaneously
|teampreview
|choice|team 5, team 2, team 3, team 4, team 1, team 6|team 5, team 2, team 3, team 4, team 1, team 6
|
|start
|switch|p1a: Infernape|Infernape, M|293\/293
|switch|p2a: Ash could of caugh|Entei, shiny|371\/371
|-ability|p2a: Ash could of caugh|Pressure
|turn|1
|choice|move earthquake|move bulldoze
|
|move|p1a: Infernape|Earthquake|p2a: Ash could of caugh
|-supereffective|p2a: Ash could of caugh
|-damage|p2a: Ash could of caugh|131\/371
|move|p2a: Ash could of caugh|Bulldoze|p1a: Infernape
|-supereffective|p1a: Infernape
|-damage|p1a: Infernape|117\/293
|-unboost|p1a: Infernape|spe|1
|
|upkeep
|turn|2
|choice|switch 6|move bulldoze
|
|switch|p1a: Machamp|Machamp, F|321\/321
|move|p2a: Ash could of caugh|Bulldoze|p1a: Machamp
|-crit|p1a: Machamp
|-damage|p1a: Machamp|188\/321
|-unboost|p1a: Machamp|spe|1
|
|upkeep
|turn|3
|choice|move poisonjab|move flareblitz
|
|move|p2a: Ash could of caugh|Flare Blitz|p1a: Machamp
|-crit|p1a: Machamp
|-damage|p1a: Machamp|0 fnt
|-damage|p2a: Ash could of caugh|69\/371|[from] recoil|[of] p1a: Machamp
|faint|p1a: Machamp
|
|upkeep
|choice|switch 6|
|
|switch|p1a: Infernape|Infernape, M|117\/293
|turn|4
|choice|move thunderpunch|move extremespeed
|
|move|p2a: Ash could of caugh|Extreme Speed|p1a: Infernape
|-crit|p1a: Infernape
|-damage|p1a: Infernape|0 fnt
|faint|p1a: Infernape
|
|upkeep
|choice|switch 5|
|
|switch|p1a: Reuniclus|Reuniclus, M|424\/424
|turn|5
|choice|move trickroom|move sacredfire
|
|move|p2a: Ash could of caugh|Sacred Fire|p1a: Reuniclus
|-damage|p1a: Reuniclus|241\/424
|move|p1a: Reuniclus|Trick Room|p1a: Reuniclus
|-fieldstart|move: Trick Room|[of] p1a: Reuniclus
|
|-heal|p1a: Reuniclus|267\/424|[from] item: Leftovers
|upkeep
|turn|6
|choice|move psychic|move sacredfire
|
|move|p1a: Reuniclus|Psychic|p2a: Ash could of caugh
|-damage|p2a: Ash could of caugh|0 fnt
|faint|p2a: Ash could of caugh
|
|-heal|p1a: Reuniclus|293\/424|[from] item: Leftovers
|upkeep
|choice||switch 2
|
|switch|p2a: Alpha|Magneton, shiny|303\/303
|-item|p2a: Alpha|Air Balloon
|turn|7
|choice|move calmmind|move flashcannon
|
|move|p1a: Reuniclus|Calm Mind|p1a: Reuniclus
|-boost|p1a: Reuniclus|spa|1
|-boost|p1a: Reuniclus|spd|1
|move|p2a: Alpha|Flash Cannon|p1a: Reuniclus
|-damage|p1a: Reuniclus|148\/424
|
|-heal|p1a: Reuniclus|174\/424|[from] item: Leftovers
|upkeep
|turn|8
|choice|move recover|move voltswitch
|
|move|p1a: Reuniclus|Recover|p1a: Reuniclus
|-heal|p1a: Reuniclus|386\/424
|move|p2a: Alpha|Volt Switch|p1a: Reuniclus
|-damage|p1a: Reuniclus|248\/424
|choice||switch 4
|
|switch|p2a: Presscott|Whimsicott, M, shiny|261\/261
|
|-heal|p1a: Reuniclus|274\/424|[from] item: Leftovers
|upkeep
|turn|9
|choice|switch 3|move encore
|
|switch|p1a: Mamoswine|Mamoswine, M|362\/362
|move|p2a: Presscott|Encore|p1a: Mamoswine
|-fail|p1a: Mamoswine
|
|-fieldend|move: Trick Room
|upkeep
|turn|10
|choice|move iciclecrash|switch 6
|
|switch|p2a: Hitomi Tanaka|Tentacruel, F|301\/301
|move|p1a: Mamoswine|Icicle Crash|p2a: Hitomi Tanaka
|-resisted|p2a: Hitomi Tanaka
|-damage|p2a: Hitomi Tanaka|199\/301
|
|-heal|p2a: Hitomi Tanaka|217\/301|[from] item: Black Sludge
|upkeep
|turn|11
|choice|move earthquake|move hydropump
|
|move|p2a: Hitomi Tanaka|Hydro Pump|p1a: Mamoswine
|-supereffective|p1a: Mamoswine
|-enditem|p1a: Mamoswine|Focus Sash
|-damage|p1a: Mamoswine|1\/362
|move|p1a: Mamoswine|Earthquake|p2a: Hitomi Tanaka
|-supereffective|p2a: Hitomi Tanaka
|-damage|p2a: Hitomi Tanaka|0 fnt
|faint|p2a: Hitomi Tanaka
|
|upkeep
|choice||switch 6
|
|switch|p2a: Presscott|Whimsicott, M, shiny|261\/261
|turn|12
|choice|move iceshard|move naturepower
|
|move|p2a: Presscott|Nature Power|p1a: Mamoswine
|move|p2a: Presscott|Tri Attack|p1a: Mamoswine|[from]Nature Power
|-damage|p1a: Mamoswine|0 fnt
|faint|p1a: Mamoswine
|
|upkeep
|choice|switch 4|
|
|switch|p1a: Dragalge|Dragalge, F|333\/333
|turn|13
|choice|move hydropump|switch 4
|
|switch|p2a: Alpha|Magneton, shiny|303\/303
|-item|p2a: Alpha|Air Balloon
|move|p1a: Dragalge|Hydro Pump|p2a: Alpha
|-damage|p2a: Alpha|82\/303
|-enditem|p2a: Alpha|Air Balloon
|
|upkeep
|turn|14
|choice|move hydropump|move flashcannon
|
|move|p2a: Alpha|Flash Cannon|p1a: Dragalge
|-damage|p1a: Dragalge|204\/333
|move|p1a: Dragalge|Hydro Pump|p2a: Alpha
|-damage|p2a: Alpha|0 fnt
|faint|p2a: Alpha
|
|upkeep
|choice||switch 3
|
|switch|p2a: beta|Porygon-Z|311\/311
|turn|15
|choice|switch 2|move triattack
|
|switch|p1a: Empoleon|Empoleon, M|371\/371
|move|p2a: beta|Tri Attack|p1a: Empoleon
|-resisted|p1a: Empoleon
|-damage|p1a: Empoleon|209\/371
|
|upkeep
|turn|16
|choice|move scald|switch 5
|
|switch|p2a: Mandingo|Conkeldurr, M, shiny|414\/414
|move|p1a: Empoleon|Scald|p2a: Mandingo
|-damage|p2a: Mandingo|216\/414
|-status|p2a: Mandingo|brn
|
|-damage|p2a: Mandingo|165\/414 brn|[from] brn
|upkeep
|turn|17
|choice|move scald|move machpunch
|
|move|p2a: Mandingo|Mach Punch|p1a: Empoleon
|-supereffective|p1a: Empoleon
|-damage|p1a: Empoleon|0 fnt
|faint|p1a: Empoleon
|
|-damage|p2a: Mandingo|114\/414 brn|[from] brn
|upkeep
|choice|switch 3|
|
|switch|p1a: Reuniclus|Reuniclus, M|274\/424
|turn|18
|choice|move recover|move knockoff
|
|move|p2a: Mandingo|Knock Off|p1a: Reuniclus
|-supereffective|p1a: Reuniclus
|-damage|p1a: Reuniclus|0 fnt
|-enditem|p1a: Reuniclus|Leftovers|[from] move: Knock Off|[of] p2a: Mandingo
|faint|p1a: Reuniclus
|
|-damage|p2a: Mandingo|63\/414 brn|[from] brn
|upkeep
|choice|switch 2|
|
|switch|p1a: Dragalge|Dragalge, F|204\/333
|turn|19
|choice|move sludgewave|move drainpunch
|
|move|p2a: Mandingo|Drain Punch|p1a: Dragalge
|-resisted|p1a: Dragalge
|-damage|p1a: Dragalge|82\/333
|-heal|p2a: Mandingo|124\/414 brn|[from] drain|[of] p1a: Dragalge
|move|p1a: Dragalge|Sludge Wave|p2a: Mandingo
|-damage|p2a: Mandingo|0 fnt
|faint|p2a: Mandingo
|
|upkeep
|choice||switch 5
|
|switch|p2a: beta|Porygon-Z|311\/311
|turn|20
|choice|move sludgewave|move uproar
|
|move|p2a: beta|Uproar|p1a: Dragalge
|-damage|p1a: Dragalge|0 fnt
|-start|p2a: beta|Uproar
|faint|p1a: Dragalge
|
|win|Parnstar
|c|☆Parnstar|Gg
|raw|Jammjamm's rating: 1282 &rarr; <strong>1258<\/strong><br \/>(-24 for losing)
|raw|Parnstar's rating: 1301 &rarr; <strong>1320<\/strong><br \/>(+19 for winning)
|l|Jammjamm</script>
</div>
<div class="battle-log battle-log-inline"><div class="inner"><div class="battle-options"></div><div class="inner"><div class="chat"><small>Jammjamm joined.</small></div><div class="chat"><small>Parnstar joined.</small></div><div class=""><small>Format:</small> <br><strong>UU</strong></div><div class="rated"><strong>Rated battle</strong></div><div class=""><small><em>Sleep Clause Mod:</em> Limit one foe put to sleep</small></div><div class=""><small><em>Species Clause:</em> Limit one of each Pokémon</small></div><div class=""><small><em>OHKO Clause:</em> OHKO moves are banned</small></div><div class=""><small><em>Moody Clause:</em> Moody is banned</small></div><div class=""><small><em>Evasion Moves Clause:</em> Evasion moves are banned</small></div><div class=""><small><em>Endless Battle Clause:</em> Forcing endless battles is banned</small></div><div class=""><small><em>HP Percentage Mod:</em> HP is shown in percentages</small></div><div class=""><small><em>Swagger Clause:</em> Swagger is banned</small></div><div class=""><small><em>Baton Pass Clause:</em> Limit one Baton Passer, can't pass Spe and other stats simultaneously</small></div><div class="chat battle-history"><strong>Jammjamm's team:</strong> <em style="color:#445566;display:block;">Reuniclus / Empoleon / Mamoswine / Dragalge / Infernape / Machamp</em></div><div class="chat battle-history"><strong>Parnstar's team:</strong> <em style="color:#445566;display:block;">Conkeldurr / Magneton / Porygon-Z / Whimsicott / Entei / Tentacruel</em></div><div class="spacer battle-history"><br></div><div class="battle-history">Battle started between Jammjamm and Parnstar!<br></div><div class="spacer battle-history"><br></div><div class="battle-history">Go! <strong>Infernape</strong>!<br></div><div class="spacer battle-history"><br></div><div class="battle-history">Parnstar sent out Ash could of caugh (<strong>Entei</strong>)!<br></div><div class="battle-history"><small>[The opposing Ash could of caugh's Pressure]</small><br><small>The opposing Ash could of caugh is exerting its pressure!</small><br></div><div class="spacer battle-history"><br></div><h2 class="battle-history">Turn 1</h2><div class="spacer battle-history"><br></div><div class="battle-history">Infernape used <strong>Earthquake</strong>!<br></div><div class="battle-history"><small>It's super effective!</small><br></div><div class="battle-history"><small>(The opposing Ash could of caugh lost <abbr title="−240/371">64.7%</abbr> of its health!)</small><br></div><div class="spacer battle-history"><br></div><div class="battle-history">The opposing Ash could of caugh used <strong>Bulldoze</strong>!<br></div><div class="battle-history"><small>It's super effective!</small><br></div><div class="battle-history"><small>(Infernape lost <abbr title="−176/293">60.1%</abbr> of its health!)</small><br></div><div class="battle-history"><small>Infernape's Speed fell!</small><br></div><div class="spacer battle-history"><br></div><h2 class="battle-history">Turn 2</h2><div class="spacer battle-history"><br></div><div class="battle-history">Infernape, come back!<br></div><div class="battle-history">Go! <strong>Machamp</strong>!<br></div><div class="spacer battle-history"><br></div><div class="battle-history">The opposing Ash could of caugh used <strong>Bulldoze</strong>!<br></div><div class="battle-history"><small>A critical hit!</small><br></div><div class="battle-history"><small>(Machamp lost <abbr title="−133/321">41.4%</abbr> of its health!)</small><br></div><div class="battle-history"><small>Machamp's Speed fell!</small><br></div><div class="spacer battle-history"><br></div><h2 class="battle-history">Turn 3</h2><div class="spacer battle-history"><br></div><div class="battle-history">The opposing Ash could of caugh used <strong>Flare Blitz</strong>!<br></div><div class="battle-history"><small>A critical hit!</small><br></div><div class="battle-history"><small>(Machamp lost <abbr title="−188/321">58.6%</abbr> of its health!)</small><br></div><div class="battle-history"><small>The opposing Ash could of caugh is damaged by the recoil!</small><br></div><div class="spacer battle-history"><br></div><div class="battle-history">Machamp fainted!<br></div><div class="spacer battle-history"><br></div><div class="battle-history">Go! <strong>Infernape</strong>!<br></div><div class="spacer battle-history"><br></div><h2 class="battle-history">Turn 4</h2><div class="spacer battle-history"><br></div><div class="battle-history">The opposing Ash could of caugh used <strong>Extreme Speed</strong>!<br></div><div class="battle-history"><small>A critical hit!</small><br></div><div class="battle-history"><small>(Infernape lost <abbr title="−117/293">39.9%</abbr> of its health!)</small><br></div><div class="spacer battle-history"><br></div><div class="battle-history">Infernape fainted!<br></div><div class="spacer battle-history"><br></div><div class="battle-history">Go! <strong>Reuniclus</strong>!<br></div><div class="spacer battle-history"><br></div><h2 class="battle-history">Turn 5</h2><div class="spacer battle-history"><br></div><div class="battle-history">The opposing Ash could of caugh used <strong>Sacred Fire</strong>!<br></div><div class="battle-history"><small>(Reuniclus lost <abbr title="−183/424">43.2%</abbr> of its health!)</small><br></div><div class="spacer battle-history"><br></div><div class="battle-history">Reuniclus used <strong>Trick Room</strong>!<br></div><div class="battle-history"><small>Reuniclus twisted the dimensions!</small><br></div><div class="spacer battle-history"><br></div><div class="battle-history"><small>Reuniclus restored a little HP using its Leftovers!</small><br></div><div class="spacer battle-history"><br></div><h2 class="battle-history">Turn 6</h2><div class="spacer battle-history"><br></div><div class="battle-history">Reuniclus used <strong>Psychic</strong>!<br></div><div class="battle-history"><small>(The opposing Ash could of caugh lost <abbr title="−69/371">18.6%</abbr> of its health!)</small><br></div><div class="spacer battle-history"><br></div><div class="battle-history">The opposing Ash could of caugh fainted!<br></div><div class="spacer battle-history"><br></div><div class="battle-history"><small>Reuniclus restored a little HP using its Leftovers!</small><br></div><div class="spacer battle-history"><br></div><div class="battle-history">Parnstar sent out Alpha (<strong>Magneton</strong>)!<br></div><div class="battle-history"><small>The opposing Alpha floats in the air with its Air Balloon!</small><br></div><div class="spacer battle-history"><br></div><h2 class="battle-history">Turn 7</h2><div class="spacer battle-history"><br></div><div class="battle-history">Reuniclus used <strong>Calm Mind</strong>!<br></div><div class="battle-history"><small>Reuniclus's Special Attack rose!</small><br></div><div class="battle-history"><small>Reuniclus's Special Defense rose!</small><br></div><div class="spacer battle-history"><br></div><div class="battle-history">The opposing Alpha used <strong>Flash Cannon</strong>!<br></div><div class="battle-history"><small>(Reuniclus lost <abbr title="−145/424">34.2%</abbr> of its health!)</small><br></div><div class="spacer battle-history"><br></div><div class="battle-history"><small>Reuniclus restored a little HP using its Leftovers!</small><br></div><div class="spacer battle-history"><br></div><h2 class="battle-history">Turn 8</h2><div class="spacer battle-history"><br></div><div class="battle-history">Reuniclus used <strong>Recover</strong>!<br></div><div class="battle-history"><small>Reuniclus restored its HP.</small><br></div><div class="spacer battle-history"><br></div><div class="battle-history">The opposing Alpha used <strong>Volt Switch</strong>!<br></div><div class="battle-history"><small>(Reuniclus lost <abbr title="−138/424">32.5%</abbr> of its health!)</small><br></div><div class="spacer battle-history"><br></div><div class="battle-history">The opposing Alpha went back to Parnstar!<br></div><div class="battle-history">Parnstar sent out Presscott (<strong>Whimsicott</strong>)!<br></div><div class="spacer battle-history"><br></div><div class="battle-history"><small>Reuniclus restored a little HP using its Leftovers!</small><br></div><div class="spacer battle-history"><br></div><h2 class="battle-history">Turn 9</h2><div class="spacer battle-history"><br></div><div class="battle-history">Reuniclus, come back!<br></div><div class="battle-history">Go! <strong>Mamoswine</strong>!<br></div><div class="spacer battle-history"><br></div><div class="battle-history">The opposing Presscott used <strong>Encore</strong>!<br></div><div class="battle-history"><small>But it failed!</small><br></div><div class="spacer battle-history"><br></div><div class="battle-history"><small>The twisted dimensions returned to normal!</small><br></div><div class="spacer battle-history"><br></div><h2 class="battle-history">Turn 10</h2><div class="spacer battle-history"><br></div><div class="battle-history">Parnstar withdrew Presscott!<br></div><div class="battle-history">Parnstar sent out Hitomi Tanaka (<strong>Tentacruel</strong>)!<br></div><div class="spacer battle-history"><br></div><div class="battle-history">Mamoswine used <strong>Icicle Crash</strong>!<br></div><div class="battle-history"><small>It's not very effective...</small><br></div><div class="battle-history"><small>(The opposing Hitomi Tanaka lost <abbr title="−102/301">33.9%</abbr> of its health!)</small><br></div><div class="spacer battle-history"><br></div><div class="battle-history"><small>The opposing Hitomi Tanaka restored a little HP using its Black Sludge!</small><br></div><div class="spacer battle-history"><br></div><h2 class="battle-history">Turn 11</h2><div class="spacer battle-history"><br></div><div class="battle-history">The opposing Hitomi Tanaka used <strong>Hydro Pump</strong>!<br></div><div class="battle-history"><small>It's super effective!</small><br></div><div class="battle-history"><small>Mamoswine hung on using its Focus Sash!</small><br></div><div class="battle-history"><small>(Mamoswine lost <abbr title="−361/362">99.7%</abbr> of its health!)</small><br></div><div class="spacer battle-history"><br></div><div class="battle-history">Mamoswine used <strong>Earthquake</strong>!<br></div><div class="battle-history"><small>It's super effective!</small><br></div><div class="battle-history"><small>(The opposing Hitomi Tanaka lost <abbr title="−217/301">72.1%</abbr> of its health!)</small><br></div><div class="spacer battle-history"><br></div><div class="battle-history">The opposing Hitomi Tanaka fainted!<br></div><div class="spacer battle-history"><br></div><div class="battle-history">Parnstar sent out Presscott (<strong>Whimsicott</strong>)!<br></div><div class="spacer battle-history"><br></div><h2 class="battle-history">Turn 12</h2><div class="spacer battle-history"><br></div><div class="battle-history">The opposing Presscott used <strong>Nature Power</strong>!<br></div><div class="spacer battle-history"><br></div><div class="battle-history">Nature Power turned into Tri Attack!<br></div><div class="battle-history"><small>(Mamoswine lost <abbr title="−1/362">0.3%</abbr> of its health!)</small><br></div><div class="spacer battle-history"><br></div><div class="battle-history">Mamoswine fainted!<br></div><div class="spacer battle-history"><br></div><div class="battle-history">Go! <strong>Dragalge</strong>!<br></div><div class="spacer battle-history"><br></div><h2 class="battle-history">Turn 13</h2><div class="spacer battle-history"><br></div><div class="battle-history">Parnstar withdrew Presscott!<br></div><div class="battle-history">Parnstar sent out Alpha (<strong>Magneton</strong>)!<br></div><div class="battle-history"><small>The opposing Alpha floats in the air with its Air Balloon!</small><br></div><div class="spacer battle-history"><br></div><div class="battle-history">Dragalge used <strong>Hydro Pump</strong>!<br></div><div class="battle-history"><small>(The opposing Alpha lost <abbr title="−221/303">72.9%</abbr> of its health!)</small><br></div><div class="battle-history"><small>The opposing Alpha's Air Balloon popped!</small><br></div><div class="spacer battle-history"><br></div><h2 class="battle-history">Turn 14</h2><div class="spacer battle-history"><br></div><div class="battle-history">The opposing Alpha used <strong>Flash Cannon</strong>!<br></div><div class="battle-history"><small>(Dragalge lost <abbr title="−129/333">38.7%</abbr> of its health!)</small><br></div><div class="spacer battle-history"><br></div><div class="battle-history">Dragalge used <strong>Hydro Pump</strong>!<br></div><div class="battle-history"><small>(The opposing Alpha lost <abbr title="−82/303">27.1%</abbr> of its health!)</small><br></div><div class="spacer battle-history"><br></div><div class="battle-history">The opposing Alpha fainted!<br></div><div class="spacer battle-history"><br></div><div class="battle-history">Parnstar sent out beta (<strong>Porygon-Z</strong>)!<br></div><div class="spacer battle-history"><br></div><h2 class="battle-history">Turn 15</h2><div class="spacer battle-history"><br></div><div class="battle-history">Dragalge, come back!<br></div><div class="battle-history">Go! <strong>Empoleon</strong>!<br></div><div class="spacer battle-history"><br></div><div class="battle-history">The opposing beta used <strong>Tri Attack</strong>!<br></div><div class="battle-history"><small>It's not very effective...</small><br></div><div class="battle-history"><small>(Empoleon lost <abbr title="−162/371">43.7%</abbr> of its health!)</small><br></div><div class="spacer battle-history"><br></div><h2 class="battle-history">Turn 16</h2><div class="spacer battle-history"><br></div><div class="battle-history">Parnstar withdrew beta!<br></div><div class="battle-history">Parnstar sent out Mandingo (<strong>Conkeldurr</strong>)!<br></div><div class="spacer battle-history"><br></div><div class="battle-history">Empoleon used <strong>Scald</strong>!<br></div><div class="battle-history"><small>(The opposing Mandingo lost <abbr title="−198/414">47.8%</abbr> of its health!)</small><br></div><div class="battle-history"><small>The opposing Mandingo was burned!</small><br></div><div class="spacer battle-history"><br></div><div class="battle-history"><small>The opposing Mandingo was hurt by its burn!</small><br></div><div class="spacer battle-history"><br></div><h2 class="battle-history">Turn 17</h2><div class="spacer battle-history"><br></div><div class="battle-history">The opposing Mandingo used <strong>Mach Punch</strong>!<br></div><div class="battle-history"><small>It's super effective!</small><br></div><div class="battle-history"><small>(Empoleon lost <abbr title="−209/371">56.3%</abbr> of its health!)</small><br></div><div class="spacer battle-history"><br></div><div class="battle-history">Empoleon fainted!<br></div><div class="spacer battle-history"><br></div><div class="battle-history"><small>The opposing Mandingo was hurt by its burn!</small><br></div><div class="spacer battle-history"><br></div><div class="battle-history">Go! <strong>Reuniclus</strong>!<br></div><div class="spacer battle-history"><br></div><h2 class="battle-history">Turn 18</h2><div class="spacer battle-history"><br></div><div class="battle-history">The opposing Mandingo used <strong>Knock Off</strong>!<br></div><div class="battle-history"><small>It's super effective!</small><br></div><div class="battle-history"><small>(Reuniclus lost <abbr title="−274/424">64.6%</abbr> of its health!)</small><br></div><div class="battle-history"><small>The opposing Mandingo knocked off Reuniclus's Leftovers!</small><br></div><div class="spacer battle-history"><br></div><div class="battle-history">Reuniclus fainted!<br></div><div class="spacer battle-history"><br></div><div class="battle-history"><small>The opposing Mandingo was hurt by its burn!</small><br></div><div class="spacer battle-history"><br></div><div class="battle-history">Go! <strong>Dragalge</strong>!<br></div><div class="spacer battle-history"><br></div><h2 class="battle-history">Turn 19</h2><div class="spacer battle-history"><br></div><div class="battle-history">The opposing Mandingo used <strong>Drain Punch</strong>!<br></div><div class="battle-history"><small>It's not very effective...</small><br></div><div class="battle-history"><small>(Dragalge lost <abbr title="−122/333">36.6%</abbr> of its health!)</small><br></div><div class="battle-history"><small>Dragalge had its energy drained!</small><br></div><div class="spacer battle-history"><br></div><div class="battle-history">Dragalge used <strong>Sludge Wave</strong>!<br></div><div class="battle-history"><small>(The opposing Mandingo lost <abbr title="−124/414">30.0%</abbr> of its health!)</small><br></div><div class="spacer battle-history"><br></div><div class="battle-history">The opposing Mandingo fainted!<br></div><div class="spacer battle-history"><br></div><div class="battle-history">Parnstar sent out beta (<strong>Porygon-Z</strong>)!<br></div><div class="spacer battle-history"><br></div><h2 class="battle-history">Turn 20</h2><div class="spacer battle-history"><br></div><div class="battle-history">The opposing beta used <strong>Uproar</strong>!<br></div><div class="battle-history"><small>(Dragalge lost <abbr title="−82/333">24.6%</abbr> of its health!)</small><br></div><div class="battle-history"><small>The opposing beta caused an uproar!</small><br></div><div class="spacer battle-history"><br></div><div class="battle-history">Dragalge fainted!<br></div><div class="spacer battle-history"><br></div><div class="battle-history"><strong>Parnstar</strong> won the battle!<br></div><div class="chat chatmessage-parnstar"><strong style="color:hsl(41,84%,41.163999978976825%)"><small>☆</small><span class="username" data-name="Parnstar">Parnstar</span>:</strong> <em>Gg</em></div><div class="chat">Jammjamm's rating: 1282 → <strong>1258</strong><br>(-24 for losing)</div><div class="chat">Parnstar's rating: 1301 → <strong>1320</strong><br>(+19 for winning)</div><div class="chat"><small>Jammjamm left.</small></div></div><div class="inner-preempt"></div></div></div>
</div>
<script>
let daily = Math.floor(Date.now()/1000/60/60/24);document.write('<script src="https://play.pokemonshowdown.com/js/replay-embed.js?version'+daily+'"></'+'script>');
</script>
