<!DOCTYPE html>
<meta charset="utf-8" />
<!-- version 1 -->
<title>UU replay: Chief Lobo vs. The yolito</title>
<style>
html,body {font-family:Verdana, sans-serif;font-size:10pt;margin:0;padding:0;}body{padding:12px 0;} .battle-log {font-family:Verdana, sans-serif;font-size:10pt;} .battle-log-inline {border:1px solid #AAAAAA;background:#EEF2F5;color:black;max-width:640px;margin:0 auto 80px;padding-bottom:5px;} .battle-log .inner {padding:4px 8px 0px 8px;} .battle-log .inner-preempt {padding:0 8px 4px 8px;} .battle-log .inner-after {margin-top:0.5em;} .battle-log h2 {margin:0.5em -8px;padding:4px 8px;border:1px solid #AAAAAA;background:#E0E7EA;border-left:0;border-right:0;font-family:Verdana, sans-serif;font-size:13pt;} .battle-log .chat {vertical-align:middle;padding:3px 0 3px 0;font-size:8pt;} .battle-log .chat strong {color:#40576A;} .battle-log .chat em {padding:1px 4px 1px 3px;color:#000000;font-style:normal;} .chat.mine {background:rgba(0,0,0,0.05);margin-left:-8px;margin-right:-8px;padding-left:8px;padding-right:8px;} .spoiler {color:#BBBBBB;background:#BBBBBB;padding:0px 3px;} .spoiler:hover, .spoiler:active, .spoiler-shown {color:#000000;background:#E2E2E2;padding:0px 3px;} .spoiler a {color:#BBBBBB;} .spoiler:hover a, .spoiler:active a, .spoiler-shown a {color:#2288CC;} .chat code, .chat .spoiler:hover code, .chat .spoiler:active code, .chat .spoiler-shown code {border:1px solid #C0C0C0;background:#EEEEEE;color:black;padding:0 2px;} .chat .spoiler code {border:1px solid #CCCCCC;background:#CCCCCC;color:#CCCCCC;} .battle-log .rated {padding:3px 4px;} .battle-log .rated strong {color:white;background:#89A;padding:1px 4px;border-radius:4px;} .spacer {margin-top:0.5em;} .message-announce {background:#6688AA;color:white;padding:1px 4px 2px;} .message-announce a, .broadcast-green a, .broadcast-blue a, .broadcast-red a {color:#DDEEFF;} .broadcast-green {background-color:#559955;color:white;padding:2px 4px;} .broadcast-blue {background-color:#6688AA;color:white;padding:2px 4px;} .infobox {border:1px solid #6688AA;padding:2px 4px;} .infobox-limited {max-height:200px;overflow:auto;overflow-x:hidden;} .broadcast-red {background-color:#AA5544;color:white;padding:2px 4px;} .message-learn-canlearn {font-weight:bold;color:#228822;text-decoration:underline;} .message-learn-cannotlearn {font-weight:bold;color:#CC2222;text-decoration:underline;} .message-effect-weak {font-weight:bold;color:#CC2222;} .message-effect-resist {font-weight:bold;color:#6688AA;} .message-effect-immune {font-weight:bold;color:#666666;} .message-learn-list {margin-top:0;margin-bottom:0;} .message-throttle-notice, .message-error {color:#992222;} .message-overflow, .chat small.message-overflow {font-size:0pt;} .message-overflow::before {font-size:9pt;content:'...';} .subtle {color:#3A4A66;}
</style>
<div class="wrapper replay-wrapper" style="max-width:1180px;margin:0 auto">
<input type="hidden" name="replayid" value="uu-583034459" />
<div class="battle"></div><div class="battle-log"></div><div class="replay-controls"></div><div class="replay-controls-2"></div>
<h1 style="font-weight:normal;text-align:center"><strong>UU</strong><br /><a href="http://pokemonshowdown.com/users/chieflobo" class="subtle" target="_blank">Chief Lobo</a> vs. <a href="http://pokemonshowdown.com/users/theyolito" class="subtle" target="_blank">The yolito</a></h1>
<script type="text/plain" class="battle-log-data">|j|Chief Lobo
|j|The yolito
|player|p1|Chief Lobo|154
|teamsize|p1|6
|player|p2|The yolito|92
|teamsize|p2|6
|gametype|singles
|gen|6
|tier|UU
|rated
|seed|26887,24193,6443,4051
|rule|Sleep Clause Mod: Limit one foe put to sleep
|rule|Species Clause: Limit one of each Pokémon
|rule|OHKO Clause: OHKO moves are banned
|rule|Moody Clause: Moody is banned
|rule|Evasion Moves Clause: Evasion moves are banned
|rule|Endless Battle Clause: Forcing endless battles is banned
|rule|HP Percentage Mod: HP is shown in percentages
|clearpoke
|poke|p1|Machamp, M|item
|poke|p1|Heliolisk, M|item
|poke|p1|Crobat, M|item
|poke|p1|Gyarados, M, shiny|item
|poke|p1|Arcanine, M|item
|poke|p1|Sylveon, F|item
|poke|p2|Ampharos, M|item
|poke|p2|Porygon2|item
|poke|p2|Reuniclus, F|item
|poke|p2|Conkeldurr, F|item
|poke|p2|Donphan, M|item
|poke|p2|Crawdaunt, M|item
|rule|Swagger Clause: Swagger is banned
|rule|Baton Pass Clause: Limit one Baton Passer, can't pass Spe and other stats simultaneously
|teampreview
|inactive|Battle timer is ON: inactive players will automatically lose when time's up. (requested by The yolito)
|choice|team 2, team 1, team 3, team 4, team 5, team 6|team 2, team 1, team 3, team 4, team 5, team 6
|
|start
|switch|p1a: Heliolisk|Heliolisk, M|265\/265
|switch|p2a: Porygon2|Porygon2|374\/374
|-ability|p2a: Porygon2|Download|boost
|-boost|p2a: Porygon2|atk|1
|turn|1
|choice|move voltswitch|move trickroom
|
|move|p1a: Heliolisk|Volt Switch|p2a: Porygon2
|-damage|p2a: Porygon2|287\/374
|choice|switch 2|
|
|switch|p1a: Machamp|Machamp, M|364\/364
|move|p2a: Porygon2|Trick Room|p2a: Porygon2
|-fieldstart|move: Trick Room|[of] p2a: Porygon2
|
|upkeep
|turn|2
|choice|move knockoff|switch 3
|
|switch|p2a: Reuniclus|Reuniclus, F|424\/424
|move|p1a: Machamp|Knock Off|p2a: Reuniclus
|-supereffective|p2a: Reuniclus
|-damage|p2a: Reuniclus|110\/424
|-enditem|p2a: Reuniclus|Life Orb|[from] move: Knock Off|[of] p1a: Machamp
|
|upkeep
|turn|3
|choice|switch 5|move psyshock
|
|switch|p1a: Arcanine|Arcanine, M|384\/384
|-ability|p1a: Arcanine|Intimidate|boost
|-unboost|p2a: Reuniclus|atk|1
|move|p2a: Reuniclus|Psyshock|p1a: Arcanine
|-damage|p1a: Arcanine|273\/384
|
|upkeep
|turn|4
|choice|move flamethrower|switch 6
|
|switch|p2a: Crawdaunt|Crawdaunt, M|329\/329
|move|p1a: Arcanine|Flamethrower|p2a: Crawdaunt
|-resisted|p2a: Crawdaunt
|-damage|p2a: Crawdaunt|242\/329
|
|upkeep
|turn|5
|choice|switch 2|move waterfall
|
|switch|p1a: Heliolisk|Heliolisk, M|265\/265
|move|p2a: Crawdaunt|Waterfall|p1a: Heliolisk
|-immune|p1a: Heliolisk|[msg]|[from] ability: Dry Skin
|
|-fieldend|move: Trick Room
|upkeep
|turn|6
|choice|move hypervoice|switch 3
|
|switch|p2a: Porygon2|Porygon2|287\/374
|-ability|p2a: Porygon2|Download|boost
|-boost|p2a: Porygon2|atk|1
|move|p1a: Heliolisk|Hyper Voice|p2a: Porygon2
|-damage|p2a: Porygon2|173\/374
|
|upkeep
|turn|7
|choice|move hypervoice|move recover
|
|move|p1a: Heliolisk|Hyper Voice|p2a: Porygon2
|-damage|p2a: Porygon2|67\/374
|move|p2a: Porygon2|Recover|p2a: Porygon2
|-heal|p2a: Porygon2|254\/374
|
|upkeep
|turn|8
|choice|switch 5|move recover
|
|switch|p1a: Machamp|Machamp, M|364\/364
|move|p2a: Porygon2|Recover|p2a: Porygon2
|-heal|p2a: Porygon2|374\/374
|
|upkeep
|turn|9
|choice|move knockoff|switch 5
|
|switch|p2a: Donphan|Donphan, M|383\/383
|move|p1a: Machamp|Knock Off|p2a: Donphan
|-damage|p2a: Donphan|298\/383
|-damage|p1a: Machamp|304\/364|[from] item: Rocky Helmet|[of] p2a: Donphan
|-enditem|p2a: Donphan|Rocky Helmet|[from] move: Knock Off|[of] p1a: Machamp
|
|upkeep
|turn|10
|choice|move crosschop|move knockoff
|
|move|p1a: Machamp|Cross Chop|p2a: Donphan
|-damage|p2a: Donphan|184\/383
|move|p2a: Donphan|Knock Off|p1a: Machamp
|-resisted|p1a: Machamp
|-damage|p1a: Machamp|250\/364
|-enditem|p1a: Machamp|Assault Vest|[from] move: Knock Off|[of] p2a: Donphan
|
|upkeep
|turn|11
|choice|move icepunch|move earthquake
|
|move|p1a: Machamp|Ice Punch|p2a: Donphan
|-supereffective|p2a: Donphan
|-crit|p2a: Donphan
|-damage|p2a: Donphan|0 fnt
|faint|p2a: Donphan
|
|upkeep
|choice||switch 4
|
|switch|p2a: Conkeldurr|Conkeldurr, F|414\/414
|turn|12
|choice|move knockoff|move drainpunch
|
|move|p1a: Machamp|Knock Off|p2a: Conkeldurr
|-resisted|p2a: Conkeldurr
|-crit|p2a: Conkeldurr
|-damage|p2a: Conkeldurr|322\/414
|-enditem|p2a: Conkeldurr|Assault Vest|[from] move: Knock Off|[of] p1a: Machamp
|move|p2a: Conkeldurr|Drain Punch|p1a: Machamp
|-damage|p1a: Machamp|52\/364
|-heal|p2a: Conkeldurr|414\/414|[from] drain|[of] p1a: Machamp
|
|upkeep
|turn|13
|choice|switch 3|move machpunch
|
|switch|p1a: Crobat|Crobat, M|311\/311
|move|p2a: Conkeldurr|Mach Punch|p1a: Crobat
|-resisted|p1a: Crobat
|-damage|p1a: Crobat|284\/311
|
|-heal|p1a: Crobat|303\/311|[from] item: Black Sludge
|upkeep
|turn|14
|choice|move bravebird|switch 6
|
|switch|p2a: Reuniclus|Reuniclus, F|110\/424
|move|p1a: Crobat|Brave Bird|p2a: Reuniclus
|-damage|p2a: Reuniclus|0 fnt
|-damage|p1a: Crobat|267\/311|[from] Recoil|[of] p2a: Reuniclus
|faint|p2a: Reuniclus
|
|-heal|p1a: Crobat|286\/311|[from] item: Black Sludge
|upkeep
|choice||switch 2
|
|switch|p2a: Ampharos|Ampharos, M|384\/384
|turn|15
|j|Legend WFI Dairy
|choice|switch 6|move thunderbolt mega
|
|switch|p1a: Sylveon|Sylveon, F|331\/331
|detailschange|p2a: Ampharos|Ampharos-Mega, M
|-mega|p2a: Ampharos|Ampharos|Ampharosite
|-ability|p2a: Ampharos|Mold Breaker
|move|p2a: Ampharos|Thunderbolt|p1a: Sylveon
|-damage|p1a: Sylveon|151\/331
|
|upkeep
|turn|16
|choice|move hypervoice|switch 5
|
|switch|p2a: Porygon2|Porygon2|374\/374
|-ability|p2a: Porygon2|Download|boost
|-boost|p2a: Porygon2|atk|1
|move|p1a: Sylveon|Hyper Voice|p2a: Porygon2
|-damage|p2a: Porygon2|250\/374
|
|upkeep
|turn|17
|choice|move wish|move trickroom
|
|move|p1a: Sylveon|Wish|p1a: Sylveon
|move|p2a: Porygon2|Trick Room|p2a: Porygon2
|-fieldstart|move: Trick Room|[of] p2a: Porygon2
|
|upkeep
|turn|18
|l|Legend WFI Dairy
|choice|move hypervoice|switch 3
|
|switch|p2a: Crawdaunt|Crawdaunt, M|242\/329
|move|p1a: Sylveon|Hyper Voice|p2a: Crawdaunt
|-supereffective|p2a: Crawdaunt
|-damage|p2a: Crawdaunt|0 fnt
|faint|p2a: Crawdaunt
|
|-heal|p1a: Sylveon|316\/331|[from] move: Wish|[wisher] Sylveon
|upkeep
|choice||switch 5
|
|switch|p2a: Ampharos|Ampharos-Mega, M|384\/384
|-ability|p2a: Ampharos|Mold Breaker
|turn|19
|choice|move hypervoice|move thunderbolt
|
|move|p2a: Ampharos|Thunderbolt|p1a: Sylveon
|-damage|p1a: Sylveon|156\/331
|move|p1a: Sylveon|Hyper Voice|p2a: Ampharos
|-supereffective|p2a: Ampharos
|-damage|p2a: Ampharos|0 fnt
|faint|p2a: Ampharos
|
|upkeep
|-message|The yolito forfeited.
|
|win|Chief Lobo
|l|The yolito
|raw|Chief Lobo's rating: 1176 &rarr; <strong>1213<\/strong><br \/>(+37 for winning)
|raw|The yolito's rating: 1356 &rarr; <strong>1326<\/strong><br \/>(-30 for losing)
|c|☆Chief Lobo|GG</script>
</div>
<div class="battle-log battle-log-inline"><div class="inner"><div class="battle-options"></div><div class="inner"><div class="chat"><small>Chief Lobo joined.</small></div><div class="chat"><small>The yolito joined.</small></div><div class=""><small>Format:</small> <br><strong>UU</strong></div><div class="rated"><strong>Rated battle</strong></div><div class=""><small><em>Sleep Clause Mod:</em> Limit one foe put to sleep</small></div><div class=""><small><em>Species Clause:</em> Limit one of each Pokémon</small></div><div class=""><small><em>OHKO Clause:</em> OHKO moves are banned</small></div><div class=""><small><em>Moody Clause:</em> Moody is banned</small></div><div class=""><small><em>Evasion Moves Clause:</em> Evasion moves are banned</small></div><div class=""><small><em>Endless Battle Clause:</em> Forcing endless battles is banned</small></div><div class=""><small><em>HP Percentage Mod:</em> HP is shown in percentages</small></div><div class=""><small><em>Swagger Clause:</em> Swagger is banned</small></div><div class=""><small><em>Baton Pass Clause:</em> Limit one Baton Passer, can't pass Spe and other stats simultaneously</small></div><div class="chat battle-history"><strong>Chief Lobo's team:</strong> <em style="color:#445566;display:block;">Machamp / Heliolisk / Crobat / Gyarados / Arcanine / Sylveon</em></div><div class="chat battle-history"><strong>The yolito's team:</strong> <em style="color:#445566;display:block;">Ampharos / Porygon2 / Reuniclus / Conkeldurr / Donphan / Crawdaunt</em></div><div class="chat message-error">Battle timer is ON: inactive players will automatically lose when time's up. (requested by The yolito)</div><div class="spacer battle-history"><br></div><div class="battle-history">Battle started between Chief Lobo and The yolito!<br></div><div class="spacer battle-history"><br></div><div class="battle-history">Go! <strong>Heliolisk</strong>!<br></div><div class="spacer battle-history"><br></div><div class="battle-history">The yolito sent out <strong>Porygon2</strong>!<br></div><div class="battle-history"><small>[The opposing Porygon2's Download]</small><br></div><div class="battle-history"><small>The opposing Porygon2's Attack rose!</small><br></div><div class="spacer battle-history"><br></div><h2 class="battle-history">Turn 1</h2><div class="spacer battle-history"><br></div><div class="battle-history">Heliolisk used <strong>Volt Switch</strong>!<br></div><div class="battle-history"><small>(The opposing Porygon2 lost <abbr title="−87/374">23.3%</abbr> of its health!)</small><br></div><div class="spacer battle-history"><br></div><div class="battle-history">Heliolisk went back to Chief Lobo!<br></div><div class="battle-history">Go! <strong>Machamp</strong>!<br></div><div class="spacer battle-history"><br></div><div class="battle-history">The opposing Porygon2 used <strong>Trick Room</strong>!<br></div><div class="battle-history"><small>The opposing Porygon2 twisted the dimensions!</small><br></div><div class="spacer battle-history"><br></div><h2 class="battle-history">Turn 2</h2><div class="spacer battle-history"><br></div><div class="battle-history">The yolito withdrew Porygon2!<br></div><div class="battle-history">The yolito sent out <strong>Reuniclus</strong>!<br></div><div class="spacer battle-history"><br></div><div class="battle-history">Machamp used <strong>Knock Off</strong>!<br></div><div class="battle-history"><small>It's super effective!</small><br></div><div class="battle-history"><small>(The opposing Reuniclus lost <abbr title="−314/424">74.1%</abbr> of its health!)</small><br></div><div class="battle-history"><small>Machamp knocked off the opposing Reuniclus's Life Orb!</small><br></div><div class="spacer battle-history"><br></div><h2 class="battle-history">Turn 3</h2><div class="spacer battle-history"><br></div><div class="battle-history">Machamp, come back!<br></div><div class="battle-history">Go! <strong>Arcanine</strong>!<br></div><div class="battle-history"><small>[Arcanine's Intimidate]</small><br></div><div class="battle-history"><small>The opposing Reuniclus's Attack fell!</small><br></div><div class="spacer battle-history"><br></div><div class="battle-history">The opposing Reuniclus used <strong>Psyshock</strong>!<br></div><div class="battle-history"><small>(Arcanine lost <abbr title="−111/384">28.9%</abbr> of its health!)</small><br></div><div class="spacer battle-history"><br></div><h2 class="battle-history">Turn 4</h2><div class="spacer battle-history"><br></div><div class="battle-history">The yolito withdrew Reuniclus!<br></div><div class="battle-history">The yolito sent out <strong>Crawdaunt</strong>!<br></div><div class="spacer battle-history"><br></div><div class="battle-history">Arcanine used <strong>Flamethrower</strong>!<br></div><div class="battle-history"><small>It's not very effective...</small><br></div><div class="battle-history"><small>(The opposing Crawdaunt lost <abbr title="−87/329">26.4%</abbr> of its health!)</small><br></div><div class="spacer battle-history"><br></div><h2 class="battle-history">Turn 5</h2><div class="spacer battle-history"><br></div><div class="battle-history">Arcanine, come back!<br></div><div class="battle-history">Go! <strong>Heliolisk</strong>!<br></div><div class="spacer battle-history"><br></div><div class="battle-history">The opposing Crawdaunt used <strong>Waterfall</strong>!<br></div><div class="battle-history"><small>[Heliolisk's Dry Skin]</small><br><small>It doesn't affect Heliolisk...</small><br></div><div class="spacer battle-history"><br></div><div class="battle-history"><small>The twisted dimensions returned to normal!</small><br></div><div class="spacer battle-history"><br></div><h2 class="battle-history">Turn 6</h2><div class="spacer battle-history"><br></div><div class="battle-history">The yolito withdrew Crawdaunt!<br></div><div class="battle-history">The yolito sent out <strong>Porygon2</strong>!<br></div><div class="battle-history"><small>[The opposing Porygon2's Download]</small><br></div><div class="battle-history"><small>The opposing Porygon2's Attack rose!</small><br></div><div class="spacer battle-history"><br></div><div class="battle-history">Heliolisk used <strong>Hyper Voice</strong>!<br></div><div class="battle-history"><small>(The opposing Porygon2 lost <abbr title="−114/374">30.5%</abbr> of its health!)</small><br></div><div class="spacer battle-history"><br></div><h2 class="battle-history">Turn 7</h2><div class="spacer battle-history"><br></div><div class="battle-history">Heliolisk used <strong>Hyper Voice</strong>!<br></div><div class="battle-history"><small>(The opposing Porygon2 lost <abbr title="−106/374">28.3%</abbr> of its health!)</small><br></div><div class="spacer battle-history"><br></div><div class="battle-history">The opposing Porygon2 used <strong>Recover</strong>!<br></div><div class="battle-history"><small>The opposing Porygon2 restored its HP.</small><br></div><div class="spacer battle-history"><br></div><h2 class="battle-history">Turn 8</h2><div class="spacer battle-history"><br></div><div class="battle-history">Heliolisk, come back!<br></div><div class="battle-history">Go! <strong>Machamp</strong>!<br></div><div class="spacer battle-history"><br></div><div class="battle-history">The opposing Porygon2 used <strong>Recover</strong>!<br></div><div class="battle-history"><small>The opposing Porygon2 restored its HP.</small><br></div><div class="spacer battle-history"><br></div><h2 class="battle-history">Turn 9</h2><div class="spacer battle-history"><br></div><div class="battle-history">The yolito withdrew Porygon2!<br></div><div class="battle-history">The yolito sent out <strong>Donphan</strong>!<br></div><div class="spacer battle-history"><br></div><div class="battle-history">Machamp used <strong>Knock Off</strong>!<br></div><div class="battle-history"><small>(The opposing Donphan lost <abbr title="−85/383">22.2%</abbr> of its health!)</small><br></div><div class="battle-history"><small>Machamp was hurt by the Rocky Helmet!</small><br></div><div class="battle-history"><small>Machamp knocked off the opposing Donphan's Rocky Helmet!</small><br></div><div class="spacer battle-history"><br></div><h2 class="battle-history">Turn 10</h2><div class="spacer battle-history"><br></div><div class="battle-history">Machamp used <strong>Cross Chop</strong>!<br></div><div class="battle-history"><small>(The opposing Donphan lost <abbr title="−114/383">29.8%</abbr> of its health!)</small><br></div><div class="spacer battle-history"><br></div><div class="battle-history">The opposing Donphan used <strong>Knock Off</strong>!<br></div><div class="battle-history"><small>It's not very effective...</small><br></div><div class="battle-history"><small>(Machamp lost <abbr title="−54/364">14.8%</abbr> of its health!)</small><br></div><div class="battle-history"><small>The opposing Donphan knocked off Machamp's Assault Vest!</small><br></div><div class="spacer battle-history"><br></div><h2 class="battle-history">Turn 11</h2><div class="spacer battle-history"><br></div><div class="battle-history">Machamp used <strong>Ice Punch</strong>!<br></div><div class="battle-history"><small>It's super effective!</small><br></div><div class="battle-history"><small>A critical hit!</small><br></div><div class="battle-history"><small>(The opposing Donphan lost <abbr title="−184/383">48.0%</abbr> of its health!)</small><br></div><div class="spacer battle-history"><br></div><div class="battle-history">The opposing Donphan fainted!<br></div><div class="spacer battle-history"><br></div><div class="battle-history">The yolito sent out <strong>Conkeldurr</strong>!<br></div><div class="spacer battle-history"><br></div><h2 class="battle-history">Turn 12</h2><div class="spacer battle-history"><br></div><div class="battle-history">Machamp used <strong>Knock Off</strong>!<br></div><div class="battle-history"><small>It's not very effective...</small><br></div><div class="battle-history"><small>A critical hit!</small><br></div><div class="battle-history"><small>(The opposing Conkeldurr lost <abbr title="−92/414">22.2%</abbr> of its health!)</small><br></div><div class="battle-history"><small>Machamp knocked off the opposing Conkeldurr's Assault Vest!</small><br></div><div class="spacer battle-history"><br></div><div class="battle-history">The opposing Conkeldurr used <strong>Drain Punch</strong>!<br></div><div class="battle-history"><small>(Machamp lost <abbr title="−198/364">54.4%</abbr> of its health!)</small><br></div><div class="battle-history"><small>Machamp had its energy drained!</small><br></div><div class="spacer battle-history"><br></div><h2 class="battle-history">Turn 13</h2><div class="spacer battle-history"><br></div><div class="battle-history">Machamp, come back!<br></div><div class="battle-history">Go! <strong>Crobat</strong>!<br></div><div class="spacer battle-history"><br></div><div class="battle-history">The opposing Conkeldurr used <strong>Mach Punch</strong>!<br></div><div class="battle-history"><small>It's not very effective...</small><br></div><div class="battle-history"><small>(Crobat lost <abbr title="−27/311">8.7%</abbr> of its health!)</small><br></div><div class="spacer battle-history"><br></div><div class="battle-history"><small>Crobat restored a little HP using its Black Sludge!</small><br></div><div class="spacer battle-history"><br></div><h2 class="battle-history">Turn 14</h2><div class="spacer battle-history"><br></div><div class="battle-history">The yolito withdrew Conkeldurr!<br></div><div class="battle-history">The yolito sent out <strong>Reuniclus</strong>!<br></div><div class="spacer battle-history"><br></div><div class="battle-history">Crobat used <strong>Brave Bird</strong>!<br></div><div class="battle-history"><small>(The opposing Reuniclus lost <abbr title="−110/424">25.9%</abbr> of its health!)</small><br></div><div class="battle-history"><small>Crobat is damaged by the recoil!</small><br></div><div class="spacer battle-history"><br></div><div class="battle-history">The opposing Reuniclus fainted!<br></div><div class="spacer battle-history"><br></div><div class="battle-history"><small>Crobat restored a little HP using its Black Sludge!</small><br></div><div class="spacer battle-history"><br></div><div class="battle-history">The yolito sent out <strong>Ampharos</strong>!<br></div><div class="spacer battle-history"><br></div><h2 class="battle-history">Turn 15</h2><div class="chat"><small>Legend WFI Dairy joined.</small></div><div class="spacer battle-history"><br></div><div class="battle-history">Crobat, come back!<br></div><div class="battle-history">Go! <strong>Sylveon</strong>!<br></div><div class="spacer battle-history"><br></div><div class="battle-history"><small>The opposing Ampharos's Ampharosite is reacting to The yolito's Mega Bracelet!</small><br>The opposing Ampharos has Mega Evolved into Mega Ampharos!<br></div><div class="battle-history"><small>[The opposing Ampharos's Mold Breaker]</small><br><small>The opposing Ampharos breaks the mold!</small><br></div><div class="spacer battle-history"><br></div><div class="battle-history">The opposing Ampharos used <strong>Thunderbolt</strong>!<br></div><div class="battle-history"><small>(Sylveon lost <abbr title="−180/331">54.4%</abbr> of its health!)</small><br></div><div class="spacer battle-history"><br></div><h2 class="battle-history">Turn 16</h2><div class="spacer battle-history"><br></div><div class="battle-history">The yolito withdrew Ampharos!<br></div><div class="battle-history">The yolito sent out <strong>Porygon2</strong>!<br></div><div class="battle-history"><small>[The opposing Porygon2's Download]</small><br></div><div class="battle-history"><small>The opposing Porygon2's Attack rose!</small><br></div><div class="spacer battle-history"><br></div><div class="battle-history">Sylveon used <strong>Hyper Voice</strong>!<br></div><div class="battle-history"><small>(The opposing Porygon2 lost <abbr title="−124/374">33.2%</abbr> of its health!)</small><br></div><div class="spacer battle-history"><br></div><h2 class="battle-history">Turn 17</h2><div class="spacer battle-history"><br></div><div class="battle-history">Sylveon used <strong>Wish</strong>!<br></div><div class="spacer battle-history"><br></div><div class="battle-history">The opposing Porygon2 used <strong>Trick Room</strong>!<br></div><div class="battle-history"><small>The opposing Porygon2 twisted the dimensions!</small><br></div><div class="spacer battle-history"><br></div><h2 class="battle-history">Turn 18</h2><div class="chat"><small>Legend WFI Dairy left.</small></div><div class="spacer battle-history"><br></div><div class="battle-history">The yolito withdrew Porygon2!<br></div><div class="battle-history">The yolito sent out <strong>Crawdaunt</strong>!<br></div><div class="spacer battle-history"><br></div><div class="battle-history">Sylveon used <strong>Hyper Voice</strong>!<br></div><div class="battle-history"><small>It's super effective!</small><br></div><div class="battle-history"><small>(The opposing Crawdaunt lost <abbr title="−242/329">73.6%</abbr> of its health!)</small><br></div><div class="spacer battle-history"><br></div><div class="battle-history">The opposing Crawdaunt fainted!<br></div><div class="spacer battle-history"><br></div><div class="battle-history"><small>Sylveon's wish came true!</small><br></div><div class="spacer battle-history"><br></div><div class="battle-history">The yolito sent out Ampharos (<strong>Ampharos-Mega</strong>)!<br></div><div class="battle-history"><small>[The opposing Ampharos's Mold Breaker]</small><br><small>The opposing Ampharos breaks the mold!</small><br></div><div class="spacer battle-history"><br></div><h2 class="battle-history">Turn 19</h2><div class="spacer battle-history"><br></div><div class="battle-history">The opposing Ampharos used <strong>Thunderbolt</strong>!<br></div><div class="battle-history"><small>(Sylveon lost <abbr title="−160/331">48.3%</abbr> of its health!)</small><br></div><div class="spacer battle-history"><br></div><div class="battle-history">Sylveon used <strong>Hyper Voice</strong>!<br></div><div class="battle-history"><small>It's super effective!</small><br></div><div class="battle-history"><small>(The opposing Ampharos lost <abbr title="−384/384">100%</abbr> of its health!)</small><br></div><div class="spacer battle-history"><br></div><div class="battle-history">The opposing Ampharos fainted!<br></div><div class="spacer battle-history"><br></div><div class="battle-history"><small>The yolito forfeited.</small><br></div><div class="spacer battle-history"><br></div><div class="battle-history"><strong>Chief Lobo</strong> won the battle!<br></div><div class="chat"><small>The yolito left.</small></div><div class="chat">Chief Lobo's rating: 1176 → <strong>1213</strong><br>(+37 for winning)</div><div class="chat">The yolito's rating: 1356 → <strong>1326</strong><br>(-30 for losing)</div><div class="chat chatmessage-chieflobo"><strong style="color:hsl(344,44%,52.10009420502018%)"><small>☆</small><span class="username" data-name="Chief Lobo">Chief Lobo</span>:</strong> <em>GG</em></div></div><div class="inner-preempt"></div></div></div>
</div>
<script>
let daily = Math.floor(Date.now()/1000/60/60/24);document.write('<script src="https://play.pokemonshowdown.com/js/replay-embed.js?version'+daily+'"></'+'script>');
</script>
