<!DOCTYPE html>
<meta charset="utf-8" />
<!-- version 1 -->
<title>UU replay: 10blast vs. Luis_Zuniga_SPS</title>
<style>
html,body {font-family:Verdana, sans-serif;font-size:10pt;margin:0;padding:0;}body{padding:12px 0;} .battle-log {font-family:Verdana, sans-serif;font-size:10pt;} .battle-log-inline {border:1px solid #AAAAAA;background:#EEF2F5;color:black;max-width:640px;margin:0 auto 80px;padding-bottom:5px;} .battle-log .inner {padding:4px 8px 0px 8px;} .battle-log .inner-preempt {padding:0 8px 4px 8px;} .battle-log .inner-after {margin-top:0.5em;} .battle-log h2 {margin:0.5em -8px;padding:4px 8px;border:1px solid #AAAAAA;background:#E0E7EA;border-left:0;border-right:0;font-family:Verdana, sans-serif;font-size:13pt;} .battle-log .chat {vertical-align:middle;padding:3px 0 3px 0;font-size:8pt;} .battle-log .chat strong {color:#40576A;} .battle-log .chat em {padding:1px 4px 1px 3px;color:#000000;font-style:normal;} .chat.mine {background:rgba(0,0,0,0.05);margin-left:-8px;margin-right:-8px;padding-left:8px;padding-right:8px;} .spoiler {color:#BBBBBB;background:#BBBBBB;padding:0px 3px;} .spoiler:hover, .spoiler:active, .spoiler-shown {color:#000000;background:#E2E2E2;padding:0px 3px;} .spoiler a {color:#BBBBBB;} .spoiler:hover a, .spoiler:active a, .spoiler-shown a {color:#2288CC;} .chat code, .chat .spoiler:hover code, .chat .spoiler:active code, .chat .spoiler-shown code {border:1px solid #C0C0C0;background:#EEEEEE;color:black;padding:0 2px;} .chat .spoiler code {border:1px solid #CCCCCC;background:#CCCCCC;color:#CCCCCC;} .battle-log .rated {padding:3px 4px;} .battle-log .rated strong {color:white;background:#89A;padding:1px 4px;border-radius:4px;} .spacer {margin-top:0.5em;} .message-announce {background:#6688AA;color:white;padding:1px 4px 2px;} .message-announce a, .broadcast-green a, .broadcast-blue a, .broadcast-red a {color:#DDEEFF;} .broadcast-green {background-color:#559955;color:white;padding:2px 4px;} .broadcast-blue {background-color:#6688AA;color:white;padding:2px 4px;} .infobox {border:1px solid #6688AA;padding:2px 4px;} .infobox-limited {max-height:200px;overflow:auto;overflow-x:hidden;} .broadcast-red {background-color:#AA5544;color:white;padding:2px 4px;} .message-learn-canlearn {font-weight:bold;color:#228822;text-decoration:underline;} .message-learn-cannotlearn {font-weight:bold;color:#CC2222;text-decoration:underline;} .message-effect-weak {font-weight:bold;color:#CC2222;} .message-effect-resist {font-weight:bold;color:#6688AA;} .message-effect-immune {font-weight:bold;color:#666666;} .message-learn-list {margin-top:0;margin-bottom:0;} .message-throttle-notice, .message-error {color:#992222;} .message-overflow, .chat small.message-overflow {font-size:0pt;} .message-overflow::before {font-size:9pt;content:'...';} .subtle {color:#3A4A66;}
</style>
<div class="wrapper replay-wrapper" style="max-width:1180px;margin:0 auto">
<input type="hidden" name="replayid" value="uu-548471253" />
<div class="battle"></div><div class="battle-log"></div><div class="replay-controls"></div><div class="replay-controls-2"></div>
<h1 style="font-weight:normal;text-align:center"><strong>UU</strong><br /><a href="http://pokemonshowdown.com/users/10blast" class="subtle" target="_blank">10blast</a> vs. <a href="http://pokemonshowdown.com/users/luiszunigasps" class="subtle" target="_blank">Luis_Zuniga_SPS</a></h1>
<script type="text/plain" class="battle-log-data">|j|10blast
|j|Luis_Zuniga_SPS
|player|p1|10blast|68
|player|p2|Luis_Zuniga_SPS|123
|gametype|singles
|gen|6
|tier|UU
|rated
|seed|29177,12877,47943,8037
|rule|Sleep Clause Mod: Limit one foe put to sleep
|rule|Species Clause: Limit one of each Pokémon
|rule|OHKO Clause: OHKO moves are banned
|rule|Moody Clause: Moody is banned
|rule|Evasion Moves Clause: Evasion moves are banned
|rule|Endless Battle Clause: Forcing endless battles is banned
|rule|HP Percentage Mod: HP is shown in percentages
|clearpoke
|poke|p1|Gallade, M|item
|poke|p1|Yanmega, M, shiny|item
|poke|p1|Froslass, F, shiny|item
|poke|p1|Donphan, F, shiny|item
|poke|p1|Florges-White, F, shiny|item
|poke|p1|Ambipom, F, shiny|item
|poke|p2|Gyarados, F|item
|poke|p2|Drapion, M|item
|poke|p2|Infernape, F|item
|poke|p2|Blissey, F|item
|poke|p2|Espeon, F|item
|poke|p2|Cloyster, M|item
|rule|Swagger Clause: Swagger is banned
|rule|Baton Pass Clause: Limit one Baton Passer, can't pass Spe and other stats simultaneously
|teampreview
|choice|team 6, team 2, team 3, team 4, team 5, team 1|team 3, team 2, team 1, team 4, team 5, team 6
|
|start
|switch|p1a: Harambæ|Ambipom, F, shiny|292\/292
|switch|p2a: Infernape|Infernape, F|293\/293
|turn|1
|choice|move fakeout|move fakeout
|
|move|p1a: Harambæ|Fake Out|p2a: Infernape
|-damage|p2a: Infernape|137\/293
|cant|p2a: Infernape|flinch
|
|upkeep
|turn|2
|choice|switch 4|move machpunch
|
|switch|p1a: Daphnee|Donphan, F, shiny|384\/384
|move|p2a: Infernape|Mach Punch|p1a: Daphnee
|-damage|p1a: Daphnee|336\/384
|
|-heal|p1a: Daphnee|360\/384|[from] item: Leftovers
|upkeep
|turn|3
|choice|move stealthrock|switch 5
|
|switch|p2a: Espeon|Espeon, F|272\/272
|move|p1a: Daphnee|Stealth Rock|p2a: Espeon
|move|p2a: Espeon|Stealth Rock|p1a: Daphnee|[from]Magic Bounce
|-sidestart|p1: 10blast|move: Stealth Rock
|
|-heal|p1a: Daphnee|384\/384|[from] item: Leftovers
|upkeep
|turn|4
|choice|move rapidspin|move trick
|
|move|p2a: Espeon|Trick|p1a: Daphnee
|-activate|p2a: Espeon|move: Trick|[of] p1a: Daphnee
|-item|p1a: Daphnee|Choice Scarf|[from] move: Trick
|-item|p2a: Espeon|Leftovers|[from] move: Trick
|move|p1a: Daphnee|Rapid Spin|p2a: Espeon
|-damage|p2a: Espeon|245\/272
|-sideend|p1: 10blast|Stealth Rock|[from] move: Rapid Spin|[of] p1a: Daphnee
|
|-heal|p2a: Espeon|262\/272|[from] item: Leftovers
|upkeep
|turn|5
|choice|switch 3|move psyshock
|
|switch|p1a: Keiko|Froslass, F, shiny|282\/282
|move|p2a: Espeon|Psyshock|p1a: Keiko
|-damage|p1a: Keiko|87\/282
|
|-heal|p2a: Espeon|272\/272|[from] item: Leftovers
|upkeep
|turn|6
|choice|move destinybond|move shadowball
|
|move|p1a: Keiko|Destiny Bond|p1a: Keiko
|-singlemove|p1a: Keiko|Destiny Bond
|move|p2a: Espeon|Shadow Ball|p1a: Keiko
|-supereffective|p1a: Keiko
|-crit|p1a: Keiko
|-damage|p1a: Keiko|0 fnt
|-start|p2a: Espeon|Disable|Shadow Ball|[from] ability: Cursed Body|[of] p1a: Keiko
|faint|p1a: Keiko
|-activate|p1a: Keiko|move: Destiny Bond
|faint|p2a: Espeon
|
|upkeep
|choice|switch 3|switch 4
|
|switch|p2a: Blissey|Blissey, F|714\/714
|switch|p1a: Daphnee|Donphan, F, shiny|384\/384
|turn|7
|choice|move stealthrock|move wish
|
|move|p1a: Daphnee|Stealth Rock|p2a: Blissey
|-sidestart|p2: Luis_Zuniga_SPS|move: Stealth Rock
|move|p2a: Blissey|Wish|p2a: Blissey
|
|upkeep
|turn|8
|choice|switch 2|switch 6
|
|switch|p1a: Yamnigga|Yanmega, M, shiny|313\/313
|switch|p2a: Cloyster|Cloyster, M|241\/241
|-damage|p2a: Cloyster|181\/241|[from] Stealth Rock
|
|-heal|p2a: Cloyster|241\/241|[from] move: Wish|[wisher] Blissey
|upkeep
|turn|9
|choice|move bugbuzz|move rapidspin
|
|move|p1a: Yamnigga|Bug Buzz|p2a: Cloyster
|-damage|p2a: Cloyster|0 fnt
|faint|p2a: Cloyster
|
|upkeep
|choice||switch 6
|
|switch|p2a: Blissey|Blissey, F|714\/714
|-damage|p2a: Blissey|625\/714|[from] Stealth Rock
|turn|10
|choice|switch 6|move thunderwave
|
|switch|p1a: Goku|Gallade, M|278\/278
|move|p2a: Blissey|Thunder Wave|p1a: Goku
|-status|p1a: Goku|par
|
|-heal|p2a: Blissey|669\/714|[from] item: Leftovers
|upkeep
|turn|11
|choice|move drainpunch|move wish
|
|move|p2a: Blissey|Wish|p2a: Blissey
|cant|p1a: Goku|par
|
|-heal|p2a: Blissey|713\/714|[from] item: Leftovers
|upkeep
|turn|12
|choice|move drainpunch|switch 3
|
|switch|p2a: Gyarados|Gyarados, F|333\/333
|-damage|p2a: Gyarados|250\/333|[from] Stealth Rock
|move|p1a: Goku|Drain Punch|p2a: Gyarados
|-resisted|p2a: Gyarados
|-damage|p2a: Gyarados|164\/333
|
|-heal|p2a: Gyarados|333\/333|[from] move: Wish|[wisher] Blissey
|upkeep
|turn|13
|choice|switch 2|move substitute
|
|switch|p1a: Daphnee|Donphan, F, shiny|384\/384
|move|p2a: Gyarados|Substitute|p2a: Gyarados
|-start|p2a: Gyarados|Substitute
|-damage|p2a: Gyarados|250\/333
|
|-heal|p2a: Gyarados|270\/333|[from] item: Leftovers
|upkeep
|turn|14
|choice|move knockoff|move waterfall
|
|move|p2a: Gyarados|Waterfall|p1a: Daphnee
|-supereffective|p1a: Daphnee
|-damage|p1a: Daphnee|214\/384
|move|p1a: Daphnee|Knock Off|p2a: Gyarados
|-end|p2a: Gyarados|Substitute
|
|-heal|p2a: Gyarados|290\/333|[from] item: Leftovers
|upkeep
|turn|15
|choice|move knockoff|move substitute
|
|move|p2a: Gyarados|Substitute|p2a: Gyarados
|-start|p2a: Gyarados|Substitute
|-damage|p2a: Gyarados|207\/333
|move|p1a: Daphnee|Knock Off|p2a: Gyarados
|-end|p2a: Gyarados|Substitute
|
|-heal|p2a: Gyarados|227\/333|[from] item: Leftovers
|upkeep
|turn|16
|choice|move knockoff|move dragondance
|
|move|p2a: Gyarados|Dragon Dance|p2a: Gyarados
|-boost|p2a: Gyarados|atk|1
|-boost|p2a: Gyarados|spe|1
|move|p1a: Daphnee|Knock Off|p2a: Gyarados
|-damage|p2a: Gyarados|121\/333
|-enditem|p2a: Gyarados|Leftovers|[from] move: Knock Off|[of] p1a: Daphnee
|
|upkeep
|turn|17
|choice|move knockoff|move waterfall
|
|move|p2a: Gyarados|Waterfall|p1a: Daphnee
|-supereffective|p1a: Daphnee
|-damage|p1a: Daphnee|0 fnt
|faint|p1a: Daphnee
|-ability|p2a: Gyarados|Moxie|boost
|-boost|p2a: Gyarados|atk|1
|
|upkeep
|choice|switch 6|
|
|switch|p1a: Yamnigga|Yanmega, M, shiny|313\/313
|turn|18
|choice|move bugbuzz|move substitute
|
|move|p1a: Yamnigga|Bug Buzz|p2a: Gyarados
|-resisted|p2a: Gyarados
|-damage|p2a: Gyarados|0 fnt
|faint|p2a: Gyarados
|
|upkeep
|choice||switch 3
|
|switch|p2a: Blissey|Blissey, F|713\/714
|-damage|p2a: Blissey|624\/714|[from] Stealth Rock
|turn|19
|choice|switch 2|move wish
|
|switch|p1a: Goku|Gallade, M|278\/278 par
|move|p2a: Blissey|Wish|p2a: Blissey
|
|-heal|p2a: Blissey|668\/714|[from] item: Leftovers
|upkeep
|turn|20
|choice|move psychocut|switch 5
|
|switch|p2a: Infernape|Infernape, F|137\/293
|-damage|p2a: Infernape|101\/293|[from] Stealth Rock
|move|p1a: Goku|Psycho Cut|p2a: Infernape
|-supereffective|p2a: Infernape
|-damage|p2a: Infernape|0 fnt
|faint|p2a: Infernape
|
|upkeep
|choice||switch 2
|
|switch|p2a: Drapion|Drapion, M|344\/344
|-damage|p2a: Drapion|301\/344|[from] Stealth Rock
|turn|21
|choice|move drainpunch|move swordsdance
|
|move|p2a: Drapion|Swords Dance|p2a: Drapion
|-boost|p2a: Drapion|atk|2
|move|p1a: Goku|Drain Punch|p2a: Drapion
|-damage|p2a: Drapion|204\/344
|
|upkeep
|turn|22
|choice|move drainpunch|move knockoff
|
|move|p2a: Drapion|Knock Off|p1a: Goku
|-damage|p1a: Goku|0 fnt
|-enditem|p1a: Goku|Assault Vest|[from] move: Knock Off|[of] p2a: Drapion
|faint|p1a: Goku
|
|upkeep
|choice|switch 4|
|
|switch|p1a: Harambæ|Ambipom, F, shiny|292\/292
|turn|23
|choice|move fakeout|move knockoff
|
|move|p1a: Harambæ|Fake Out|p2a: Drapion
|-crit|p2a: Drapion
|-damage|p2a: Drapion|86\/344
|cant|p2a: Drapion|flinch
|
|upkeep
|turn|24
|choice|move return|move knockoff
|
|move|p1a: Harambæ|Return|p2a: Drapion
|-damage|p2a: Drapion|0 fnt
|faint|p2a: Drapion
|
|upkeep
|-message|Luis_Zuniga_SPS forfeited.
|
|win|10blast
|player|p1
|player|p2
|l|Luis_Zuniga_SPS
|raw|10blast's rating: 1250 &rarr; <strong>1279<\/strong><br \/>(+29 for winning)
|raw|Luis_Zuniga_SPS's rating: 1295 &rarr; <strong>1266<\/strong><br \/>(-29 for losing)
|c|☆10blast|gg</script>
</div>
<div class="battle-log battle-log-inline"><div class="inner"><div class="battle-options"></div><div class="inner"><div class="chat"><small>10blast joined.</small></div><div class="chat"><small>Luis_Zuniga_SPS joined.</small></div><div class=""><small>Format:</small> <br><strong>UU</strong></div><div class="rated"><strong>Rated battle</strong></div><div class=""><small><em>Sleep Clause Mod:</em> Limit one foe put to sleep</small></div><div class=""><small><em>Species Clause:</em> Limit one of each Pokémon</small></div><div class=""><small><em>OHKO Clause:</em> OHKO moves are banned</small></div><div class=""><small><em>Moody Clause:</em> Moody is banned</small></div><div class=""><small><em>Evasion Moves Clause:</em> Evasion moves are banned</small></div><div class=""><small><em>Endless Battle Clause:</em> Forcing endless battles is banned</small></div><div class=""><small><em>HP Percentage Mod:</em> HP is shown in percentages</small></div><div class=""><small><em>Swagger Clause:</em> Swagger is banned</small></div><div class=""><small><em>Baton Pass Clause:</em> Limit one Baton Passer, can't pass Spe and other stats simultaneously</small></div><div class="chat battle-history"><strong>10blast's team:</strong> <em style="color:#445566;display:block;">Gallade / Yanmega / Froslass / Donphan / Florges-White / Ambipom</em></div><div class="chat battle-history"><strong>Luis_Zuniga_SPS's team:</strong> <em style="color:#445566;display:block;">Gyarados / Drapion / Infernape / Blissey / Espeon / Cloyster</em></div><div class="spacer battle-history"><br></div><div class="battle-history">Battle started between 10blast and Luis_Zuniga_SPS!<br></div><div class="spacer battle-history"><br></div><div class="battle-history">Go! Harambæ (<strong>Ambipom</strong>)!<br></div><div class="spacer battle-history"><br></div><div class="battle-history">Luis_Zuniga_SPS sent out <strong>Infernape</strong>!<br></div><div class="spacer battle-history"><br></div><h2 class="battle-history">Turn 1</h2><div class="spacer battle-history"><br></div><div class="battle-history">Harambæ used <strong>Fake Out</strong>!<br></div><div class="battle-history"><small>(The opposing Infernape lost <abbr title="−156/293">53.2%</abbr> of its health!)</small><br></div><div class="spacer battle-history"><br></div><div class="battle-history">The opposing Infernape flinched and couldn't move!<br></div><div class="spacer battle-history"><br></div><h2 class="battle-history">Turn 2</h2><div class="spacer battle-history"><br></div><div class="battle-history">Harambæ, come back!<br></div><div class="battle-history">Go! Daphnee (<strong>Donphan</strong>)!<br></div><div class="spacer battle-history"><br></div><div class="battle-history">The opposing Infernape used <strong>Mach Punch</strong>!<br></div><div class="battle-history"><small>(Daphnee lost <abbr title="−48/384">12.5%</abbr> of its health!)</small><br></div><div class="spacer battle-history"><br></div><div class="battle-history"><small>Daphnee restored a little HP using its Leftovers!</small><br></div><div class="spacer battle-history"><br></div><h2 class="battle-history">Turn 3</h2><div class="spacer battle-history"><br></div><div class="battle-history">Luis_Zuniga_SPS withdrew Infernape!<br></div><div class="battle-history">Luis_Zuniga_SPS sent out <strong>Espeon</strong>!<br></div><div class="spacer battle-history"><br></div><div class="battle-history">Daphnee used <strong>Stealth Rock</strong>!<br></div><div class="spacer battle-history"><br></div><div class="battle-history"><small>[The opposing Espeon's Magic Bounce]</small><br>The opposing Espeon bounced the Stealth Rock back!<br></div><div class="battle-history"><small>Pointed stones float in the air around your team!</small><br></div><div class="spacer battle-history"><br></div><div class="battle-history"><small>Daphnee restored a little HP using its Leftovers!</small><br></div><div class="spacer battle-history"><br></div><h2 class="battle-history">Turn 4</h2><div class="spacer battle-history"><br></div><div class="battle-history">The opposing Espeon used <strong>Trick</strong>!<br></div><div class="battle-history"><small>The opposing Espeon switched items with its target!</small><br></div><div class="battle-history"><small>Daphnee obtained one Choice Scarf.</small><br></div><div class="battle-history"><small>The opposing Espeon obtained one Leftovers.</small><br></div><div class="spacer battle-history"><br></div><div class="battle-history">Daphnee used <strong>Rapid Spin</strong>!<br></div><div class="battle-history"><small>(The opposing Espeon lost <abbr title="−27/272">9.9%</abbr> of its health!)</small><br></div><div class="battle-history"><small>The pointed stones disappeared from around your team!</small><br></div><div class="spacer battle-history"><br></div><div class="battle-history"><small>The opposing Espeon restored a little HP using its Leftovers!</small><br></div><div class="spacer battle-history"><br></div><h2 class="battle-history">Turn 5</h2><div class="spacer battle-history"><br></div><div class="battle-history">Daphnee, come back!<br></div><div class="battle-history">Go! Keiko (<strong>Froslass</strong>)!<br></div><div class="spacer battle-history"><br></div><div class="battle-history">The opposing Espeon used <strong>Psyshock</strong>!<br></div><div class="battle-history"><small>(Keiko lost <abbr title="−195/282">69.1%</abbr> of its health!)</small><br></div><div class="spacer battle-history"><br></div><div class="battle-history"><small>The opposing Espeon restored a little HP using its Leftovers!</small><br></div><div class="spacer battle-history"><br></div><h2 class="battle-history">Turn 6</h2><div class="spacer battle-history"><br></div><div class="battle-history">Keiko used <strong>Destiny Bond</strong>!<br></div><div class="battle-history">Keiko is hoping to take its attacker down with it!<br></div><div class="spacer battle-history"><br></div><div class="battle-history">The opposing Espeon used <strong>Shadow Ball</strong>!<br></div><div class="battle-history"><small>It's super effective!</small><br></div><div class="battle-history"><small>A critical hit!</small><br></div><div class="battle-history"><small>(Keiko lost <abbr title="−87/282">30.9%</abbr> of its health!)</small><br></div><div class="battle-history"><small>[Keiko's Cursed Body]</small><br><small>The opposing Espeon's Shadow Ball was disabled!</small><br></div><div class="spacer battle-history"><br></div><div class="battle-history">Keiko fainted!<br></div><div class="battle-history"><small>Keiko took its attacker down with it!</small><br></div><div class="spacer battle-history"><br></div><div class="battle-history">The opposing Espeon fainted!<br></div><div class="spacer battle-history"><br></div><div class="battle-history">Luis_Zuniga_SPS sent out <strong>Blissey</strong>!<br></div><div class="spacer battle-history"><br></div><div class="battle-history">Go! Daphnee (<strong>Donphan</strong>)!<br></div><div class="spacer battle-history"><br></div><h2 class="battle-history">Turn 7</h2><div class="spacer battle-history"><br></div><div class="battle-history">Daphnee used <strong>Stealth Rock</strong>!<br></div><div class="battle-history"><small>Pointed stones float in the air around the opposing team!</small><br></div><div class="spacer battle-history"><br></div><div class="battle-history">The opposing Blissey used <strong>Wish</strong>!<br></div><div class="spacer battle-history"><br></div><h2 class="battle-history">Turn 8</h2><div class="spacer battle-history"><br></div><div class="battle-history">Daphnee, come back!<br></div><div class="battle-history">Go! Yamnigga (<strong>Yanmega</strong>)!<br></div><div class="spacer battle-history"><br></div><div class="battle-history">Luis_Zuniga_SPS withdrew Blissey!<br></div><div class="battle-history">Luis_Zuniga_SPS sent out <strong>Cloyster</strong>!<br></div><div class="battle-history"><small>Pointed stones dug into the opposing Cloyster!</small><br></div><div class="spacer battle-history"><br></div><div class="battle-history"><small>Blissey's wish came true!</small><br></div><div class="spacer battle-history"><br></div><h2 class="battle-history">Turn 9</h2><div class="spacer battle-history"><br></div><div class="battle-history">Yamnigga used <strong>Bug Buzz</strong>!<br></div><div class="battle-history"><small>(The opposing Cloyster lost <abbr title="−241/241">100%</abbr> of its health!)</small><br></div><div class="spacer battle-history"><br></div><div class="battle-history">The opposing Cloyster fainted!<br></div><div class="spacer battle-history"><br></div><div class="battle-history">Luis_Zuniga_SPS sent out <strong>Blissey</strong>!<br></div><div class="battle-history"><small>Pointed stones dug into the opposing Blissey!</small><br></div><div class="spacer battle-history"><br></div><h2 class="battle-history">Turn 10</h2><div class="spacer battle-history"><br></div><div class="battle-history">Yamnigga, come back!<br></div><div class="battle-history">Go! Goku (<strong>Gallade</strong>)!<br></div><div class="spacer battle-history"><br></div><div class="battle-history">The opposing Blissey used <strong>Thunder Wave</strong>!<br></div><div class="battle-history"><small>Goku is paralyzed! It may be unable to move!</small><br></div><div class="spacer battle-history"><br></div><div class="battle-history"><small>The opposing Blissey restored a little HP using its Leftovers!</small><br></div><div class="spacer battle-history"><br></div><h2 class="battle-history">Turn 11</h2><div class="spacer battle-history"><br></div><div class="battle-history">The opposing Blissey used <strong>Wish</strong>!<br></div><div class="spacer battle-history"><br></div><div class="battle-history">Goku is paralyzed! It can't move!<br></div><div class="spacer battle-history"><br></div><div class="battle-history"><small>The opposing Blissey restored a little HP using its Leftovers!</small><br></div><div class="spacer battle-history"><br></div><h2 class="battle-history">Turn 12</h2><div class="spacer battle-history"><br></div><div class="battle-history">Luis_Zuniga_SPS withdrew Blissey!<br></div><div class="battle-history">Luis_Zuniga_SPS sent out <strong>Gyarados</strong>!<br></div><div class="battle-history"><small>Pointed stones dug into the opposing Gyarados!</small><br></div><div class="spacer battle-history"><br></div><div class="battle-history">Goku used <strong>Drain Punch</strong>!<br></div><div class="battle-history"><small>It's not very effective...</small><br></div><div class="battle-history"><small>(The opposing Gyarados lost <abbr title="−86/333">25.8%</abbr> of its health!)</small><br></div><div class="spacer battle-history"><br></div><div class="battle-history"><small>Blissey's wish came true!</small><br></div><div class="spacer battle-history"><br></div><h2 class="battle-history">Turn 13</h2><div class="spacer battle-history"><br></div><div class="battle-history">Goku, come back!<br></div><div class="battle-history">Go! Daphnee (<strong>Donphan</strong>)!<br></div><div class="spacer battle-history"><br></div><div class="battle-history">The opposing Gyarados used <strong>Substitute</strong>!<br></div><div class="battle-history"><small>The opposing Gyarados put in a substitute!</small><br></div><div class="battle-history"><small>(The opposing Gyarados lost <abbr title="−83/333">24.9%</abbr> of its health!)</small><br></div><div class="spacer battle-history"><br></div><div class="battle-history"><small>The opposing Gyarados restored a little HP using its Leftovers!</small><br></div><div class="spacer battle-history"><br></div><h2 class="battle-history">Turn 14</h2><div class="spacer battle-history"><br></div><div class="battle-history">The opposing Gyarados used <strong>Waterfall</strong>!<br></div><div class="battle-history"><small>It's super effective!</small><br></div><div class="battle-history"><small>(Daphnee lost <abbr title="−170/384">44.3%</abbr> of its health!)</small><br></div><div class="spacer battle-history"><br></div><div class="battle-history">Daphnee used <strong>Knock Off</strong>!<br></div><div class="battle-history"><small>The opposing Gyarados's substitute faded!</small><br></div><div class="spacer battle-history"><br></div><div class="battle-history"><small>The opposing Gyarados restored a little HP using its Leftovers!</small><br></div><div class="spacer battle-history"><br></div><h2 class="battle-history">Turn 15</h2><div class="spacer battle-history"><br></div><div class="battle-history">The opposing Gyarados used <strong>Substitute</strong>!<br></div><div class="battle-history"><small>The opposing Gyarados put in a substitute!</small><br></div><div class="battle-history"><small>(The opposing Gyarados lost <abbr title="−83/333">24.9%</abbr> of its health!)</small><br></div><div class="spacer battle-history"><br></div><div class="battle-history">Daphnee used <strong>Knock Off</strong>!<br></div><div class="battle-history"><small>The opposing Gyarados's substitute faded!</small><br></div><div class="spacer battle-history"><br></div><div class="battle-history"><small>The opposing Gyarados restored a little HP using its Leftovers!</small><br></div><div class="spacer battle-history"><br></div><h2 class="battle-history">Turn 16</h2><div class="spacer battle-history"><br></div><div class="battle-history">The opposing Gyarados used <strong>Dragon Dance</strong>!<br></div><div class="battle-history"><small>The opposing Gyarados's Attack rose!</small><br></div><div class="battle-history"><small>The opposing Gyarados's Speed rose!</small><br></div><div class="spacer battle-history"><br></div><div class="battle-history">Daphnee used <strong>Knock Off</strong>!<br></div><div class="battle-history"><small>(The opposing Gyarados lost <abbr title="−106/333">31.8%</abbr> of its health!)</small><br></div><div class="battle-history"><small>Daphnee knocked off the opposing Gyarados's Leftovers!</small><br></div><div class="spacer battle-history"><br></div><h2 class="battle-history">Turn 17</h2><div class="spacer battle-history"><br></div><div class="battle-history">The opposing Gyarados used <strong>Waterfall</strong>!<br></div><div class="battle-history"><small>It's super effective!</small><br></div><div class="battle-history"><small>(Daphnee lost <abbr title="−214/384">55.7%</abbr> of its health!)</small><br></div><div class="spacer battle-history"><br></div><div class="battle-history">Daphnee fainted!<br></div><div class="battle-history"><small>[The opposing Gyarados's Moxie]</small><br></div><div class="battle-history"><small>The opposing Gyarados's Attack rose!</small><br></div><div class="spacer battle-history"><br></div><div class="battle-history">Go! Yamnigga (<strong>Yanmega</strong>)!<br></div><div class="spacer battle-history"><br></div><h2 class="battle-history">Turn 18</h2><div class="spacer battle-history"><br></div><div class="battle-history">Yamnigga used <strong>Bug Buzz</strong>!<br></div><div class="battle-history"><small>It's not very effective...</small><br></div><div class="battle-history"><small>(The opposing Gyarados lost <abbr title="−121/333">36.3%</abbr> of its health!)</small><br></div><div class="spacer battle-history"><br></div><div class="battle-history">The opposing Gyarados fainted!<br></div><div class="spacer battle-history"><br></div><div class="battle-history">Luis_Zuniga_SPS sent out <strong>Blissey</strong>!<br></div><div class="battle-history"><small>Pointed stones dug into the opposing Blissey!</small><br></div><div class="spacer battle-history"><br></div><h2 class="battle-history">Turn 19</h2><div class="spacer battle-history"><br></div><div class="battle-history">Yamnigga, come back!<br></div><div class="battle-history">Go! Goku (<strong>Gallade</strong>)!<br></div><div class="spacer battle-history"><br></div><div class="battle-history">The opposing Blissey used <strong>Wish</strong>!<br></div><div class="spacer battle-history"><br></div><div class="battle-history"><small>The opposing Blissey restored a little HP using its Leftovers!</small><br></div><div class="spacer battle-history"><br></div><h2 class="battle-history">Turn 20</h2><div class="spacer battle-history"><br></div><div class="battle-history">Luis_Zuniga_SPS withdrew Blissey!<br></div><div class="battle-history">Luis_Zuniga_SPS sent out <strong>Infernape</strong>!<br></div><div class="battle-history"><small>Pointed stones dug into the opposing Infernape!</small><br></div><div class="spacer battle-history"><br></div><div class="battle-history">Goku used <strong>Psycho Cut</strong>!<br></div><div class="battle-history"><small>It's super effective!</small><br></div><div class="battle-history"><small>(The opposing Infernape lost <abbr title="−101/293">34.5%</abbr> of its health!)</small><br></div><div class="spacer battle-history"><br></div><div class="battle-history">The opposing Infernape fainted!<br></div><div class="spacer battle-history"><br></div><div class="battle-history">Luis_Zuniga_SPS sent out <strong>Drapion</strong>!<br></div><div class="battle-history"><small>Pointed stones dug into the opposing Drapion!</small><br></div><div class="spacer battle-history"><br></div><h2 class="battle-history">Turn 21</h2><div class="spacer battle-history"><br></div><div class="battle-history">The opposing Drapion used <strong>Swords Dance</strong>!<br></div><div class="battle-history"><small>The opposing Drapion's Attack rose sharply!</small><br></div><div class="spacer battle-history"><br></div><div class="battle-history">Goku used <strong>Drain Punch</strong>!<br></div><div class="battle-history"><small>(The opposing Drapion lost <abbr title="−97/344">28.2%</abbr> of its health!)</small><br></div><div class="spacer battle-history"><br></div><h2 class="battle-history">Turn 22</h2><div class="spacer battle-history"><br></div><div class="battle-history">The opposing Drapion used <strong>Knock Off</strong>!<br></div><div class="battle-history"><small>(Goku lost <abbr title="−278/278">100%</abbr> of its health!)</small><br></div><div class="battle-history"><small>The opposing Drapion knocked off Goku's Assault Vest!</small><br></div><div class="spacer battle-history"><br></div><div class="battle-history">Goku fainted!<br></div><div class="spacer battle-history"><br></div><div class="battle-history">Go! Harambæ (<strong>Ambipom</strong>)!<br></div><div class="spacer battle-history"><br></div><h2 class="battle-history">Turn 23</h2><div class="spacer battle-history"><br></div><div class="battle-history">Harambæ used <strong>Fake Out</strong>!<br></div><div class="battle-history"><small>A critical hit!</small><br></div><div class="battle-history"><small>(The opposing Drapion lost <abbr title="−118/344">34.3%</abbr> of its health!)</small><br></div><div class="spacer battle-history"><br></div><div class="battle-history">The opposing Drapion flinched and couldn't move!<br></div><div class="spacer battle-history"><br></div><h2 class="battle-history">Turn 24</h2><div class="spacer battle-history"><br></div><div class="battle-history">Harambæ used <strong>Return</strong>!<br></div><div class="battle-history"><small>(The opposing Drapion lost <abbr title="−86/344">25%</abbr> of its health!)</small><br></div><div class="spacer battle-history"><br></div><div class="battle-history">The opposing Drapion fainted!<br></div><div class="spacer battle-history"><br></div><div class="battle-history"><small>Luis_Zuniga_SPS forfeited.</small><br></div><div class="spacer battle-history"><br></div><div class="battle-history"><strong>10blast</strong> won the battle!<br></div><div class="chat"><small>Luis_Zuniga_SPS left.</small></div><div class="chat">10blast's rating: 1250 → <strong>1279</strong><br>(+29 for winning)</div><div class="chat">Luis_Zuniga_SPS's rating: 1295 → <strong>1266</strong><br>(-29 for losing)</div><div class="chat chatmessage-10blast"><strong style="color:hsl(159,45%,45.164061557754884%)"><small>☆</small><span class="username" data-name="10blast">10blast</span>:</strong> <em>gg</em></div></div><div class="inner-preempt"></div></div></div>
</div>
<script>
let daily = Math.floor(Date.now()/1000/60/60/24);document.write('<script src="https://play.pokemonshowdown.com/js/replay-embed.js?version'+daily+'"></'+'script>');
</script>
