<!DOCTYPE html>
<meta charset="utf-8" />
<!-- version 1 -->
<title>UU replay: King➗SwordYT vs. Dark rambo</title>
<style>
html,body {font-family:Verdana, sans-serif;font-size:10pt;margin:0;padding:0;}body{padding:12px 0;} .battle-log {font-family:Verdana, sans-serif;font-size:10pt;} .battle-log-inline {border:1px solid #AAAAAA;background:#EEF2F5;color:black;max-width:640px;margin:0 auto 80px;padding-bottom:5px;} .battle-log .inner {padding:4px 8px 0px 8px;} .battle-log .inner-preempt {padding:0 8px 4px 8px;} .battle-log .inner-after {margin-top:0.5em;} .battle-log h2 {margin:0.5em -8px;padding:4px 8px;border:1px solid #AAAAAA;background:#E0E7EA;border-left:0;border-right:0;font-family:Verdana, sans-serif;font-size:13pt;} .battle-log .chat {vertical-align:middle;padding:3px 0 3px 0;font-size:8pt;} .battle-log .chat strong {color:#40576A;} .battle-log .chat em {padding:1px 4px 1px 3px;color:#000000;font-style:normal;} .chat.mine {background:rgba(0,0,0,0.05);margin-left:-8px;margin-right:-8px;padding-left:8px;padding-right:8px;} .spoiler {color:#BBBBBB;background:#BBBBBB;padding:0px 3px;} .spoiler:hover, .spoiler:active, .spoiler-shown {color:#000000;background:#E2E2E2;padding:0px 3px;} .spoiler a {color:#BBBBBB;} .spoiler:hover a, .spoiler:active a, .spoiler-shown a {color:#2288CC;} .chat code, .chat .spoiler:hover code, .chat .spoiler:active code, .chat .spoiler-shown code {border:1px solid #C0C0C0;background:#EEEEEE;color:black;padding:0 2px;} .chat .spoiler code {border:1px solid #CCCCCC;background:#CCCCCC;color:#CCCCCC;} .battle-log .rated {padding:3px 4px;} .battle-log .rated strong {color:white;background:#89A;padding:1px 4px;border-radius:4px;} .spacer {margin-top:0.5em;} .message-announce {background:#6688AA;color:white;padding:1px 4px 2px;} .message-announce a, .broadcast-green a, .broadcast-blue a, .broadcast-red a {color:#DDEEFF;} .broadcast-green {background-color:#559955;color:white;padding:2px 4px;} .broadcast-blue {background-color:#6688AA;color:white;padding:2px 4px;} .infobox {border:1px solid #6688AA;padding:2px 4px;} .infobox-limited {max-height:200px;overflow:auto;overflow-x:hidden;} .broadcast-red {background-color:#AA5544;color:white;padding:2px 4px;} .message-learn-canlearn {font-weight:bold;color:#228822;text-decoration:underline;} .message-learn-cannotlearn {font-weight:bold;color:#CC2222;text-decoration:underline;} .message-effect-weak {font-weight:bold;color:#CC2222;} .message-effect-resist {font-weight:bold;color:#6688AA;} .message-effect-immune {font-weight:bold;color:#666666;} .message-learn-list {margin-top:0;margin-bottom:0;} .message-throttle-notice, .message-error {color:#992222;} .message-overflow, .chat small.message-overflow {font-size:0pt;} .message-overflow::before {font-size:9pt;content:'...';} .subtle {color:#3A4A66;}
</style>
<div class="wrapper replay-wrapper" style="max-width:1180px;margin:0 auto">
<input type="hidden" name="replayid" value="uu-565649372" />
<div class="battle"></div><div class="battle-log"></div><div class="replay-controls"></div><div class="replay-controls-2"></div>
<h1 style="font-weight:normal;text-align:center"><strong>UU</strong><br /><a href="http://pokemonshowdown.com/users/kingswordyt" class="subtle" target="_blank">King➗SwordYT</a> vs. <a href="http://pokemonshowdown.com/users/darkrambo" class="subtle" target="_blank">Dark rambo</a></h1>
<script type="text/plain" class="battle-log-data">|j|King➗SwordYT
|j|Dark rambo
|player|p1|King➗SwordYT|136
|player|p2|Dark rambo|56
|gametype|singles
|gen|6
|tier|UU
|seed|42764,5572,63666,64779
|rule|Sleep Clause Mod: Limit one foe put to sleep
|rule|Species Clause: Limit one of each Pokémon
|rule|OHKO Clause: OHKO moves are banned
|rule|Moody Clause: Moody is banned
|rule|Evasion Moves Clause: Evasion moves are banned
|rule|Endless Battle Clause: Forcing endless battles is banned
|rule|HP Percentage Mod: HP is shown in percentages
|clearpoke
|poke|p1|Sylveon, F|item
|poke|p1|Krookodile, M|item
|poke|p1|Tentacruel, M|item
|poke|p1|Cobalion|item
|poke|p1|Aerodactyl, M|item
|poke|p1|Celebi|item
|poke|p2|Espeon, M|item
|poke|p2|Crawdaunt, F|item
|poke|p2|Mamoswine, M|item
|poke|p2|Hydreigon, F|item
|poke|p2|Aerodactyl, M|item
|poke|p2|Whimsicott, F|item
|rule|Swagger Clause: Swagger is banned
|rule|Baton Pass Clause: Limit one Baton Passer, can't pass Spe and other stats simultaneously
|teampreview
|j|Luciela Sourcream
|choice|team 4, team 2, team 3, team 1, team 5, team 6|team 3, team 2, team 1, team 4, team 5, team 6
|
|start
|switch|p1a: Cobalion|Cobalion|324\/324
|switch|p2a: chiced chuscud|Mamoswine, M|361\/361
|turn|1
|j|zzAndrewProsx9
|choice|move closecombat|move earthquake
|
|move|p1a: Cobalion|Close Combat|p2a: chiced chuscud
|-supereffective|p2a: chiced chuscud
|-enditem|p2a: chiced chuscud|Focus Sash
|-damage|p2a: chiced chuscud|1\/361
|-unboost|p1a: Cobalion|def|1
|-unboost|p1a: Cobalion|spd|1
|move|p2a: chiced chuscud|Earthquake|p1a: Cobalion
|-supereffective|p1a: Cobalion
|-enditem|p1a: Cobalion|Shuca Berry|[eat]
|-enditem|p1a: Cobalion|Shuca Berry|[weaken]
|-damage|p1a: Cobalion|69\/324
|
|upkeep
|turn|2
|j|Bryce Whittingale
|l|zzAndrewProsx9
|j|Javoon
|choice|move stealthrock|switch 3
|
|switch|p2a: nise scout|Espeon, M|272\/272
|move|p1a: Cobalion|Stealth Rock|p2a: nise scout
|move|p2a: nise scout|Stealth Rock|p1a: Cobalion|[from]Magic Bounce
|-sidestart|p1: King➗SwordYT|move: Stealth Rock
|
|upkeep
|turn|3
|c|☆King➗SwordYT|f
|choice|switch 6|move trick
|
|switch|p1a: Celebi|Celebi|401\/401
|-damage|p1a: Celebi|351\/401|[from] Stealth Rock
|move|p2a: nise scout|Trick|p1a: Celebi
|-activate|p2a: nise scout|move: Trick|[of] p1a: Celebi
|-item|p1a: Celebi|Choice Scarf|[from] move: Trick
|-item|p2a: nise scout|Colbur Berry|[from] move: Trick
|
|upkeep
|turn|4
|c|☆Dark rambo|!Dt colbur berry
|c|~|\/data-item Colbur Berry
|raw|<font size="1"><font color="#686868">Gen:<\/font> 4&nbsp;|&ThickSpace;<font color="#686868">Fling Base Power:<\/font> 10&nbsp;|&ThickSpace;<font color="#686868">Fling Effect:<\/font> Activates the Berry's effect on the target.&nbsp;|&ThickSpace;<font color="#686868">Natural Gift Type:<\/font> Dark&nbsp;|&ThickSpace;<font color="#686868">Natural Gift Base Power:<\/font> 80<\/font>
|c|☆Dark rambo|lol perf
|l|Luciela Sourcream
|choice|move thunderwave|move dazzlinggleam
|
|move|p1a: Celebi|Thunder Wave|p2a: nise scout
|move|p2a: nise scout|Thunder Wave|p1a: Celebi|[from]Magic Bounce
|-status|p1a: Celebi|par
|move|p2a: nise scout|Dazzling Gleam|p1a: Celebi
|-damage|p1a: Celebi|262\/401 par
|
|upkeep
|turn|5
|choice|switch 3|move psyshock
|
|-curestatus|p1a: Celebi|par|[from] ability: Natural Cure
|switch|p1a: Tentacruel|Tentacruel, M|361\/361
|-damage|p1a: Tentacruel|316\/361|[from] Stealth Rock
|move|p2a: nise scout|Psyshock|p1a: Tentacruel
|-supereffective|p1a: Tentacruel
|-damage|p1a: Tentacruel|64\/361
|
|-heal|p1a: Tentacruel|86\/361|[from] item: Black Sludge
|upkeep
|turn|6
|choice|switch 4|move psyshock
|
|switch|p1a: Sylveon|Sylveon, F|331\/331
|-damage|p1a: Sylveon|290\/331|[from] Stealth Rock
|move|p2a: nise scout|Psyshock|p1a: Sylveon
|-damage|p1a: Sylveon|79\/331
|
|upkeep
|turn|7
|choice|switch 2|move psyshock
|
|switch|p1a: Krookodile|Krookodile, M|331\/331
|-damage|p1a: Krookodile|311\/331|[from] Stealth Rock
|-ability|p1a: Krookodile|Intimidate|boost
|-unboost|p2a: nise scout|atk|1
|move|p2a: nise scout|Psyshock|p1a: Krookodile
|-immune|p1a: Krookodile|[msg]
|
|upkeep
|turn|8
|choice|move earthquake|move dazzlinggleam
|
|move|p2a: nise scout|Dazzling Gleam|p1a: Krookodile
|-supereffective|p1a: Krookodile
|-damage|p1a: Krookodile|43\/331
|move|p1a: Krookodile|Earthquake|p2a: nise scout
|-damage|p2a: nise scout|0 fnt
|faint|p2a: nise scout
|
|upkeep
|j|Argyle Felis
|c|☆Dark rambo|!dt cobalion
|c|~|\/data-pokemon Cobalion
|raw|<font size="1"><font color="#686868">Dex#:<\/font> 638&nbsp;|&ThickSpace;<font color="#686868">Gen:<\/font> 5&nbsp;|&ThickSpace;<font color="#686868">Height:<\/font> 2.1 m&nbsp;|&ThickSpace;<font color="#686868">Weight:<\/font> 250 kg <em>(120 BP)<\/em>&nbsp;|&ThickSpace;<font color="#686868">Dex Colour:<\/font> Blue&nbsp;|&ThickSpace;<font color="#686868">Egg Group(s):<\/font> Undiscovered&nbsp;|&ThickSpace;<font color="#686868">Does Not Evolve<\/font><\/font>
|c| Argyle Felis|?_?
|choice||switch 4
|
|switch|p2a: chised chused|Hydreigon, F|325\/325
|turn|9
|choice|switch 2|move uturn
|
|switch|p1a: Sylveon|Sylveon, F|79\/331
|-damage|p1a: Sylveon|38\/331|[from] Stealth Rock
|move|p2a: chised chused|U-turn|p1a: Sylveon
|-resisted|p1a: Sylveon
|-crit|p1a: Sylveon
|-damage|p1a: Sylveon|0 fnt
|faint|p1a: Sylveon
|choice||switch 2
|
|switch|p2a: rambo|Crawdaunt, F|267\/267
|
|upkeep
|choice|switch 3|
|
|switch|p1a: Celebi|Celebi|262\/401
|-damage|p1a: Celebi|212\/401|[from] Stealth Rock
|turn|10
|c| Argyle Felis|rambo del oscuritismo
|choice|move gigadrain|switch 6
|
|switch|p2a: kill the rambo|Whimsicott, F|261\/261
|move|p1a: Celebi|Giga Drain|p2a: kill the rambo
|-resisted|p2a: kill the rambo
|-damage|p2a: kill the rambo|204\/261
|-heal|p1a: Celebi|241\/401|[from] drain|[of] p2a: kill the rambo
|
|upkeep
|turn|11
|c| Argyle Felis|In Gen 7, Crawdaunt can learn Ice Shard gg
|choice|switch 4|move moonblast
|
|switch|p1a: Tentacruel|Tentacruel, M|86\/361
|-damage|p1a: Tentacruel|41\/361|[from] Stealth Rock
|move|p2a: kill the rambo|Moonblast|p1a: Tentacruel
|-resisted|p1a: Tentacruel
|-damage|p1a: Tentacruel|0 fnt
|-damage|p2a: kill the rambo|178\/261|[from] item: Life Orb
|faint|p1a: Tentacruel
|
|upkeep
|choice|switch 6|
|
|switch|p1a: Cobalion|Cobalion|69\/324
|-damage|p1a: Cobalion|59\/324|[from] Stealth Rock
|turn|12
|choice|move stealthrock|move moonblast
|
|move|p2a: kill the rambo|Moonblast|p1a: Cobalion
|-damage|p1a: Cobalion|0 fnt
|-damage|p2a: kill the rambo|152\/261|[from] item: Life Orb
|faint|p1a: Cobalion
|
|upkeep
|choice|switch 5|
|
|switch|p1a: Aerodactyl|Aerodactyl, M|301\/301
|-ability|p1a: Aerodactyl|Unnerve|p2: Dark rambo
|-damage|p1a: Aerodactyl|226\/301|[from] Stealth Rock
|turn|13
|choice|move fly mega|move memento
|
|detailschange|p1a: Aerodactyl|Aerodactyl-Mega, M
|-mega|p1a: Aerodactyl|Aerodactyl|Aerodactylite
|move|p2a: kill the rambo|Memento|p1a: Aerodactyl
|-unboost|p1a: Aerodactyl|atk|2
|-unboost|p1a: Aerodactyl|spa|2
|faint|p2a: kill the rambo
|move|p1a: Aerodactyl|Fly|p2: kill the rambo|[still]|[notarget]
|-notarget
|
|upkeep
|choice||switch 2
|
|switch|p2a: chised chused|Hydreigon, F|325\/325
|turn|14
|choice|switch 2|move darkpulse
|
|switch|p1a: Krookodile|Krookodile, M|43\/331
|-damage|p1a: Krookodile|23\/331|[from] Stealth Rock
|-ability|p1a: Krookodile|Intimidate|boost
|-unboost|p2a: chised chused|atk|1
|move|p2a: chised chused|Dark Pulse|p1a: Krookodile
|-resisted|p1a: Krookodile
|-damage|p1a: Krookodile|0 fnt
|faint|p1a: Krookodile
|
|upkeep
|choice|switch 2|
|
|switch|p1a: Aerodactyl|Aerodactyl-Mega, M|226\/301
|-damage|p1a: Aerodactyl|151\/301|[from] Stealth Rock
|turn|15
|choice|move fly|move darkpulse
|
|move|p2a: chised chused|Dark Pulse|p1a: Aerodactyl
|-damage|p1a: Aerodactyl|0 fnt
|faint|p1a: Aerodactyl
|
|upkeep
|choice|switch 4|
|
|switch|p1a: Celebi|Celebi|241\/401
|-damage|p1a: Celebi|191\/401|[from] Stealth Rock
|turn|16
|choice|move thunderwave|move darkpulse
|
|move|p2a: chised chused|Dark Pulse|p1a: Celebi
|-supereffective|p1a: Celebi
|-damage|p1a: Celebi|0 fnt
|faint|p1a: Celebi
|
|win|Dark rambo
|j|cesaralexis
|c|☆Dark rambo|gg
|c|☆King➗SwordYT|gg
|c| Argyle Felis|momento memento
|l|King➗SwordYT</script>
</div>
<div class="battle-log battle-log-inline"><div class="inner"><div class="battle-options"></div><div class="inner"><div class="chat"><small>King➗SwordYT joined.</small></div><div class="chat"><small>Dark rambo joined.</small></div><div class=""><small>Format:</small> <br><strong>UU</strong></div><div class=""><small><em>Sleep Clause Mod:</em> Limit one foe put to sleep</small></div><div class=""><small><em>Species Clause:</em> Limit one of each Pokémon</small></div><div class=""><small><em>OHKO Clause:</em> OHKO moves are banned</small></div><div class=""><small><em>Moody Clause:</em> Moody is banned</small></div><div class=""><small><em>Evasion Moves Clause:</em> Evasion moves are banned</small></div><div class=""><small><em>Endless Battle Clause:</em> Forcing endless battles is banned</small></div><div class=""><small><em>HP Percentage Mod:</em> HP is shown in percentages</small></div><div class=""><small><em>Swagger Clause:</em> Swagger is banned</small></div><div class=""><small><em>Baton Pass Clause:</em> Limit one Baton Passer, can't pass Spe and other stats simultaneously</small></div><div class="chat battle-history"><strong>King➗SwordYT's team:</strong> <em style="color:#445566;display:block;">Sylveon / Krookodile / Tentacruel / Cobalion / Aerodactyl / Celebi</em></div><div class="chat battle-history"><strong>Dark rambo's team:</strong> <em style="color:#445566;display:block;">Espeon / Crawdaunt / Mamoswine / Hydreigon / Aerodactyl / Whimsicott</em></div><div class="chat"><small>Luciela Sourcream joined.</small></div><div class="spacer battle-history"><br></div><div class="battle-history">Battle started between King➗SwordYT and Dark rambo!<br></div><div class="spacer battle-history"><br></div><div class="battle-history">Go! <strong>Cobalion</strong>!<br></div><div class="spacer battle-history"><br></div><div class="battle-history">Dark rambo sent out chiced chuscud (<strong>Mamoswine</strong>)!<br></div><div class="spacer battle-history"><br></div><h2 class="battle-history">Turn 1</h2><div class="chat"><small>zzAndrewProsx9 joined.</small></div><div class="spacer battle-history"><br></div><div class="battle-history">Cobalion used <strong>Close Combat</strong>!<br></div><div class="battle-history"><small>It's super effective!</small><br></div><div class="battle-history"><small>The opposing chiced chuscud hung on using its Focus Sash!</small><br></div><div class="battle-history"><small>(The opposing chiced chuscud lost <abbr title="−360/361">99.7%</abbr> of its health!)</small><br></div><div class="battle-history"><small>Cobalion's Defense fell!</small><br></div><div class="battle-history"><small>Cobalion's Special Defense fell!</small><br></div><div class="spacer battle-history"><br></div><div class="battle-history">The opposing chiced chuscud used <strong>Earthquake</strong>!<br></div><div class="battle-history"><small>It's super effective!</small><br></div><div class="battle-history"><small>Cobalion ate its Shuca Berry!</small><br></div><div class="battle-history"><small>The Shuca Berry weakened the damage to Cobalion!</small><br></div><div class="battle-history"><small>(Cobalion lost <abbr title="−255/324">78.7%</abbr> of its health!)</small><br></div><div class="spacer battle-history"><br></div><h2 class="battle-history">Turn 2</h2><div class="chat"><small>Bryce Whittingale joined.</small></div><div class="chat"><small>zzAndrewProsx9 left.</small></div><div class="chat"><small>Javoon joined.</small></div><div class="spacer battle-history"><br></div><div class="battle-history">Dark rambo withdrew chiced chuscud!<br></div><div class="battle-history">Dark rambo sent out nise scout (<strong>Espeon</strong>)!<br></div><div class="spacer battle-history"><br></div><div class="battle-history">Cobalion used <strong>Stealth Rock</strong>!<br></div><div class="spacer battle-history"><br></div><div class="battle-history"><small>[The opposing nise scout's Magic Bounce]</small><br>The opposing nise scout bounced the Stealth Rock back!<br></div><div class="battle-history"><small>Pointed stones float in the air around your team!</small><br></div><div class="spacer battle-history"><br></div><h2 class="battle-history">Turn 3</h2><div class="chat chatmessage-kingswordyt"><strong style="color:hsl(340,76%,48%)"><small>☆</small><span class="username" data-name="King➗SwordYT">King➗SwordYT</span>:</strong> <em>f</em></div><div class="spacer battle-history"><br></div><div class="battle-history">Cobalion, come back!<br></div><div class="battle-history">Go! <strong>Celebi</strong>!<br></div><div class="battle-history"><small>Pointed stones dug into Celebi!</small><br></div><div class="spacer battle-history"><br></div><div class="battle-history">The opposing nise scout used <strong>Trick</strong>!<br></div><div class="battle-history"><small>The opposing nise scout switched items with its target!</small><br></div><div class="battle-history"><small>Celebi obtained one Choice Scarf.</small><br></div><div class="battle-history"><small>The opposing nise scout obtained one Colbur Berry.</small><br></div><div class="spacer battle-history"><br></div><h2 class="battle-history">Turn 4</h2><div class="chat chatmessage-darkrambo"><strong style="color:hsl(209,57%,48%)"><small>☆</small><span class="username" data-name="Dark rambo">Dark rambo</span>:</strong> <em>!Dt colbur berry</em></div><div class="chat message-error">[outdated code no longer supported]</div><div class="chat"><font size="1"><font color="#686868">Gen:</font> 4&nbsp;|  <font color="#686868">Fling Base Power:</font> 10&nbsp;|  <font color="#686868">Fling Effect:</font> Activates the Berry's effect on the target.&nbsp;|  <font color="#686868">Natural Gift Type:</font> Dark&nbsp;|  <font color="#686868">Natural Gift Base Power:</font> 80</font></div><div class="chat chatmessage-darkrambo"><strong style="color:hsl(209,57%,48%)"><small>☆</small><span class="username" data-name="Dark rambo">Dark rambo</span>:</strong> <em>lol perf</em></div><div class="chat"><small>Luciela Sourcream left.</small></div><div class="spacer battle-history"><br></div><div class="battle-history">Celebi used <strong>Thunder Wave</strong>!<br></div><div class="spacer battle-history"><br></div><div class="battle-history"><small>[The opposing nise scout's Magic Bounce]</small><br>The opposing nise scout bounced the Thunder Wave back!<br></div><div class="battle-history"><small>Celebi is paralyzed! It may be unable to move!</small><br></div><div class="spacer battle-history"><br></div><div class="battle-history">The opposing nise scout used <strong>Dazzling Gleam</strong>!<br></div><div class="battle-history"><small>(Celebi lost <abbr title="−89/401">22.2%</abbr> of its health!)</small><br></div><div class="spacer battle-history"><br></div><h2 class="battle-history">Turn 5</h2><div class="spacer battle-history"><br></div><div class="battle-history"><small>(Celebi is cured by its Natural Cure!)</small><br></div><div class="battle-history">Celebi, come back!<br></div><div class="battle-history">Go! <strong>Tentacruel</strong>!<br></div><div class="battle-history"><small>Pointed stones dug into Tentacruel!</small><br></div><div class="spacer battle-history"><br></div><div class="battle-history">The opposing nise scout used <strong>Psyshock</strong>!<br></div><div class="battle-history"><small>It's super effective!</small><br></div><div class="battle-history"><small>(Tentacruel lost <abbr title="−252/361">69.8%</abbr> of its health!)</small><br></div><div class="spacer battle-history"><br></div><div class="battle-history"><small>Tentacruel restored a little HP using its Black Sludge!</small><br></div><div class="spacer battle-history"><br></div><h2 class="battle-history">Turn 6</h2><div class="spacer battle-history"><br></div><div class="battle-history">Tentacruel, come back!<br></div><div class="battle-history">Go! <strong>Sylveon</strong>!<br></div><div class="battle-history"><small>Pointed stones dug into Sylveon!</small><br></div><div class="spacer battle-history"><br></div><div class="battle-history">The opposing nise scout used <strong>Psyshock</strong>!<br></div><div class="battle-history"><small>(Sylveon lost <abbr title="−211/331">63.7%</abbr> of its health!)</small><br></div><div class="spacer battle-history"><br></div><h2 class="battle-history">Turn 7</h2><div class="spacer battle-history"><br></div><div class="battle-history">Sylveon, come back!<br></div><div class="battle-history">Go! <strong>Krookodile</strong>!<br></div><div class="battle-history"><small>Pointed stones dug into Krookodile!</small><br></div><div class="battle-history"><small>[Krookodile's Intimidate]</small><br></div><div class="battle-history"><small>The opposing nise scout's Attack fell!</small><br></div><div class="spacer battle-history"><br></div><div class="battle-history">The opposing nise scout used <strong>Psyshock</strong>!<br></div><div class="battle-history"><small>It doesn't affect Krookodile...</small><br></div><div class="spacer battle-history"><br></div><h2 class="battle-history">Turn 8</h2><div class="spacer battle-history"><br></div><div class="battle-history">The opposing nise scout used <strong>Dazzling Gleam</strong>!<br></div><div class="battle-history"><small>It's super effective!</small><br></div><div class="battle-history"><small>(Krookodile lost <abbr title="−268/331">81.0%</abbr> of its health!)</small><br></div><div class="spacer battle-history"><br></div><div class="battle-history">Krookodile used <strong>Earthquake</strong>!<br></div><div class="battle-history"><small>(The opposing nise scout lost <abbr title="−272/272">100%</abbr> of its health!)</small><br></div><div class="spacer battle-history"><br></div><div class="battle-history">The opposing nise scout fainted!<br></div><div class="chat"><small>Argyle Felis joined.</small></div><div class="chat chatmessage-darkrambo"><strong style="color:hsl(209,57%,48%)"><small>☆</small><span class="username" data-name="Dark rambo">Dark rambo</span>:</strong> <em>!dt cobalion</em></div><div class="chat message-error">[outdated code no longer supported]</div><div class="chat"><font size="1"><font color="#686868">Dex#:</font> 638&nbsp;|  <font color="#686868">Gen:</font> 5&nbsp;|  <font color="#686868">Height:</font> 2.1 m&nbsp;|  <font color="#686868">Weight:</font> 250 kg <em>(120 BP)</em>&nbsp;|  <font color="#686868">Dex Colour:</font> Blue&nbsp;|  <font color="#686868">Egg Group(s):</font> Undiscovered&nbsp;|  <font color="#686868">Does Not Evolve</font></font></div><div class="chat chatmessage-argylefelis"><strong style="color:hsl(299,89%,42%)"><small> </small><span class="username" data-name="Argyle Felis">Argyle Felis</span>:</strong> <em>?_?</em></div><div class="spacer battle-history"><br></div><div class="battle-history">Dark rambo sent out chised chused (<strong>Hydreigon</strong>)!<br></div><div class="spacer battle-history"><br></div><h2 class="battle-history">Turn 9</h2><div class="spacer battle-history"><br></div><div class="battle-history">Krookodile, come back!<br></div><div class="battle-history">Go! <strong>Sylveon</strong>!<br></div><div class="battle-history"><small>Pointed stones dug into Sylveon!</small><br></div><div class="spacer battle-history"><br></div><div class="battle-history">The opposing chised chused used <strong>U-turn</strong>!<br></div><div class="battle-history"><small>It's not very effective...</small><br></div><div class="battle-history"><small>A critical hit!</small><br></div><div class="battle-history"><small>(Sylveon lost <abbr title="−38/331">11.5%</abbr> of its health!)</small><br></div><div class="spacer battle-history"><br></div><div class="battle-history">Sylveon fainted!<br></div><div class="spacer battle-history"><br></div><div class="battle-history">The opposing chised chused went back to Dark rambo!<br></div><div class="battle-history">Dark rambo sent out rambo (<strong>Crawdaunt</strong>)!<br></div><div class="spacer battle-history"><br></div><div class="battle-history">Go! <strong>Celebi</strong>!<br></div><div class="battle-history"><small>Pointed stones dug into Celebi!</small><br></div><div class="spacer battle-history"><br></div><h2 class="battle-history">Turn 10</h2><div class="chat chatmessage-argylefelis"><strong style="color:hsl(299,89%,42%)"><small> </small><span class="username" data-name="Argyle Felis">Argyle Felis</span>:</strong> <em>rambo del oscuritismo</em></div><div class="spacer battle-history"><br></div><div class="battle-history">Dark rambo withdrew rambo!<br></div><div class="battle-history">Dark rambo sent out kill the rambo (<strong>Whimsicott</strong>)!<br></div><div class="spacer battle-history"><br></div><div class="battle-history">Celebi used <strong>Giga Drain</strong>!<br></div><div class="battle-history"><small>It's not very effective...</small><br></div><div class="battle-history"><small>(The opposing kill the rambo lost <abbr title="−57/261">21.8%</abbr> of its health!)</small><br></div><div class="battle-history"><small>The opposing kill the rambo had its energy drained!</small><br></div><div class="spacer battle-history"><br></div><h2 class="battle-history">Turn 11</h2><div class="chat chatmessage-argylefelis"><strong style="color:hsl(299,89%,42%)"><small> </small><span class="username" data-name="Argyle Felis">Argyle Felis</span>:</strong> <em>In Gen 7, Crawdaunt can learn Ice Shard gg</em></div><div class="spacer battle-history"><br></div><div class="battle-history">Celebi, come back!<br></div><div class="battle-history">Go! <strong>Tentacruel</strong>!<br></div><div class="battle-history"><small>Pointed stones dug into Tentacruel!</small><br></div><div class="spacer battle-history"><br></div><div class="battle-history">The opposing kill the rambo used <strong>Moonblast</strong>!<br></div><div class="battle-history"><small>It's not very effective...</small><br></div><div class="battle-history"><small>(Tentacruel lost <abbr title="−41/361">11.4%</abbr> of its health!)</small><br></div><div class="battle-history"><small>The opposing kill the rambo lost some of its HP!</small><br></div><div class="spacer battle-history"><br></div><div class="battle-history">Tentacruel fainted!<br></div><div class="spacer battle-history"><br></div><div class="battle-history">Go! <strong>Cobalion</strong>!<br></div><div class="battle-history"><small>Pointed stones dug into Cobalion!</small><br></div><div class="spacer battle-history"><br></div><h2 class="battle-history">Turn 12</h2><div class="spacer battle-history"><br></div><div class="battle-history">The opposing kill the rambo used <strong>Moonblast</strong>!<br></div><div class="battle-history"><small>(Cobalion lost <abbr title="−59/324">18.2%</abbr> of its health!)</small><br></div><div class="battle-history"><small>The opposing kill the rambo lost some of its HP!</small><br></div><div class="spacer battle-history"><br></div><div class="battle-history">Cobalion fainted!<br></div><div class="spacer battle-history"><br></div><div class="battle-history">Go! <strong>Aerodactyl</strong>!<br></div><div class="battle-history"><small>[Aerodactyl's Unnerve]</small><br><small>The opposing team is too nervous to eat Berries!</small><br></div><div class="battle-history"><small>Pointed stones dug into Aerodactyl!</small><br></div><div class="spacer battle-history"><br></div><h2 class="battle-history">Turn 13</h2><div class="spacer battle-history"><br></div><div class="battle-history"><small>Aerodactyl's Aerodactylite is reacting to King➗SwordYT's Mega Bracelet!</small><br>Aerodactyl has Mega Evolved into Mega Aerodactyl!<br></div><div class="spacer battle-history"><br></div><div class="battle-history">The opposing kill the rambo used <strong>Memento</strong>!<br></div><div class="battle-history"><small>Aerodactyl's Attack fell harshly!</small><br></div><div class="battle-history"><small>Aerodactyl's Special Attack fell harshly!</small><br></div><div class="spacer battle-history"><br></div><div class="battle-history">The opposing kill the rambo fainted!<br></div><div class="battle-history">Aerodactyl used <strong>Fly</strong>!<br></div><div class="battle-history"><small>But there was no target...</small><br></div><div class="spacer battle-history"><br></div><div class="battle-history">Dark rambo sent out chised chused (<strong>Hydreigon</strong>)!<br></div><div class="spacer battle-history"><br></div><h2 class="battle-history">Turn 14</h2><div class="spacer battle-history"><br></div><div class="battle-history">Aerodactyl, come back!<br></div><div class="battle-history">Go! <strong>Krookodile</strong>!<br></div><div class="battle-history"><small>Pointed stones dug into Krookodile!</small><br></div><div class="battle-history"><small>[Krookodile's Intimidate]</small><br></div><div class="battle-history"><small>The opposing chised chused's Attack fell!</small><br></div><div class="spacer battle-history"><br></div><div class="battle-history">The opposing chised chused used <strong>Dark Pulse</strong>!<br></div><div class="battle-history"><small>It's not very effective...</small><br></div><div class="battle-history"><small>(Krookodile lost <abbr title="−23/331">6.9%</abbr> of its health!)</small><br></div><div class="spacer battle-history"><br></div><div class="battle-history">Krookodile fainted!<br></div><div class="spacer battle-history"><br></div><div class="battle-history">Go! Aerodactyl (<strong>Aerodactyl-Mega</strong>)!<br></div><div class="battle-history"><small>Pointed stones dug into Aerodactyl!</small><br></div><div class="spacer battle-history"><br></div><h2 class="battle-history">Turn 15</h2><div class="spacer battle-history"><br></div><div class="battle-history">The opposing chised chused used <strong>Dark Pulse</strong>!<br></div><div class="battle-history"><small>(Aerodactyl lost <abbr title="−151/301">50.2%</abbr> of its health!)</small><br></div><div class="spacer battle-history"><br></div><div class="battle-history">Aerodactyl fainted!<br></div><div class="spacer battle-history"><br></div><div class="battle-history">Go! <strong>Celebi</strong>!<br></div><div class="battle-history"><small>Pointed stones dug into Celebi!</small><br></div><div class="spacer battle-history"><br></div><h2 class="battle-history">Turn 16</h2><div class="spacer battle-history"><br></div><div class="battle-history">The opposing chised chused used <strong>Dark Pulse</strong>!<br></div><div class="battle-history"><small>It's super effective!</small><br></div><div class="battle-history"><small>(Celebi lost <abbr title="−191/401">47.6%</abbr> of its health!)</small><br></div><div class="spacer battle-history"><br></div><div class="battle-history">Celebi fainted!<br></div><div class="spacer battle-history"><br></div><div class="battle-history"><strong>Dark rambo</strong> won the battle!<br></div><div class="chat"><small>cesaralexis joined.</small></div><div class="chat chatmessage-darkrambo"><strong style="color:hsl(209,57%,48%)"><small>☆</small><span class="username" data-name="Dark rambo">Dark rambo</span>:</strong> <em>gg</em></div><div class="chat chatmessage-kingswordyt"><strong style="color:hsl(340,76%,48%)"><small>☆</small><span class="username" data-name="King➗SwordYT">King➗SwordYT</span>:</strong> <em>gg</em></div><div class="chat chatmessage-argylefelis"><strong style="color:hsl(299,89%,42%)"><small> </small><span class="username" data-name="Argyle Felis">Argyle Felis</span>:</strong> <em>momento memento</em></div><div class="chat"><small>King➗SwordYT left.</small></div></div><div class="inner-preempt"></div></div></div>
</div>
<script>
let daily = Math.floor(Date.now()/1000/60/60/24);document.write('<script src="https://play.pokemonshowdown.com/js/replay-embed.js?version'+daily+'"></'+'script>');
</script>
