<!DOCTYPE html>
<meta charset="utf-8" />
<!-- version 1 -->
<title>UU replay: Parnstar vs. Farmyy</title>
<style>
html,body {font-family:Verdana, sans-serif;font-size:10pt;margin:0;padding:0;}body{padding:12px 0;} .battle-log {font-family:Verdana, sans-serif;font-size:10pt;} .battle-log-inline {border:1px solid #AAAAAA;background:#EEF2F5;color:black;max-width:640px;margin:0 auto 80px;padding-bottom:5px;} .battle-log .inner {padding:4px 8px 0px 8px;} .battle-log .inner-preempt {padding:0 8px 4px 8px;} .battle-log .inner-after {margin-top:0.5em;} .battle-log h2 {margin:0.5em -8px;padding:4px 8px;border:1px solid #AAAAAA;background:#E0E7EA;border-left:0;border-right:0;font-family:Verdana, sans-serif;font-size:13pt;} .battle-log .chat {vertical-align:middle;padding:3px 0 3px 0;font-size:8pt;} .battle-log .chat strong {color:#40576A;} .battle-log .chat em {padding:1px 4px 1px 3px;color:#000000;font-style:normal;} .chat.mine {background:rgba(0,0,0,0.05);margin-left:-8px;margin-right:-8px;padding-left:8px;padding-right:8px;} .spoiler {color:#BBBBBB;background:#BBBBBB;padding:0px 3px;} .spoiler:hover, .spoiler:active, .spoiler-shown {color:#000000;background:#E2E2E2;padding:0px 3px;} .spoiler a {color:#BBBBBB;} .spoiler:hover a, .spoiler:active a, .spoiler-shown a {color:#2288CC;} .chat code, .chat .spoiler:hover code, .chat .spoiler:active code, .chat .spoiler-shown code {border:1px solid #C0C0C0;background:#EEEEEE;color:black;padding:0 2px;} .chat .spoiler code {border:1px solid #CCCCCC;background:#CCCCCC;color:#CCCCCC;} .battle-log .rated {padding:3px 4px;} .battle-log .rated strong {color:white;background:#89A;padding:1px 4px;border-radius:4px;} .spacer {margin-top:0.5em;} .message-announce {background:#6688AA;color:white;padding:1px 4px 2px;} .message-announce a, .broadcast-green a, .broadcast-blue a, .broadcast-red a {color:#DDEEFF;} .broadcast-green {background-color:#559955;color:white;padding:2px 4px;} .broadcast-blue {background-color:#6688AA;color:white;padding:2px 4px;} .infobox {border:1px solid #6688AA;padding:2px 4px;} .infobox-limited {max-height:200px;overflow:auto;overflow-x:hidden;} .broadcast-red {background-color:#AA5544;color:white;padding:2px 4px;} .message-learn-canlearn {font-weight:bold;color:#228822;text-decoration:underline;} .message-learn-cannotlearn {font-weight:bold;color:#CC2222;text-decoration:underline;} .message-effect-weak {font-weight:bold;color:#CC2222;} .message-effect-resist {font-weight:bold;color:#6688AA;} .message-effect-immune {font-weight:bold;color:#666666;} .message-learn-list {margin-top:0;margin-bottom:0;} .message-throttle-notice, .message-error {color:#992222;} .message-overflow, .chat small.message-overflow {font-size:0pt;} .message-overflow::before {font-size:9pt;content:'...';} .subtle {color:#3A4A66;}
</style>
<div class="wrapper replay-wrapper" style="max-width:1180px;margin:0 auto">
<input type="hidden" name="replayid" value="uu-549607664" />
<div class="battle"></div><div class="battle-log"></div><div class="replay-controls"></div><div class="replay-controls-2"></div>
<h1 style="font-weight:normal;text-align:center"><strong>UU</strong><br /><a href="http://pokemonshowdown.com/users/parnstar" class="subtle" target="_blank">Parnstar</a> vs. <a href="http://pokemonshowdown.com/users/farmyy" class="subtle" target="_blank">Farmyy</a></h1>
<script type="text/plain" class="battle-log-data">|j|Parnstar
|j|Farmyy
|player|p1|Parnstar|21
|player|p2|Farmyy|80
|gametype|singles
|gen|6
|tier|UU
|rated
|seed|4388,22814,59304,8107
|rule|Sleep Clause Mod: Limit one foe put to sleep
|rule|Species Clause: Limit one of each Pokémon
|rule|OHKO Clause: OHKO moves are banned
|rule|Moody Clause: Moody is banned
|rule|Evasion Moves Clause: Evasion moves are banned
|rule|Endless Battle Clause: Forcing endless battles is banned
|rule|HP Percentage Mod: HP is shown in percentages
|clearpoke
|poke|p1|Conkeldurr, M|item
|poke|p1|Beedrill, F|item
|poke|p1|Darmanitan, F|item
|poke|p1|Hydreigon, F|item
|poke|p1|Klefki, M|item
|poke|p1|Porygon-Z|item
|poke|p2|Arcanine, M|item
|poke|p2|Blissey, F|item
|poke|p2|Aggron, F|item
|poke|p2|Mandibuzz, F|item
|poke|p2|Dusclops, F|item
|poke|p2|Reuniclus, F|item
|rule|Swagger Clause: Swagger is banned
|rule|Baton Pass Clause: Limit one Baton Passer, can't pass Spe and other stats simultaneously
|teampreview
|c|☆Parnstar|Not getting any where on the ladder huh
|choice|team 6, team 2, team 3, team 4, team 5, team 1|team 1, team 2, team 3, team 4, team 5, team 6
|
|start
|switch|p1a: Porygon-Z|Porygon-Z|374\/374
|switch|p2a: Arcanine|Arcanine, M|384\/384
|-ability|p2a: Arcanine|Intimidate|boost
|-unboost|p1a: Porygon-Z|atk|1
|-ability|p1a: Porygon-Z|Download|boost
|-boost|p1a: Porygon-Z|spa|1
|turn|1
|choice|move triattack|switch 2
|
|switch|p2a: Blissey|Blissey, F|714\/714
|move|p1a: Porygon-Z|Tri Attack|p2a: Blissey
|-damage|p2a: Blissey|568\/714
|-status|p2a: Blissey|frz
|-damage|p1a: Porygon-Z|337\/374|[from] item: Life Orb
|
|-heal|p2a: Blissey|612\/714 frz|[from] item: Leftovers
|upkeep
|turn|2
|choice|move triattack|move thunderwave
|
|move|p1a: Porygon-Z|Tri Attack|p2a: Blissey
|-damage|p2a: Blissey|455\/714 frz
|-damage|p1a: Porygon-Z|300\/374|[from] item: Life Orb
|-curestatus|p2a: Blissey|frz|[msg]
|move|p2a: Blissey|Thunder Wave|p1a: Porygon-Z
|-status|p1a: Porygon-Z|par
|
|-heal|p2a: Blissey|499\/714|[from] item: Leftovers
|upkeep
|turn|3
|choice|move psyshock|move seismictoss
|
|move|p2a: Blissey|Seismic Toss|p1a: Porygon-Z
|-damage|p1a: Porygon-Z|200\/374 par
|cant|p1a: Porygon-Z|par
|
|-heal|p2a: Blissey|543\/714|[from] item: Leftovers
|upkeep
|turn|4
|choice|move psyshock|move seismictoss
|
|move|p2a: Blissey|Seismic Toss|p1a: Porygon-Z
|-damage|p1a: Porygon-Z|100\/374 par
|move|p1a: Porygon-Z|Psyshock|p2a: Blissey
|-damage|p2a: Blissey|0 fnt
|-damage|p1a: Porygon-Z|63\/374 par|[from] item: Life Orb
|faint|p2a: Blissey
|
|upkeep
|choice||switch 2
|
|switch|p2a: Arcanine|Arcanine, M|384\/384
|-ability|p2a: Arcanine|Intimidate|boost
|-unboost|p1a: Porygon-Z|atk|1
|turn|5
|choice|switch 5|move flamethrower
|
|switch|p1a: Klefki|Klefki, M|318\/318
|move|p2a: Arcanine|Flamethrower|p1a: Klefki
|-supereffective|p1a: Klefki
|-damage|p1a: Klefki|88\/318
|
|upkeep
|turn|6
|choice|move thunderwave|move flamethrower
|
|move|p1a: Klefki|Thunder Wave|p2a: Arcanine
|-status|p2a: Arcanine|par
|move|p2a: Arcanine|Flamethrower|p1a: Klefki
|-supereffective|p1a: Klefki
|-damage|p1a: Klefki|0 fnt
|faint|p1a: Klefki
|
|upkeep
|choice|switch 6|
|
|switch|p1a: Conkeldurr|Conkeldurr, M|414\/414
|turn|7
|choice|move knockoff|switch 4
|
|switch|p2a: Mandibuzz|Mandibuzz, F|424\/424
|move|p1a: Conkeldurr|Knock Off|p2a: Mandibuzz
|-resisted|p2a: Mandibuzz
|-damage|p2a: Mandibuzz|376\/424
|-damage|p1a: Conkeldurr|345\/414|[from] item: Rocky Helmet|[of] p2a: Mandibuzz
|-enditem|p2a: Mandibuzz|Rocky Helmet|[from] move: Knock Off|[of] p1a: Conkeldurr
|
|-status|p1a: Conkeldurr|brn|[from] item: Flame Orb
|upkeep
|turn|8
|choice|move drainpunch|move foulplay
|
|move|p2a: Mandibuzz|Foul Play|p1a: Conkeldurr
|-resisted|p1a: Conkeldurr
|-damage|p1a: Conkeldurr|241\/414 brn
|move|p1a: Conkeldurr|Drain Punch|p2a: Mandibuzz
|-damage|p2a: Mandibuzz|226\/424
|-heal|p1a: Conkeldurr|316\/414 brn|[from] drain|[of] p2a: Mandibuzz
|
|-damage|p1a: Conkeldurr|265\/414 brn|[from] brn
|upkeep
|turn|9
|choice|switch 5|switch 4
|
|switch|p2a: Arcanine|Arcanine, M|384\/384 par
|-ability|p2a: Arcanine|Intimidate|boost
|-unboost|p1a: Conkeldurr|atk|1
|switch|p1a: Porygon-Z|Porygon-Z|63\/374 par
|-ability|p1a: Porygon-Z|Download|boost
|-boost|p1a: Porygon-Z|spa|1
|
|upkeep
|turn|10
|choice|move uproar|move extremespeed
|
|cant|p2a: Arcanine|par
|cant|p1a: Porygon-Z|par
|
|upkeep
|turn|11
|choice|move uproar|move extremespeed
|
|move|p2a: Arcanine|Extreme Speed|p1a: Porygon-Z
|-crit|p1a: Porygon-Z
|-damage|p1a: Porygon-Z|0 fnt
|faint|p1a: Porygon-Z
|
|upkeep
|choice|switch 4|
|
|switch|p1a: Hydreigon|Hydreigon, F|325\/325
|turn|12
|choice|move uturn|switch 3
|
|switch|p2a: Aggron|Aggron, F|344\/344
|move|p1a: Hydreigon|U-turn|p2a: Aggron
|-resisted|p2a: Aggron
|-damage|p2a: Aggron|331\/344
|choice|switch 3|
|
|switch|p1a: Darmanitan|Darmanitan, F|414\/414
|
|upkeep
|turn|13
|choice|move earthquake|move stealthrock
|
|move|p1a: Darmanitan|Earthquake|p2a: Aggron
|-supereffective|p2a: Aggron
|-damage|p2a: Aggron|0 fnt
|faint|p2a: Aggron
|
|upkeep
|choice||switch 5
|
|switch|p2a: Dusclops|Dusclops, F|222\/222
|-item|p1a: Darmanitan|Choice Band|[from] ability: Frisk|[of] p2a: Dusclops|[identify]
|turn|14
|choice|switch 3|move trickroom
|
|switch|p1a: Hydreigon|Hydreigon, F|325\/325
|move|p2a: Dusclops|Trick Room|p2a: Dusclops
|-fieldstart|move: Trick Room|[of] p2a: Dusclops
|
|upkeep
|turn|15
|choice|move dracometeor|move toxic
|
|move|p2a: Dusclops|Toxic|p1a: Hydreigon
|-status|p1a: Hydreigon|tox
|move|p1a: Hydreigon|Draco Meteor|p2a: Dusclops
|-damage|p2a: Dusclops|132\/222
|-unboost|p1a: Hydreigon|spa|2
|
|-damage|p1a: Hydreigon|305\/325 tox|[from] psn
|upkeep
|turn|16
|choice|switch 2|move painsplit
|
|switch|p1a: Beedrill|Beedrill, F|271\/271
|move|p2a: Dusclops|Pain Split|p1a: Beedrill
|-sethp|p1a: Beedrill|201\/271|p2a: Dusclops|201\/222|[from] move: Pain Split
|
|upkeep
|turn|17
|choice|move protect mega|move curse
|
|detailschange|p1a: Beedrill|Beedrill-Mega, F
|-mega|p1a: Beedrill|Beedrill|Beedrillite
|move|p1a: Beedrill|Protect|p1a: Beedrill
|-singleturn|p1a: Beedrill|Protect
|move|p2a: Dusclops|Curse|p1a: Beedrill
|-start|p1a: Beedrill|Curse|[of] p2a: Dusclops
|-damage|p2a: Dusclops|90\/222
|
|-damage|p1a: Beedrill|134\/271|[from] Curse
|upkeep
|turn|18
|choice|move poisonjab|switch 3
|
|switch|p2a: Arcanine|Arcanine, M|384\/384 par
|-ability|p2a: Arcanine|Intimidate|boost
|-unboost|p1a: Beedrill|atk|1
|move|p1a: Beedrill|Poison Jab|p2a: Arcanine
|-damage|p2a: Arcanine|252\/384 par
|-damage|p1a: Beedrill|89\/271|[from] item: Rocky Helmet|[of] p2a: Arcanine
|
|-damage|p1a: Beedrill|22\/271|[from] Curse
|-fieldend|move: Trick Room
|upkeep
|turn|19
|choice|switch 2|move morningsun
|
|switch|p1a: Hydreigon|Hydreigon, F|305\/325 tox
|cant|p2a: Arcanine|par
|
|-damage|p1a: Hydreigon|285\/325 tox|[from] psn
|upkeep
|turn|20
|choice|move darkpulse|switch 6
|
|switch|p2a: Reuniclus|Reuniclus, F|424\/424
|move|p1a: Hydreigon|Dark Pulse|p2a: Reuniclus
|-supereffective|p2a: Reuniclus
|-damage|p2a: Reuniclus|182\/424
|
|-heal|p2a: Reuniclus|208\/424|[from] item: Leftovers
|-damage|p1a: Hydreigon|245\/325 tox|[from] psn
|upkeep
|turn|21
|-message|Farmyy forfeited.
|
|win|Parnstar
|player|p1
|player|p2
|l|Farmyy
|raw|Parnstar's rating: 1152 &rarr; <strong>1189<\/strong><br \/>(+37 for winning)
|raw|Farmyy's rating: 1343 &rarr; <strong>1313<\/strong><br \/>(-30 for losing)</script>
</div>
<div class="battle-log battle-log-inline"><div class="inner"><div class="battle-options"></div><div class="inner"><div class="chat"><small>Parnstar joined.</small></div><div class="chat"><small>Farmyy joined.</small></div><div class=""><small>Format:</small> <br><strong>UU</strong></div><div class="rated"><strong>Rated battle</strong></div><div class=""><small><em>Sleep Clause Mod:</em> Limit one foe put to sleep</small></div><div class=""><small><em>Species Clause:</em> Limit one of each Pokémon</small></div><div class=""><small><em>OHKO Clause:</em> OHKO moves are banned</small></div><div class=""><small><em>Moody Clause:</em> Moody is banned</small></div><div class=""><small><em>Evasion Moves Clause:</em> Evasion moves are banned</small></div><div class=""><small><em>Endless Battle Clause:</em> Forcing endless battles is banned</small></div><div class=""><small><em>HP Percentage Mod:</em> HP is shown in percentages</small></div><div class=""><small><em>Swagger Clause:</em> Swagger is banned</small></div><div class=""><small><em>Baton Pass Clause:</em> Limit one Baton Passer, can't pass Spe and other stats simultaneously</small></div><div class="chat battle-history"><strong>Parnstar's team:</strong> <em style="color:#445566;display:block;">Conkeldurr / Beedrill / Darmanitan / Hydreigon / Klefki / Porygon-Z</em></div><div class="chat battle-history"><strong>Farmyy's team:</strong> <em style="color:#445566;display:block;">Arcanine / Blissey / Aggron / Mandibuzz / Dusclops / Reuniclus</em></div><div class="chat chatmessage-parnstar"><strong style="color:hsl(41,84%,41.163999978976825%)"><small>☆</small><span class="username" data-name="Parnstar">Parnstar</span>:</strong> <em>Not getting any where on the ladder huh</em></div><div class="spacer battle-history"><br></div><div class="battle-history">Battle started between Parnstar and Farmyy!<br></div><div class="spacer battle-history"><br></div><div class="battle-history">Go! <strong>Porygon-Z</strong>!<br></div><div class="spacer battle-history"><br></div><div class="battle-history">Farmyy sent out <strong>Arcanine</strong>!<br></div><div class="battle-history"><small>[The opposing Arcanine's Intimidate]</small><br></div><div class="battle-history"><small>Porygon-Z's Attack fell!</small><br></div><div class="battle-history"><small>[Porygon-Z's Download]</small><br></div><div class="battle-history"><small>Porygon-Z's Special Attack rose!</small><br></div><div class="spacer battle-history"><br></div><h2 class="battle-history">Turn 1</h2><div class="spacer battle-history"><br></div><div class="battle-history">Farmyy withdrew Arcanine!<br></div><div class="battle-history">Farmyy sent out <strong>Blissey</strong>!<br></div><div class="spacer battle-history"><br></div><div class="battle-history">Porygon-Z used <strong>Tri Attack</strong>!<br></div><div class="battle-history"><small>(The opposing Blissey lost <abbr title="−146/714">20.4%</abbr> of its health!)</small><br></div><div class="battle-history"><small>The opposing Blissey was frozen solid!</small><br></div><div class="battle-history"><small>Porygon-Z lost some of its HP!</small><br></div><div class="spacer battle-history"><br></div><div class="battle-history"><small>The opposing Blissey restored a little HP using its Leftovers!</small><br></div><div class="spacer battle-history"><br></div><h2 class="battle-history">Turn 2</h2><div class="spacer battle-history"><br></div><div class="battle-history">Porygon-Z used <strong>Tri Attack</strong>!<br></div><div class="battle-history"><small>(The opposing Blissey lost <abbr title="−157/714">22.0%</abbr> of its health!)</small><br></div><div class="battle-history"><small>Porygon-Z lost some of its HP!</small><br></div><div class="battle-history"><small>The opposing Blissey thawed out!</small><br></div><div class="spacer battle-history"><br></div><div class="battle-history">The opposing Blissey used <strong>Thunder Wave</strong>!<br></div><div class="battle-history"><small>Porygon-Z is paralyzed! It may be unable to move!</small><br></div><div class="spacer battle-history"><br></div><div class="battle-history"><small>The opposing Blissey restored a little HP using its Leftovers!</small><br></div><div class="spacer battle-history"><br></div><h2 class="battle-history">Turn 3</h2><div class="spacer battle-history"><br></div><div class="battle-history">The opposing Blissey used <strong>Seismic Toss</strong>!<br></div><div class="battle-history"><small>(Porygon-Z lost <abbr title="−100/374">26.7%</abbr> of its health!)</small><br></div><div class="spacer battle-history"><br></div><div class="battle-history">Porygon-Z is paralyzed! It can't move!<br></div><div class="spacer battle-history"><br></div><div class="battle-history"><small>The opposing Blissey restored a little HP using its Leftovers!</small><br></div><div class="spacer battle-history"><br></div><h2 class="battle-history">Turn 4</h2><div class="spacer battle-history"><br></div><div class="battle-history">The opposing Blissey used <strong>Seismic Toss</strong>!<br></div><div class="battle-history"><small>(Porygon-Z lost <abbr title="−100/374">26.7%</abbr> of its health!)</small><br></div><div class="spacer battle-history"><br></div><div class="battle-history">Porygon-Z used <strong>Psyshock</strong>!<br></div><div class="battle-history"><small>(The opposing Blissey lost <abbr title="−543/714">76.1%</abbr> of its health!)</small><br></div><div class="battle-history"><small>Porygon-Z lost some of its HP!</small><br></div><div class="spacer battle-history"><br></div><div class="battle-history">The opposing Blissey fainted!<br></div><div class="spacer battle-history"><br></div><div class="battle-history">Farmyy sent out <strong>Arcanine</strong>!<br></div><div class="battle-history"><small>[The opposing Arcanine's Intimidate]</small><br></div><div class="battle-history"><small>Porygon-Z's Attack fell!</small><br></div><div class="spacer battle-history"><br></div><h2 class="battle-history">Turn 5</h2><div class="spacer battle-history"><br></div><div class="battle-history">Porygon-Z, come back!<br></div><div class="battle-history">Go! <strong>Klefki</strong>!<br></div><div class="spacer battle-history"><br></div><div class="battle-history">The opposing Arcanine used <strong>Flamethrower</strong>!<br></div><div class="battle-history"><small>It's super effective!</small><br></div><div class="battle-history"><small>(Klefki lost <abbr title="−230/318">72.3%</abbr> of its health!)</small><br></div><div class="spacer battle-history"><br></div><h2 class="battle-history">Turn 6</h2><div class="spacer battle-history"><br></div><div class="battle-history">Klefki used <strong>Thunder Wave</strong>!<br></div><div class="battle-history"><small>The opposing Arcanine is paralyzed! It may be unable to move!</small><br></div><div class="spacer battle-history"><br></div><div class="battle-history">The opposing Arcanine used <strong>Flamethrower</strong>!<br></div><div class="battle-history"><small>It's super effective!</small><br></div><div class="battle-history"><small>(Klefki lost <abbr title="−88/318">27.7%</abbr> of its health!)</small><br></div><div class="spacer battle-history"><br></div><div class="battle-history">Klefki fainted!<br></div><div class="spacer battle-history"><br></div><div class="battle-history">Go! <strong>Conkeldurr</strong>!<br></div><div class="spacer battle-history"><br></div><h2 class="battle-history">Turn 7</h2><div class="spacer battle-history"><br></div><div class="battle-history">Farmyy withdrew Arcanine!<br></div><div class="battle-history">Farmyy sent out <strong>Mandibuzz</strong>!<br></div><div class="spacer battle-history"><br></div><div class="battle-history">Conkeldurr used <strong>Knock Off</strong>!<br></div><div class="battle-history"><small>It's not very effective...</small><br></div><div class="battle-history"><small>(The opposing Mandibuzz lost <abbr title="−48/424">11.3%</abbr> of its health!)</small><br></div><div class="battle-history"><small>Conkeldurr was hurt by the Rocky Helmet!</small><br></div><div class="battle-history"><small>Conkeldurr knocked off the opposing Mandibuzz's Rocky Helmet!</small><br></div><div class="spacer battle-history"><br></div><div class="battle-history"><small>Conkeldurr was burned!</small><br></div><div class="spacer battle-history"><br></div><h2 class="battle-history">Turn 8</h2><div class="spacer battle-history"><br></div><div class="battle-history">The opposing Mandibuzz used <strong>Foul Play</strong>!<br></div><div class="battle-history"><small>It's not very effective...</small><br></div><div class="battle-history"><small>(Conkeldurr lost <abbr title="−104/414">25.1%</abbr> of its health!)</small><br></div><div class="spacer battle-history"><br></div><div class="battle-history">Conkeldurr used <strong>Drain Punch</strong>!<br></div><div class="battle-history"><small>(The opposing Mandibuzz lost <abbr title="−150/424">35.4%</abbr> of its health!)</small><br></div><div class="battle-history"><small>The opposing Mandibuzz had its energy drained!</small><br></div><div class="spacer battle-history"><br></div><div class="battle-history"><small>Conkeldurr was hurt by its burn!</small><br></div><div class="spacer battle-history"><br></div><h2 class="battle-history">Turn 9</h2><div class="spacer battle-history"><br></div><div class="battle-history">Farmyy withdrew Mandibuzz!<br></div><div class="battle-history">Farmyy sent out <strong>Arcanine</strong>!<br></div><div class="battle-history"><small>[The opposing Arcanine's Intimidate]</small><br></div><div class="battle-history"><small>Conkeldurr's Attack fell!</small><br></div><div class="spacer battle-history"><br></div><div class="battle-history">Conkeldurr, come back!<br></div><div class="battle-history">Go! <strong>Porygon-Z</strong>!<br></div><div class="battle-history"><small>[Porygon-Z's Download]</small><br></div><div class="battle-history"><small>Porygon-Z's Special Attack rose!</small><br></div><div class="spacer battle-history"><br></div><h2 class="battle-history">Turn 10</h2><div class="spacer battle-history"><br></div><div class="battle-history">The opposing Arcanine is paralyzed! It can't move!<br></div><div class="spacer battle-history"><br></div><div class="battle-history">Porygon-Z is paralyzed! It can't move!<br></div><div class="spacer battle-history"><br></div><h2 class="battle-history">Turn 11</h2><div class="spacer battle-history"><br></div><div class="battle-history">The opposing Arcanine used <strong>Extreme Speed</strong>!<br></div><div class="battle-history"><small>A critical hit!</small><br></div><div class="battle-history"><small>(Porygon-Z lost <abbr title="−63/374">16.8%</abbr> of its health!)</small><br></div><div class="spacer battle-history"><br></div><div class="battle-history">Porygon-Z fainted!<br></div><div class="spacer battle-history"><br></div><div class="battle-history">Go! <strong>Hydreigon</strong>!<br></div><div class="spacer battle-history"><br></div><h2 class="battle-history">Turn 12</h2><div class="spacer battle-history"><br></div><div class="battle-history">Farmyy withdrew Arcanine!<br></div><div class="battle-history">Farmyy sent out <strong>Aggron</strong>!<br></div><div class="spacer battle-history"><br></div><div class="battle-history">Hydreigon used <strong>U-turn</strong>!<br></div><div class="battle-history"><small>It's not very effective...</small><br></div><div class="battle-history"><small>(The opposing Aggron lost <abbr title="−13/344">3.8%</abbr> of its health!)</small><br></div><div class="spacer battle-history"><br></div><div class="battle-history">Hydreigon went back to Parnstar!<br></div><div class="battle-history">Go! <strong>Darmanitan</strong>!<br></div><div class="spacer battle-history"><br></div><h2 class="battle-history">Turn 13</h2><div class="spacer battle-history"><br></div><div class="battle-history">Darmanitan used <strong>Earthquake</strong>!<br></div><div class="battle-history"><small>It's super effective!</small><br></div><div class="battle-history"><small>(The opposing Aggron lost <abbr title="−331/344">96.2%</abbr> of its health!)</small><br></div><div class="spacer battle-history"><br></div><div class="battle-history">The opposing Aggron fainted!<br></div><div class="spacer battle-history"><br></div><div class="battle-history">Farmyy sent out <strong>Dusclops</strong>!<br></div><div class="battle-history"><small>[The opposing Dusclops's Frisk]</small><br><small>The opposing Dusclops frisked Darmanitan and found its Choice Band!</small><br></div><div class="spacer battle-history"><br></div><h2 class="battle-history">Turn 14</h2><div class="spacer battle-history"><br></div><div class="battle-history">Darmanitan, come back!<br></div><div class="battle-history">Go! <strong>Hydreigon</strong>!<br></div><div class="spacer battle-history"><br></div><div class="battle-history">The opposing Dusclops used <strong>Trick Room</strong>!<br></div><div class="battle-history"><small>The opposing Dusclops twisted the dimensions!</small><br></div><div class="spacer battle-history"><br></div><h2 class="battle-history">Turn 15</h2><div class="spacer battle-history"><br></div><div class="battle-history">The opposing Dusclops used <strong>Toxic</strong>!<br></div><div class="battle-history"><small>Hydreigon was badly poisoned!</small><br></div><div class="spacer battle-history"><br></div><div class="battle-history">Hydreigon used <strong>Draco Meteor</strong>!<br></div><div class="battle-history"><small>(The opposing Dusclops lost <abbr title="−90/222">40.5%</abbr> of its health!)</small><br></div><div class="battle-history"><small>Hydreigon's Special Attack fell harshly!</small><br></div><div class="spacer battle-history"><br></div><div class="battle-history"><small>Hydreigon was hurt by poison!</small><br></div><div class="spacer battle-history"><br></div><h2 class="battle-history">Turn 16</h2><div class="spacer battle-history"><br></div><div class="battle-history">Hydreigon, come back!<br></div><div class="battle-history">Go! <strong>Beedrill</strong>!<br></div><div class="spacer battle-history"><br></div><div class="battle-history">The opposing Dusclops used <strong>Pain Split</strong>!<br></div><div class="battle-history"><small>The battlers shared their pain!</small><br></div><div class="spacer battle-history"><br></div><h2 class="battle-history">Turn 17</h2><div class="spacer battle-history"><br></div><div class="battle-history"><small>Beedrill's Beedrillite is reacting to Parnstar's Mega Bracelet!</small><br>Beedrill has Mega Evolved into Mega Beedrill!<br></div><div class="spacer battle-history"><br></div><div class="battle-history">Beedrill used <strong>Protect</strong>!<br></div><div class="battle-history"><small>Beedrill protected itself!</small><br></div><div class="spacer battle-history"><br></div><div class="battle-history">The opposing Dusclops used <strong>Curse</strong>!<br></div><div class="battle-history"><small>The opposing Dusclops cut its own HP and put a curse on Beedrill!</small><br></div><div class="battle-history"><small>(The opposing Dusclops lost <abbr title="−111/222">50%</abbr> of its health!)</small><br></div><div class="spacer battle-history"><br></div><div class="battle-history"><small>Beedrill is afflicted by the curse!</small><br></div><div class="spacer battle-history"><br></div><h2 class="battle-history">Turn 18</h2><div class="spacer battle-history"><br></div><div class="battle-history">Farmyy withdrew Dusclops!<br></div><div class="battle-history">Farmyy sent out <strong>Arcanine</strong>!<br></div><div class="battle-history"><small>[The opposing Arcanine's Intimidate]</small><br></div><div class="battle-history"><small>Beedrill's Attack fell!</small><br></div><div class="spacer battle-history"><br></div><div class="battle-history">Beedrill used <strong>Poison Jab</strong>!<br></div><div class="battle-history"><small>(The opposing Arcanine lost <abbr title="−132/384">34.4%</abbr> of its health!)</small><br></div><div class="battle-history"><small>Beedrill was hurt by the Rocky Helmet!</small><br></div><div class="spacer battle-history"><br></div><div class="battle-history"><small>Beedrill is afflicted by the curse!</small><br></div><div class="battle-history"><small>The twisted dimensions returned to normal!</small><br></div><div class="spacer battle-history"><br></div><h2 class="battle-history">Turn 19</h2><div class="spacer battle-history"><br></div><div class="battle-history">Beedrill, come back!<br></div><div class="battle-history">Go! <strong>Hydreigon</strong>!<br></div><div class="spacer battle-history"><br></div><div class="battle-history">The opposing Arcanine is paralyzed! It can't move!<br></div><div class="spacer battle-history"><br></div><div class="battle-history"><small>Hydreigon was hurt by poison!</small><br></div><div class="spacer battle-history"><br></div><h2 class="battle-history">Turn 20</h2><div class="spacer battle-history"><br></div><div class="battle-history">Farmyy withdrew Arcanine!<br></div><div class="battle-history">Farmyy sent out <strong>Reuniclus</strong>!<br></div><div class="spacer battle-history"><br></div><div class="battle-history">Hydreigon used <strong>Dark Pulse</strong>!<br></div><div class="battle-history"><small>It's super effective!</small><br></div><div class="battle-history"><small>(The opposing Reuniclus lost <abbr title="−242/424">57.1%</abbr> of its health!)</small><br></div><div class="spacer battle-history"><br></div><div class="battle-history"><small>The opposing Reuniclus restored a little HP using its Leftovers!</small><br></div><div class="battle-history"><small>Hydreigon was hurt by poison!</small><br></div><div class="spacer battle-history"><br></div><h2 class="battle-history">Turn 21</h2><div class="spacer battle-history"><br></div><div class="battle-history"><small>Farmyy forfeited.</small><br></div><div class="spacer battle-history"><br></div><div class="battle-history"><strong>Parnstar</strong> won the battle!<br></div><div class="chat"><small>Farmyy left.</small></div><div class="chat">Parnstar's rating: 1152 → <strong>1189</strong><br>(+37 for winning)</div><div class="chat">Farmyy's rating: 1343 → <strong>1313</strong><br>(-30 for losing)</div></div><div class="inner-preempt"></div></div></div>
</div>
<script>
let daily = Math.floor(Date.now()/1000/60/60/24);document.write('<script src="https://play.pokemonshowdown.com/js/replay-embed.js?version'+daily+'"></'+'script>');
</script>
