<!DOCTYPE html>
<meta charset="utf-8" />
<!-- version 1 -->
<title>UU replay: FigPucker37 vs. 10blast</title>
<style>
html,body {font-family:Verdana, sans-serif;font-size:10pt;margin:0;padding:0;}body{padding:12px 0;} .battle-log {font-family:Verdana, sans-serif;font-size:10pt;} .battle-log-inline {border:1px solid #AAAAAA;background:#EEF2F5;color:black;max-width:640px;margin:0 auto 80px;padding-bottom:5px;} .battle-log .inner {padding:4px 8px 0px 8px;} .battle-log .inner-preempt {padding:0 8px 4px 8px;} .battle-log .inner-after {margin-top:0.5em;} .battle-log h2 {margin:0.5em -8px;padding:4px 8px;border:1px solid #AAAAAA;background:#E0E7EA;border-left:0;border-right:0;font-family:Verdana, sans-serif;font-size:13pt;} .battle-log .chat {vertical-align:middle;padding:3px 0 3px 0;font-size:8pt;} .battle-log .chat strong {color:#40576A;} .battle-log .chat em {padding:1px 4px 1px 3px;color:#000000;font-style:normal;} .chat.mine {background:rgba(0,0,0,0.05);margin-left:-8px;margin-right:-8px;padding-left:8px;padding-right:8px;} .spoiler {color:#BBBBBB;background:#BBBBBB;padding:0px 3px;} .spoiler:hover, .spoiler:active, .spoiler-shown {color:#000000;background:#E2E2E2;padding:0px 3px;} .spoiler a {color:#BBBBBB;} .spoiler:hover a, .spoiler:active a, .spoiler-shown a {color:#2288CC;} .chat code, .chat .spoiler:hover code, .chat .spoiler:active code, .chat .spoiler-shown code {border:1px solid #C0C0C0;background:#EEEEEE;color:black;padding:0 2px;} .chat .spoiler code {border:1px solid #CCCCCC;background:#CCCCCC;color:#CCCCCC;} .battle-log .rated {padding:3px 4px;} .battle-log .rated strong {color:white;background:#89A;padding:1px 4px;border-radius:4px;} .spacer {margin-top:0.5em;} .message-announce {background:#6688AA;color:white;padding:1px 4px 2px;} .message-announce a, .broadcast-green a, .broadcast-blue a, .broadcast-red a {color:#DDEEFF;} .broadcast-green {background-color:#559955;color:white;padding:2px 4px;} .broadcast-blue {background-color:#6688AA;color:white;padding:2px 4px;} .infobox {border:1px solid #6688AA;padding:2px 4px;} .infobox-limited {max-height:200px;overflow:auto;overflow-x:hidden;} .broadcast-red {background-color:#AA5544;color:white;padding:2px 4px;} .message-learn-canlearn {font-weight:bold;color:#228822;text-decoration:underline;} .message-learn-cannotlearn {font-weight:bold;color:#CC2222;text-decoration:underline;} .message-effect-weak {font-weight:bold;color:#CC2222;} .message-effect-resist {font-weight:bold;color:#6688AA;} .message-effect-immune {font-weight:bold;color:#666666;} .message-learn-list {margin-top:0;margin-bottom:0;} .message-throttle-notice, .message-error {color:#992222;} .message-overflow, .chat small.message-overflow {font-size:0pt;} .message-overflow::before {font-size:9pt;content:'...';} .subtle {color:#3A4A66;}
</style>
<div class="wrapper replay-wrapper" style="max-width:1180px;margin:0 auto">
<input type="hidden" name="replayid" value="uu-538932644" />
<div class="battle"></div><div class="battle-log"></div><div class="replay-controls"></div><div class="replay-controls-2"></div>
<h1 style="font-weight:normal;text-align:center"><strong>UU</strong><br /><a href="http://pokemonshowdown.com/users/figpucker37" class="subtle" target="_blank">FigPucker37</a> vs. <a href="http://pokemonshowdown.com/users/10blast" class="subtle" target="_blank">10blast</a></h1>
<script type="text/plain" class="battle-log-data">|j|FigPucker37
|j|10blast
|player|p1|FigPucker37|290
|player|p2|10blast|68
|gametype|singles
|gen|6
|tier|UU
|rated
|seed|61866,41996,37540,14768
|rule|Sleep Clause Mod: Limit one foe put to sleep
|rule|Species Clause: Limit one of each Pokémon
|rule|OHKO Clause: OHKO moves are banned
|rule|Moody Clause: Moody is banned
|rule|Evasion Moves Clause: Evasion moves are banned
|rule|Endless Battle Clause: Forcing endless battles is banned
|rule|HP Percentage Mod: HP is shown in percentages
|clearpoke
|poke|p1|Beedrill, M|item
|poke|p1|Cobalion|
|poke|p1|Feraligatr, F|item
|poke|p1|Krookodile, F|item
|poke|p1|Chesnaught, M|item
|poke|p1|Tyrantrum, M|item
|poke|p2|Gallade, M|item
|poke|p2|Yanmega, M, shiny|item
|poke|p2|Froslass, F, shiny|item
|poke|p2|Donphan, F, shiny|item
|poke|p2|Florges-White, F, shiny|item
|poke|p2|Ambipom, F, shiny|item
|rule|Swagger Clause: Swagger is banned
|rule|Baton Pass Clause: Limit one Baton Passer, can't pass Spe and other stats simultaneously
|teampreview
|choice|team 2, team 1, team 3, team 4, team 5, team 6|team 6, team 2, team 3, team 4, team 5, team 1
|
|start
|switch|p1a: Cobalion|Cobalion|323\/323
|switch|p2a: Harambæ|Ambipom, F, shiny|292\/292
|turn|1
|choice|move stealthrock|move fakeout
|
|move|p2a: Harambæ|Fake Out|p1a: Cobalion
|-resisted|p1a: Cobalion
|-damage|p1a: Cobalion|274\/323
|cant|p1a: Cobalion|flinch
|
|upkeep
|turn|2
|choice|move stealthrock|move uturn
|
|move|p1a: Cobalion|Stealth Rock|p2a: Harambæ
|-sidestart|p2: 10blast|move: Stealth Rock
|move|p2a: Harambæ|U-turn|p1a: Cobalion
|-resisted|p1a: Cobalion
|-damage|p1a: Cobalion|258\/323
|choice||switch 4
|
|switch|p2a: Daphnee|Donphan, F, shiny|384\/384
|-damage|p2a: Daphnee|360\/384|[from] Stealth Rock
|
|-heal|p2a: Daphnee|384\/384|[from] item: Leftovers
|upkeep
|turn|3
|choice|switch 5|move stealthrock
|
|switch|p1a: Chesnaught|Chesnaught, M|379\/379
|move|p2a: Daphnee|Stealth Rock|p1a: Chesnaught
|-sidestart|p1: FigPucker37|move: Stealth Rock
|
|upkeep
|turn|4
|choice|move leechseed|move rapidspin
|
|move|p1a: Chesnaught|Leech Seed|p2a: Daphnee
|-start|p2a: Daphnee|move: Leech Seed
|move|p2a: Daphnee|Rapid Spin|p1a: Chesnaught
|-damage|p1a: Chesnaught|367\/379
|-end|p2a: Daphnee|Leech Seed|[from] move: Rapid Spin|[of] p2a: Daphnee
|-sideend|p2: 10blast|Stealth Rock|[from] move: Rapid Spin|[of] p2a: Daphnee
|
|-heal|p1a: Chesnaught|379\/379|[from] item: Leftovers
|upkeep
|turn|5
|j|kolipoplc12345
|choice|move substitute|move knockoff
|
|move|p1a: Chesnaught|Substitute|p1a: Chesnaught
|-start|p1a: Chesnaught|Substitute
|-damage|p1a: Chesnaught|285\/379
|move|p2a: Daphnee|Knock Off|p1a: Chesnaught
|-resisted|p1a: Chesnaught
|-activate|p1a: Chesnaught|move: Substitute|[damage]
|
|-heal|p1a: Chesnaught|308\/379|[from] item: Leftovers
|upkeep
|turn|6
|choice|move leechseed|switch 5
|
|switch|p2a: Dat Good Good|Florges-White, F, shiny|360\/360
|move|p1a: Chesnaught|Leech Seed|p2a: Dat Good Good
|-start|p2a: Dat Good Good|move: Leech Seed
|
|-heal|p1a: Chesnaught|331\/379|[from] item: Leftovers
|-damage|p2a: Dat Good Good|315\/360|[from] Leech Seed|[of] p1a: Chesnaught
|-heal|p1a: Chesnaught|376\/379|[silent]
|upkeep
|turn|7
|c| kolipoplc12345|Why??? There team is a no potentiel team...
|choice|move woodhammer|move moonblast
|
|move|p2a: Dat Good Good|Moonblast|p1a: Chesnaught
|-supereffective|p1a: Chesnaught
|-end|p1a: Chesnaught|Substitute
|move|p1a: Chesnaught|Wood Hammer|p2a: Dat Good Good
|-damage|p2a: Dat Good Good|165\/360
|-damage|p1a: Chesnaught|326\/379|[from] recoil|[of] p2a: Dat Good Good
|
|-heal|p2a: Dat Good Good|187\/360|[from] item: Leftovers
|-heal|p1a: Chesnaught|349\/379|[from] item: Leftovers
|-damage|p2a: Dat Good Good|142\/360|[from] Leech Seed|[of] p1a: Chesnaught
|-heal|p1a: Chesnaught|379\/379|[silent]
|upkeep
|turn|8
|c|☆FigPucker37|wut
|choice|move woodhammer|move moonblast
|
|move|p2a: Dat Good Good|Moonblast|p1a: Chesnaught
|-supereffective|p1a: Chesnaught
|-damage|p1a: Chesnaught|55\/379
|-unboost|p1a: Chesnaught|spa|1
|move|p1a: Chesnaught|Wood Hammer|p2a: Dat Good Good
|-damage|p2a: Dat Good Good|0 fnt
|-damage|p1a: Chesnaught|8\/379|[from] recoil|[of] p2a: Dat Good Good
|faint|p2a: Dat Good Good
|
|-heal|p1a: Chesnaught|31\/379|[from] item: Leftovers
|upkeep
|choice||switch 2
|
|switch|p2a: Yamnigga|Yanmega, M, shiny|313\/313
|turn|9
|choice|move leechseed|move bugbuzz
|
|move|p2a: Yamnigga|Bug Buzz|p1a: Chesnaught
|-damage|p1a: Chesnaught|0 fnt
|faint|p1a: Chesnaught
|
|upkeep
|c|☆10blast|same
|choice|switch 4|
|
|switch|p1a: Krookodile|Krookodile, F|331\/331
|-damage|p1a: Krookodile|311\/331|[from] Stealth Rock
|turn|10
|choice|move rocktomb|move bugbuzz
|
|move|p2a: Yamnigga|Bug Buzz|p1a: Krookodile
|-supereffective|p1a: Krookodile
|-damage|p1a: Krookodile|0 fnt
|faint|p1a: Krookodile
|
|upkeep
|c|☆FigPucker37|No speed boost?
|choice|switch 5|
|
|switch|p1a: Cobalion|Cobalion|258\/323
|-damage|p1a: Cobalion|248\/323|[from] Stealth Rock
|turn|11
|c| kolipoplc12345|If u want a good team : do mammoswine on ur team no?
|choice|move flashcannon|switch 5
|
|switch|p2a: Daphnee|Donphan, F, shiny|384\/384
|move|p1a: Cobalion|Flash Cannon|p2a: Daphnee
|-damage|p2a: Daphnee|201\/384
|
|-heal|p2a: Daphnee|225\/384|[from] item: Leftovers
|upkeep
|turn|12
|choice|switch 3|move earthquake
|
|switch|p1a: Feraligatr|Feraligatr, F|311\/311
|-damage|p1a: Feraligatr|273\/311|[from] Stealth Rock
|move|p2a: Daphnee|Earthquake|p1a: Feraligatr
|-crit|p1a: Feraligatr
|-damage|p1a: Feraligatr|75\/311
|
|-heal|p2a: Daphnee|249\/384|[from] item: Leftovers
|upkeep
|turn|13
|c|☆10blast|tinted lens
|c|☆FigPucker37|!dt tinted lens
|c|~|\/data-ability Tinted Lens
|raw|<font size="1"><\/font>
|c|☆FigPucker37|wot
|c| kolipoplc12345|A special combalion its a troll team i hope?
|c|☆FigPucker37|That's mad
|choice|move waterfall|move earthquake
|
|move|p1a: Feraligatr|Waterfall|p2a: Daphnee
|-supereffective|p2a: Daphnee
|-damage|p2a: Daphnee|0 fnt
|faint|p2a: Daphnee
|
|upkeep
|choice||switch 4
|
|switch|p2a: Harambæ|Ambipom, F, shiny|292\/292
|turn|14
|c|☆FigPucker37|cobalian has 90\/90 in attack stats
|choice|switch 3|move fakeout
|
|switch|p1a: Cobalion|Cobalion|248\/323
|-damage|p1a: Cobalion|238\/323|[from] Stealth Rock
|move|p2a: Harambæ|Fake Out|p1a: Cobalion
|-resisted|p1a: Cobalion
|-damage|p1a: Cobalion|192\/323
|
|upkeep
|turn|15
|choice|move calmmind|switch 5
|
|switch|p2a: Yamnigga|Yanmega, M, shiny|313\/313
|move|p1a: Cobalion|Calm Mind|p1a: Cobalion
|-boost|p1a: Cobalion|spa|1
|-boost|p1a: Cobalion|spd|1
|
|upkeep
|turn|16
|choice|move stealthrock|move bugbuzz
|
|move|p2a: Yamnigga|Bug Buzz|p1a: Cobalion
|-resisted|p1a: Cobalion
|-damage|p1a: Cobalion|124\/323
|move|p1a: Cobalion|Stealth Rock|p2a: Yamnigga
|-sidestart|p2: 10blast|move: Stealth Rock
|
|upkeep
|turn|17
|choice|move voltswitch|move bugbuzz
|
|move|p2a: Yamnigga|Bug Buzz|p1a: Cobalion
|-resisted|p1a: Cobalion
|-damage|p1a: Cobalion|58\/323
|move|p1a: Cobalion|Volt Switch|p2a: Yamnigga
|-supereffective|p2a: Yamnigga
|-damage|p2a: Yamnigga|9\/313
|c| kolipoplc12345|Yeah but close combat is a best move
|c| kolipoplc12345|For a scarf cobalion
|c|☆FigPucker37|Guess what
|c|☆FigPucker37|this isn't scarf
|choice|switch 6|
|
|switch|p1a: Tyrantrum|Tyrantrum, M|305\/305
|-damage|p1a: Tyrantrum|267\/305|[from] Stealth Rock
|
|upkeep
|turn|18
|choice|move ironhead|move bugbuzz
|
|move|p2a: Yamnigga|Bug Buzz|p1a: Tyrantrum
|-damage|p1a: Tyrantrum|32\/305
|-enditem|p1a: Tyrantrum|Figy Berry|[eat]
|-heal|p1a: Tyrantrum|70\/305|[from] item: Figy Berry
|move|p1a: Tyrantrum|Iron Head|p2a: Yamnigga
|-damage|p2a: Yamnigga|0 fnt
|faint|p2a: Yamnigga
|
|upkeep
|choice||switch 5
|
|switch|p2a: Harambæ|Ambipom, F, shiny|292\/292
|-damage|p2a: Harambæ|256\/292|[from] Stealth Rock
|turn|19
|choice|move dragondance|move fakeout
|
|move|p2a: Harambæ|Fake Out|p1a: Tyrantrum
|-resisted|p1a: Tyrantrum
|-damage|p1a: Tyrantrum|19\/305
|cant|p1a: Tyrantrum|flinch
|
|upkeep
|turn|20
|choice|move dragondance|move return
|
|move|p2a: Harambæ|Return|p1a: Tyrantrum
|-resisted|p1a: Tyrantrum
|-damage|p1a: Tyrantrum|0 fnt
|faint|p1a: Tyrantrum
|
|upkeep
|c| kolipoplc12345|Yeah but the scarf set is only set play able
|choice|switch 2|
|
|switch|p1a: Beedrill|Beedrill, M|271\/271
|-damage|p1a: Beedrill|204\/271|[from] Stealth Rock
|turn|21
|c|☆FigPucker37|I created this team on a whim lmao leave me alone
|choice|move uturn mega|switch 3
|
|switch|p2a: Keiko|Froslass, F, shiny|282\/282
|-damage|p2a: Keiko|212\/282|[from] Stealth Rock
|detailschange|p1a: Beedrill|Beedrill-Mega, M
|-mega|p1a: Beedrill|Beedrill|Beedrillite
|move|p1a: Beedrill|U-turn|p2a: Keiko
|-resisted|p2a: Keiko
|-damage|p2a: Keiko|90\/282
|-start|p1a: Beedrill|Disable|U-turn|[from] ability: Cursed Body|[of] p2a: Keiko
|choice|switch 6|
|
|switch|p1a: Cobalion|Cobalion|58\/323
|-damage|p1a: Cobalion|48\/323|[from] Stealth Rock
|
|upkeep
|turn|22
|l|kolipoplc12345
|choice|move flashcannon|move spikes
|
|move|p2a: Keiko|Spikes|p1a: Cobalion
|-sidestart|p1: FigPucker37|Spikes
|move|p1a: Cobalion|Flash Cannon|p2a: Keiko
|-supereffective|p2a: Keiko
|-damage|p2a: Keiko|0 fnt
|faint|p2a: Keiko
|
|upkeep
|choice||switch 6
|
|switch|p2a: Goku|Gallade, M|278\/278
|-damage|p2a: Goku|261\/278|[from] Stealth Rock
|turn|23
|choice|move flashcannon|move drainpunch
|
|move|p1a: Cobalion|Flash Cannon|p2a: Goku
|-damage|p2a: Goku|207\/278
|move|p2a: Goku|Drain Punch|p1a: Cobalion
|-supereffective|p1a: Cobalion
|-damage|p1a: Cobalion|0 fnt
|-heal|p2a: Goku|231\/278|[from] drain|[of] p1a: Cobalion
|faint|p1a: Cobalion
|
|upkeep
|choice|switch 6|
|
|switch|p1a: Beedrill|Beedrill-Mega, M|204\/271
|-damage|p1a: Beedrill|171\/271|[from] Spikes
|-damage|p1a: Beedrill|104\/271|[from] Stealth Rock
|turn|24
|choice|move poisonjab|move shadowsneak
|
|move|p2a: Goku|Shadow Sneak|p1a: Beedrill
|-damage|p1a: Beedrill|0 fnt
|faint|p1a: Beedrill
|
|upkeep
|choice|switch 3|
|
|switch|p1a: Feraligatr|Feraligatr, F|75\/311
|-damage|p1a: Feraligatr|37\/311|[from] Stealth Rock
|-damage|p1a: Feraligatr|0 fnt|[from] Spikes
|faint|p1a: Feraligatr
|
|win|10blast
|player|p1
|player|p2
|c|☆10blast|gg
|c|☆FigPucker37|gg
|l|FigPucker37
|raw|FigPucker37's rating: 1040 &rarr; <strong>1034<\/strong><br \/>(-6 for losing)
|raw|10blast's rating: 1291 &rarr; <strong>1301<\/strong><br \/>(+10 for winning)</script>
</div>
<div class="battle-log battle-log-inline"><div class="inner"><div class="battle-options"></div><div class="inner"><div class="chat"><small>FigPucker37 joined.</small></div><div class="chat"><small>10blast joined.</small></div><div class=""><small>Format:</small> <br><strong>UU</strong></div><div class="rated"><strong>Rated battle</strong></div><div class=""><small><em>Sleep Clause Mod:</em> Limit one foe put to sleep</small></div><div class=""><small><em>Species Clause:</em> Limit one of each Pokémon</small></div><div class=""><small><em>OHKO Clause:</em> OHKO moves are banned</small></div><div class=""><small><em>Moody Clause:</em> Moody is banned</small></div><div class=""><small><em>Evasion Moves Clause:</em> Evasion moves are banned</small></div><div class=""><small><em>Endless Battle Clause:</em> Forcing endless battles is banned</small></div><div class=""><small><em>HP Percentage Mod:</em> HP is shown in percentages</small></div><div class=""><small><em>Swagger Clause:</em> Swagger is banned</small></div><div class=""><small><em>Baton Pass Clause:</em> Limit one Baton Passer, can't pass Spe and other stats simultaneously</small></div><div class="chat battle-history"><strong>FigPucker37's team:</strong> <em style="color:#445566;display:block;">Beedrill / Cobalion / Feraligatr / Krookodile / Chesnaught / Tyrantrum</em></div><div class="chat battle-history"><strong>10blast's team:</strong> <em style="color:#445566;display:block;">Gallade / Yanmega / Froslass / Donphan / Florges-White / Ambipom</em></div><div class="spacer battle-history"><br></div><div class="battle-history">Battle started between FigPucker37 and 10blast!<br></div><div class="spacer battle-history"><br></div><div class="battle-history">Go! <strong>Cobalion</strong>!<br></div><div class="spacer battle-history"><br></div><div class="battle-history">10blast sent out Harambæ (<strong>Ambipom</strong>)!<br></div><div class="spacer battle-history"><br></div><h2 class="battle-history">Turn 1</h2><div class="spacer battle-history"><br></div><div class="battle-history">The opposing Harambæ used <strong>Fake Out</strong>!<br></div><div class="battle-history"><small>It's not very effective...</small><br></div><div class="battle-history"><small>(Cobalion lost <abbr title="−49/323">15.2%</abbr> of its health!)</small><br></div><div class="spacer battle-history"><br></div><div class="battle-history">Cobalion flinched and couldn't move!<br></div><div class="spacer battle-history"><br></div><h2 class="battle-history">Turn 2</h2><div class="spacer battle-history"><br></div><div class="battle-history">Cobalion used <strong>Stealth Rock</strong>!<br></div><div class="battle-history"><small>Pointed stones float in the air around the opposing team!</small><br></div><div class="spacer battle-history"><br></div><div class="battle-history">The opposing Harambæ used <strong>U-turn</strong>!<br></div><div class="battle-history"><small>It's not very effective...</small><br></div><div class="battle-history"><small>(Cobalion lost <abbr title="−16/323">5.0%</abbr> of its health!)</small><br></div><div class="spacer battle-history"><br></div><div class="battle-history">The opposing Harambæ went back to 10blast!<br></div><div class="battle-history">10blast sent out Daphnee (<strong>Donphan</strong>)!<br></div><div class="battle-history"><small>Pointed stones dug into the opposing Daphnee!</small><br></div><div class="spacer battle-history"><br></div><div class="battle-history"><small>The opposing Daphnee restored a little HP using its Leftovers!</small><br></div><div class="spacer battle-history"><br></div><h2 class="battle-history">Turn 3</h2><div class="spacer battle-history"><br></div><div class="battle-history">Cobalion, come back!<br></div><div class="battle-history">Go! <strong>Chesnaught</strong>!<br></div><div class="spacer battle-history"><br></div><div class="battle-history">The opposing Daphnee used <strong>Stealth Rock</strong>!<br></div><div class="battle-history"><small>Pointed stones float in the air around your team!</small><br></div><div class="spacer battle-history"><br></div><h2 class="battle-history">Turn 4</h2><div class="spacer battle-history"><br></div><div class="battle-history">Chesnaught used <strong>Leech Seed</strong>!<br></div><div class="battle-history"><small>The opposing Daphnee was seeded!</small><br></div><div class="spacer battle-history"><br></div><div class="battle-history">The opposing Daphnee used <strong>Rapid Spin</strong>!<br></div><div class="battle-history"><small>(Chesnaught lost <abbr title="−12/379">3.2%</abbr> of its health!)</small><br></div><div class="battle-history"><small>The opposing Daphnee was freed from Leech Seed!</small><br></div><div class="battle-history"><small>The pointed stones disappeared from around the opposing team!</small><br></div><div class="spacer battle-history"><br></div><div class="battle-history"><small>Chesnaught restored a little HP using its Leftovers!</small><br></div><div class="spacer battle-history"><br></div><h2 class="battle-history">Turn 5</h2><div class="chat"><small>kolipoplc12345 joined.</small></div><div class="spacer battle-history"><br></div><div class="battle-history">Chesnaught used <strong>Substitute</strong>!<br></div><div class="battle-history"><small>Chesnaught put in a substitute!</small><br></div><div class="battle-history"><small>(Chesnaught lost <abbr title="−94/379">24.8%</abbr> of its health!)</small><br></div><div class="spacer battle-history"><br></div><div class="battle-history">The opposing Daphnee used <strong>Knock Off</strong>!<br></div><div class="battle-history"><small>It's not very effective...</small><br></div><div class="battle-history"><small>The substitute took damage for Chesnaught!</small><br></div><div class="spacer battle-history"><br></div><div class="battle-history"><small>Chesnaught restored a little HP using its Leftovers!</small><br></div><div class="spacer battle-history"><br></div><h2 class="battle-history">Turn 6</h2><div class="spacer battle-history"><br></div><div class="battle-history">10blast withdrew Daphnee!<br></div><div class="battle-history">10blast sent out Dat Good Good (<strong>Florges-White</strong>)!<br></div><div class="spacer battle-history"><br></div><div class="battle-history">Chesnaught used <strong>Leech Seed</strong>!<br></div><div class="battle-history"><small>The opposing Dat Good Good was seeded!</small><br></div><div class="spacer battle-history"><br></div><div class="battle-history"><small>Chesnaught restored a little HP using its Leftovers!</small><br></div><div class="battle-history"><small>The opposing Dat Good Good's health is sapped by Leech Seed!</small><br></div><div class="spacer battle-history"><br></div><h2 class="battle-history">Turn 7</h2><div class="chat chatmessage-kolipoplc12345"><strong style="color:hsl(114,53%,36%)"><small> </small><span class="username" data-name="kolipoplc12345">kolipoplc12345</span>:</strong> <em>Why??? There team is a no potentiel team...</em></div><div class="spacer battle-history"><br></div><div class="battle-history">The opposing Dat Good Good used <strong>Moonblast</strong>!<br></div><div class="battle-history"><small>It's super effective!</small><br></div><div class="battle-history"><small>Chesnaught's substitute faded!</small><br></div><div class="spacer battle-history"><br></div><div class="battle-history">Chesnaught used <strong>Wood Hammer</strong>!<br></div><div class="battle-history"><small>(The opposing Dat Good Good lost <abbr title="−150/360">41.7%</abbr> of its health!)</small><br></div><div class="battle-history"><small>Chesnaught is damaged by the recoil!</small><br></div><div class="spacer battle-history"><br></div><div class="battle-history"><small>The opposing Dat Good Good restored a little HP using its Leftovers!</small><br></div><div class="battle-history"><small>Chesnaught restored a little HP using its Leftovers!</small><br></div><div class="battle-history"><small>The opposing Dat Good Good's health is sapped by Leech Seed!</small><br></div><div class="spacer battle-history"><br></div><h2 class="battle-history">Turn 8</h2><div class="chat chatmessage-figpucker37"><strong style="color:hsl(355,86%,40.945582639765405%)"><small>☆</small><span class="username" data-name="FigPucker37">FigPucker37</span>:</strong> <em>wut</em></div><div class="spacer battle-history"><br></div><div class="battle-history">The opposing Dat Good Good used <strong>Moonblast</strong>!<br></div><div class="battle-history"><small>It's super effective!</small><br></div><div class="battle-history"><small>(Chesnaught lost <abbr title="−324/379">85.5%</abbr> of its health!)</small><br></div><div class="battle-history"><small>Chesnaught's Special Attack fell!</small><br></div><div class="spacer battle-history"><br></div><div class="battle-history">Chesnaught used <strong>Wood Hammer</strong>!<br></div><div class="battle-history"><small>(The opposing Dat Good Good lost <abbr title="−142/360">39.4%</abbr> of its health!)</small><br></div><div class="battle-history"><small>Chesnaught is damaged by the recoil!</small><br></div><div class="spacer battle-history"><br></div><div class="battle-history">The opposing Dat Good Good fainted!<br></div><div class="spacer battle-history"><br></div><div class="battle-history"><small>Chesnaught restored a little HP using its Leftovers!</small><br></div><div class="spacer battle-history"><br></div><div class="battle-history">10blast sent out Yamnigga (<strong>Yanmega</strong>)!<br></div><div class="spacer battle-history"><br></div><h2 class="battle-history">Turn 9</h2><div class="spacer battle-history"><br></div><div class="battle-history">The opposing Yamnigga used <strong>Bug Buzz</strong>!<br></div><div class="battle-history"><small>(Chesnaught lost <abbr title="−31/379">8.2%</abbr> of its health!)</small><br></div><div class="spacer battle-history"><br></div><div class="battle-history">Chesnaught fainted!<br></div><div class="chat chatmessage-10blast"><strong style="color:hsl(159,45%,45.164061557754884%)"><small>☆</small><span class="username" data-name="10blast">10blast</span>:</strong> <em>same</em></div><div class="spacer battle-history"><br></div><div class="battle-history">Go! <strong>Krookodile</strong>!<br></div><div class="battle-history"><small>Pointed stones dug into Krookodile!</small><br></div><div class="spacer battle-history"><br></div><h2 class="battle-history">Turn 10</h2><div class="spacer battle-history"><br></div><div class="battle-history">The opposing Yamnigga used <strong>Bug Buzz</strong>!<br></div><div class="battle-history"><small>It's super effective!</small><br></div><div class="battle-history"><small>(Krookodile lost <abbr title="−311/331">94.0%</abbr> of its health!)</small><br></div><div class="spacer battle-history"><br></div><div class="battle-history">Krookodile fainted!<br></div><div class="chat chatmessage-figpucker37"><strong style="color:hsl(355,86%,40.945582639765405%)"><small>☆</small><span class="username" data-name="FigPucker37">FigPucker37</span>:</strong> <em>No speed boost?</em></div><div class="spacer battle-history"><br></div><div class="battle-history">Go! <strong>Cobalion</strong>!<br></div><div class="battle-history"><small>Pointed stones dug into Cobalion!</small><br></div><div class="spacer battle-history"><br></div><h2 class="battle-history">Turn 11</h2><div class="chat chatmessage-kolipoplc12345"><strong style="color:hsl(114,53%,36%)"><small> </small><span class="username" data-name="kolipoplc12345">kolipoplc12345</span>:</strong> <em>If u want a good team : do mammoswine on ur team no?</em></div><div class="spacer battle-history"><br></div><div class="battle-history">10blast withdrew Yamnigga!<br></div><div class="battle-history">10blast sent out Daphnee (<strong>Donphan</strong>)!<br></div><div class="spacer battle-history"><br></div><div class="battle-history">Cobalion used <strong>Flash Cannon</strong>!<br></div><div class="battle-history"><small>(The opposing Daphnee lost <abbr title="−183/384">47.7%</abbr> of its health!)</small><br></div><div class="spacer battle-history"><br></div><div class="battle-history"><small>The opposing Daphnee restored a little HP using its Leftovers!</small><br></div><div class="spacer battle-history"><br></div><h2 class="battle-history">Turn 12</h2><div class="spacer battle-history"><br></div><div class="battle-history">Cobalion, come back!<br></div><div class="battle-history">Go! <strong>Feraligatr</strong>!<br></div><div class="battle-history"><small>Pointed stones dug into Feraligatr!</small><br></div><div class="spacer battle-history"><br></div><div class="battle-history">The opposing Daphnee used <strong>Earthquake</strong>!<br></div><div class="battle-history"><small>A critical hit!</small><br></div><div class="battle-history"><small>(Feraligatr lost <abbr title="−198/311">63.7%</abbr> of its health!)</small><br></div><div class="spacer battle-history"><br></div><div class="battle-history"><small>The opposing Daphnee restored a little HP using its Leftovers!</small><br></div><div class="spacer battle-history"><br></div><h2 class="battle-history">Turn 13</h2><div class="chat chatmessage-10blast"><strong style="color:hsl(159,45%,45.164061557754884%)"><small>☆</small><span class="username" data-name="10blast">10blast</span>:</strong> <em>tinted lens</em></div><div class="chat chatmessage-figpucker37"><strong style="color:hsl(355,86%,40.945582639765405%)"><small>☆</small><span class="username" data-name="FigPucker37">FigPucker37</span>:</strong> <em>!dt tinted lens</em></div><div class="chat message-error">[outdated code no longer supported]</div><div class="chat"><font size="1"></font></div><div class="chat chatmessage-figpucker37"><strong style="color:hsl(355,86%,40.945582639765405%)"><small>☆</small><span class="username" data-name="FigPucker37">FigPucker37</span>:</strong> <em>wot</em></div><div class="chat chatmessage-kolipoplc12345"><strong style="color:hsl(114,53%,36%)"><small> </small><span class="username" data-name="kolipoplc12345">kolipoplc12345</span>:</strong> <em>A special combalion its a troll team i hope?</em></div><div class="chat chatmessage-figpucker37"><strong style="color:hsl(355,86%,40.945582639765405%)"><small>☆</small><span class="username" data-name="FigPucker37">FigPucker37</span>:</strong> <em>That's mad</em></div><div class="spacer battle-history"><br></div><div class="battle-history">Feraligatr used <strong>Waterfall</strong>!<br></div><div class="battle-history"><small>It's super effective!</small><br></div><div class="battle-history"><small>(The opposing Daphnee lost <abbr title="−249/384">64.8%</abbr> of its health!)</small><br></div><div class="spacer battle-history"><br></div><div class="battle-history">The opposing Daphnee fainted!<br></div><div class="spacer battle-history"><br></div><div class="battle-history">10blast sent out Harambæ (<strong>Ambipom</strong>)!<br></div><div class="spacer battle-history"><br></div><h2 class="battle-history">Turn 14</h2><div class="chat chatmessage-figpucker37"><strong style="color:hsl(355,86%,40.945582639765405%)"><small>☆</small><span class="username" data-name="FigPucker37">FigPucker37</span>:</strong> <em>cobalian has 90/90 in attack stats</em></div><div class="spacer battle-history"><br></div><div class="battle-history">Feraligatr, come back!<br></div><div class="battle-history">Go! <strong>Cobalion</strong>!<br></div><div class="battle-history"><small>Pointed stones dug into Cobalion!</small><br></div><div class="spacer battle-history"><br></div><div class="battle-history">The opposing Harambæ used <strong>Fake Out</strong>!<br></div><div class="battle-history"><small>It's not very effective...</small><br></div><div class="battle-history"><small>(Cobalion lost <abbr title="−46/323">14.2%</abbr> of its health!)</small><br></div><div class="spacer battle-history"><br></div><h2 class="battle-history">Turn 15</h2><div class="spacer battle-history"><br></div><div class="battle-history">10blast withdrew Harambæ!<br></div><div class="battle-history">10blast sent out Yamnigga (<strong>Yanmega</strong>)!<br></div><div class="spacer battle-history"><br></div><div class="battle-history">Cobalion used <strong>Calm Mind</strong>!<br></div><div class="battle-history"><small>Cobalion's Special Attack rose!</small><br></div><div class="battle-history"><small>Cobalion's Special Defense rose!</small><br></div><div class="spacer battle-history"><br></div><h2 class="battle-history">Turn 16</h2><div class="spacer battle-history"><br></div><div class="battle-history">The opposing Yamnigga used <strong>Bug Buzz</strong>!<br></div><div class="battle-history"><small>It's not very effective...</small><br></div><div class="battle-history"><small>(Cobalion lost <abbr title="−68/323">21.1%</abbr> of its health!)</small><br></div><div class="spacer battle-history"><br></div><div class="battle-history">Cobalion used <strong>Stealth Rock</strong>!<br></div><div class="battle-history"><small>Pointed stones float in the air around the opposing team!</small><br></div><div class="spacer battle-history"><br></div><h2 class="battle-history">Turn 17</h2><div class="spacer battle-history"><br></div><div class="battle-history">The opposing Yamnigga used <strong>Bug Buzz</strong>!<br></div><div class="battle-history"><small>It's not very effective...</small><br></div><div class="battle-history"><small>(Cobalion lost <abbr title="−66/323">20.4%</abbr> of its health!)</small><br></div><div class="spacer battle-history"><br></div><div class="battle-history">Cobalion used <strong>Volt Switch</strong>!<br></div><div class="battle-history"><small>It's super effective!</small><br></div><div class="battle-history"><small>(The opposing Yamnigga lost <abbr title="−304/313">97.1%</abbr> of its health!)</small><br></div><div class="chat chatmessage-kolipoplc12345"><strong style="color:hsl(114,53%,36%)"><small> </small><span class="username" data-name="kolipoplc12345">kolipoplc12345</span>:</strong> <em>Yeah but close combat is a best move</em></div><div class="chat chatmessage-kolipoplc12345"><strong style="color:hsl(114,53%,36%)"><small> </small><span class="username" data-name="kolipoplc12345">kolipoplc12345</span>:</strong> <em>For a scarf cobalion</em></div><div class="chat chatmessage-figpucker37"><strong style="color:hsl(355,86%,40.945582639765405%)"><small>☆</small><span class="username" data-name="FigPucker37">FigPucker37</span>:</strong> <em>Guess what</em></div><div class="chat chatmessage-figpucker37"><strong style="color:hsl(355,86%,40.945582639765405%)"><small>☆</small><span class="username" data-name="FigPucker37">FigPucker37</span>:</strong> <em>this isn't scarf</em></div><div class="spacer battle-history"><br></div><div class="battle-history">Cobalion went back to FigPucker37!<br></div><div class="battle-history">Go! <strong>Tyrantrum</strong>!<br></div><div class="battle-history"><small>Pointed stones dug into Tyrantrum!</small><br></div><div class="spacer battle-history"><br></div><h2 class="battle-history">Turn 18</h2><div class="spacer battle-history"><br></div><div class="battle-history">The opposing Yamnigga used <strong>Bug Buzz</strong>!<br></div><div class="battle-history"><small>(Tyrantrum lost <abbr title="−235/305">77.0%</abbr> of its health!)</small><br></div><div class="battle-history"><small>Tyrantrum ate its Figy Berry!</small><br></div><div class="battle-history"><small>Tyrantrum restored HP using its Figy Berry!</small><br></div><div class="spacer battle-history"><br></div><div class="battle-history">Tyrantrum used <strong>Iron Head</strong>!<br></div><div class="battle-history"><small>(The opposing Yamnigga lost <abbr title="−9/313">2.9%</abbr> of its health!)</small><br></div><div class="spacer battle-history"><br></div><div class="battle-history">The opposing Yamnigga fainted!<br></div><div class="spacer battle-history"><br></div><div class="battle-history">10blast sent out Harambæ (<strong>Ambipom</strong>)!<br></div><div class="battle-history"><small>Pointed stones dug into the opposing Harambæ!</small><br></div><div class="spacer battle-history"><br></div><h2 class="battle-history">Turn 19</h2><div class="spacer battle-history"><br></div><div class="battle-history">The opposing Harambæ used <strong>Fake Out</strong>!<br></div><div class="battle-history"><small>It's not very effective...</small><br></div><div class="battle-history"><small>(Tyrantrum lost <abbr title="−51/305">16.7%</abbr> of its health!)</small><br></div><div class="spacer battle-history"><br></div><div class="battle-history">Tyrantrum flinched and couldn't move!<br></div><div class="spacer battle-history"><br></div><h2 class="battle-history">Turn 20</h2><div class="spacer battle-history"><br></div><div class="battle-history">The opposing Harambæ used <strong>Return</strong>!<br></div><div class="battle-history"><small>It's not very effective...</small><br></div><div class="battle-history"><small>(Tyrantrum lost <abbr title="−19/305">6.2%</abbr> of its health!)</small><br></div><div class="spacer battle-history"><br></div><div class="battle-history">Tyrantrum fainted!<br></div><div class="chat chatmessage-kolipoplc12345"><strong style="color:hsl(114,53%,36%)"><small> </small><span class="username" data-name="kolipoplc12345">kolipoplc12345</span>:</strong> <em>Yeah but the scarf set is only set play able</em></div><div class="spacer battle-history"><br></div><div class="battle-history">Go! <strong>Beedrill</strong>!<br></div><div class="battle-history"><small>Pointed stones dug into Beedrill!</small><br></div><div class="spacer battle-history"><br></div><h2 class="battle-history">Turn 21</h2><div class="chat chatmessage-figpucker37"><strong style="color:hsl(355,86%,40.945582639765405%)"><small>☆</small><span class="username" data-name="FigPucker37">FigPucker37</span>:</strong> <em>I created this team on a whim lmao leave me alone</em></div><div class="spacer battle-history"><br></div><div class="battle-history">10blast withdrew Harambæ!<br></div><div class="battle-history">10blast sent out Keiko (<strong>Froslass</strong>)!<br></div><div class="battle-history"><small>Pointed stones dug into the opposing Keiko!</small><br></div><div class="spacer battle-history"><br></div><div class="battle-history"><small>Beedrill's Beedrillite is reacting to FigPucker37's Mega Bracelet!</small><br>Beedrill has Mega Evolved into Mega Beedrill!<br></div><div class="spacer battle-history"><br></div><div class="battle-history">Beedrill used <strong>U-turn</strong>!<br></div><div class="battle-history"><small>It's not very effective...</small><br></div><div class="battle-history"><small>(The opposing Keiko lost <abbr title="−122/282">43.3%</abbr> of its health!)</small><br></div><div class="battle-history"><small>[The opposing Keiko's Cursed Body]</small><br><small>Beedrill's U-turn was disabled!</small><br></div><div class="spacer battle-history"><br></div><div class="battle-history">Beedrill went back to FigPucker37!<br></div><div class="battle-history">Go! <strong>Cobalion</strong>!<br></div><div class="battle-history"><small>Pointed stones dug into Cobalion!</small><br></div><div class="spacer battle-history"><br></div><h2 class="battle-history">Turn 22</h2><div class="chat"><small>kolipoplc12345 left.</small></div><div class="spacer battle-history"><br></div><div class="battle-history">The opposing Keiko used <strong>Spikes</strong>!<br></div><div class="battle-history"><small>Spikes were scattered on the ground all around your team!</small><br></div><div class="spacer battle-history"><br></div><div class="battle-history">Cobalion used <strong>Flash Cannon</strong>!<br></div><div class="battle-history"><small>It's super effective!</small><br></div><div class="battle-history"><small>(The opposing Keiko lost <abbr title="−90/282">31.9%</abbr> of its health!)</small><br></div><div class="spacer battle-history"><br></div><div class="battle-history">The opposing Keiko fainted!<br></div><div class="spacer battle-history"><br></div><div class="battle-history">10blast sent out Goku (<strong>Gallade</strong>)!<br></div><div class="battle-history"><small>Pointed stones dug into the opposing Goku!</small><br></div><div class="spacer battle-history"><br></div><h2 class="battle-history">Turn 23</h2><div class="spacer battle-history"><br></div><div class="battle-history">Cobalion used <strong>Flash Cannon</strong>!<br></div><div class="battle-history"><small>(The opposing Goku lost <abbr title="−54/278">19.4%</abbr> of its health!)</small><br></div><div class="spacer battle-history"><br></div><div class="battle-history">The opposing Goku used <strong>Drain Punch</strong>!<br></div><div class="battle-history"><small>It's super effective!</small><br></div><div class="battle-history"><small>(Cobalion lost <abbr title="−48/323">14.9%</abbr> of its health!)</small><br></div><div class="battle-history"><small>Cobalion had its energy drained!</small><br></div><div class="spacer battle-history"><br></div><div class="battle-history">Cobalion fainted!<br></div><div class="spacer battle-history"><br></div><div class="battle-history">Go! Beedrill (<strong>Beedrill-Mega</strong>)!<br></div><div class="battle-history"><small>Beedrill is hurt by the spikes!</small><br></div><div class="battle-history"><small>Pointed stones dug into Beedrill!</small><br></div><div class="spacer battle-history"><br></div><h2 class="battle-history">Turn 24</h2><div class="spacer battle-history"><br></div><div class="battle-history">The opposing Goku used <strong>Shadow Sneak</strong>!<br></div><div class="battle-history"><small>(Beedrill lost <abbr title="−104/271">38.4%</abbr> of its health!)</small><br></div><div class="spacer battle-history"><br></div><div class="battle-history">Beedrill fainted!<br></div><div class="spacer battle-history"><br></div><div class="battle-history">Go! <strong>Feraligatr</strong>!<br></div><div class="battle-history"><small>Pointed stones dug into Feraligatr!</small><br></div><div class="battle-history"><small>Feraligatr is hurt by the spikes!</small><br></div><div class="spacer battle-history"><br></div><div class="battle-history">Feraligatr fainted!<br></div><div class="spacer battle-history"><br></div><div class="battle-history"><strong>10blast</strong> won the battle!<br></div><div class="chat chatmessage-10blast"><strong style="color:hsl(159,45%,45.164061557754884%)"><small>☆</small><span class="username" data-name="10blast">10blast</span>:</strong> <em>gg</em></div><div class="chat chatmessage-figpucker37"><strong style="color:hsl(355,86%,40.945582639765405%)"><small>☆</small><span class="username" data-name="FigPucker37">FigPucker37</span>:</strong> <em>gg</em></div><div class="chat"><small>FigPucker37 left.</small></div><div class="chat">FigPucker37's rating: 1040 → <strong>1034</strong><br>(-6 for losing)</div><div class="chat">10blast's rating: 1291 → <strong>1301</strong><br>(+10 for winning)</div></div><div class="inner-preempt"></div></div></div>
</div>
<script>
let daily = Math.floor(Date.now()/1000/60/60/24);document.write('<script src="https://play.pokemonshowdown.com/js/replay-embed.js?version'+daily+'"></'+'script>');
</script>
