<!DOCTYPE html>
<meta charset="utf-8" />
<!-- version 1 -->
<title>UU replay: ShinySpark vs. 10blast</title>
<style>
html,body {font-family:Verdana, sans-serif;font-size:10pt;margin:0;padding:0;}body{padding:12px 0;} .battle-log {font-family:Verdana, sans-serif;font-size:10pt;} .battle-log-inline {border:1px solid #AAAAAA;background:#EEF2F5;color:black;max-width:640px;margin:0 auto 80px;padding-bottom:5px;} .battle-log .inner {padding:4px 8px 0px 8px;} .battle-log .inner-preempt {padding:0 8px 4px 8px;} .battle-log .inner-after {margin-top:0.5em;} .battle-log h2 {margin:0.5em -8px;padding:4px 8px;border:1px solid #AAAAAA;background:#E0E7EA;border-left:0;border-right:0;font-family:Verdana, sans-serif;font-size:13pt;} .battle-log .chat {vertical-align:middle;padding:3px 0 3px 0;font-size:8pt;} .battle-log .chat strong {color:#40576A;} .battle-log .chat em {padding:1px 4px 1px 3px;color:#000000;font-style:normal;} .chat.mine {background:rgba(0,0,0,0.05);margin-left:-8px;margin-right:-8px;padding-left:8px;padding-right:8px;} .spoiler {color:#BBBBBB;background:#BBBBBB;padding:0px 3px;} .spoiler:hover, .spoiler:active, .spoiler-shown {color:#000000;background:#E2E2E2;padding:0px 3px;} .spoiler a {color:#BBBBBB;} .spoiler:hover a, .spoiler:active a, .spoiler-shown a {color:#2288CC;} .chat code, .chat .spoiler:hover code, .chat .spoiler:active code, .chat .spoiler-shown code {border:1px solid #C0C0C0;background:#EEEEEE;color:black;padding:0 2px;} .chat .spoiler code {border:1px solid #CCCCCC;background:#CCCCCC;color:#CCCCCC;} .battle-log .rated {padding:3px 4px;} .battle-log .rated strong {color:white;background:#89A;padding:1px 4px;border-radius:4px;} .spacer {margin-top:0.5em;} .message-announce {background:#6688AA;color:white;padding:1px 4px 2px;} .message-announce a, .broadcast-green a, .broadcast-blue a, .broadcast-red a {color:#DDEEFF;} .broadcast-green {background-color:#559955;color:white;padding:2px 4px;} .broadcast-blue {background-color:#6688AA;color:white;padding:2px 4px;} .infobox {border:1px solid #6688AA;padding:2px 4px;} .infobox-limited {max-height:200px;overflow:auto;overflow-x:hidden;} .broadcast-red {background-color:#AA5544;color:white;padding:2px 4px;} .message-learn-canlearn {font-weight:bold;color:#228822;text-decoration:underline;} .message-learn-cannotlearn {font-weight:bold;color:#CC2222;text-decoration:underline;} .message-effect-weak {font-weight:bold;color:#CC2222;} .message-effect-resist {font-weight:bold;color:#6688AA;} .message-effect-immune {font-weight:bold;color:#666666;} .message-learn-list {margin-top:0;margin-bottom:0;} .message-throttle-notice, .message-error {color:#992222;} .message-overflow, .chat small.message-overflow {font-size:0pt;} .message-overflow::before {font-size:9pt;content:'...';} .subtle {color:#3A4A66;}
</style>
<div class="wrapper replay-wrapper" style="max-width:1180px;margin:0 auto">
<input type="hidden" name="replayid" value="uu-541520477" />
<div class="battle"></div><div class="battle-log"></div><div class="replay-controls"></div><div class="replay-controls-2"></div>
<h1 style="font-weight:normal;text-align:center"><strong>UU</strong><br /><a href="http://pokemonshowdown.com/users/shinyspark" class="subtle" target="_blank">ShinySpark</a> vs. <a href="http://pokemonshowdown.com/users/10blast" class="subtle" target="_blank">10blast</a></h1>
<script type="text/plain" class="battle-log-data">|j|ShinySpark
|j|10blast
|player|p1|ShinySpark|91
|player|p2|10blast|68
|gametype|singles
|gen|6
|tier|UU
|rated
|seed|49557,30059,54737,26322
|rule|Sleep Clause Mod: Limit one foe put to sleep
|rule|Species Clause: Limit one of each Pokémon
|rule|OHKO Clause: OHKO moves are banned
|rule|Moody Clause: Moody is banned
|rule|Evasion Moves Clause: Evasion moves are banned
|rule|Endless Battle Clause: Forcing endless battles is banned
|rule|HP Percentage Mod: HP is shown in percentages
|clearpoke
|poke|p1|Cloyster, M|item
|poke|p1|Zoroark, F|item
|poke|p1|Forretress, F, shiny|item
|poke|p1|Lucario, M|item
|poke|p1|Aerodactyl, M|item
|poke|p1|Blissey, F|item
|poke|p2|Gallade, M|item
|poke|p2|Yanmega, M, shiny|item
|poke|p2|Froslass, F, shiny|item
|poke|p2|Donphan, F, shiny|item
|poke|p2|Florges-White, F, shiny|item
|poke|p2|Ambipom, F, shiny|item
|rule|Swagger Clause: Swagger is banned
|rule|Baton Pass Clause: Limit one Baton Passer, can't pass Spe and other stats simultaneously
|teampreview
|choice|team 3, team 2, team 1, team 4, team 5, team 6|team 6, team 2, team 3, team 4, team 5, team 1
|
|start
|switch|p1a: Golden Nugget|Forretress, F, shiny|354\/354
|switch|p2a: Harambæ|Ambipom, F, shiny|292\/292
|turn|1
|c|☆10blast|dicks out btw
|choice|move stealthrock|move fakeout
|
|move|p2a: Harambæ|Fake Out|p1a: Golden Nugget
|-resisted|p1a: Golden Nugget
|-damage|p1a: Golden Nugget|322\/354
|cant|p1a: Golden Nugget|flinch
|
|-heal|p1a: Golden Nugget|344\/354|[from] item: Leftovers
|upkeep
|turn|2
|c|☆ShinySpark|Dicks out for harambe
|choice|move stealthrock|move uturn
|
|move|p2a: Harambæ|U-turn|p1a: Golden Nugget
|-resisted|p1a: Golden Nugget
|-damage|p1a: Golden Nugget|323\/354
|c|☆10blast|*harambæ
|choice||switch 4
|
|switch|p2a: Daphnee|Donphan, F, shiny|384\/384
|move|p1a: Golden Nugget|Stealth Rock|p2a: Daphnee
|-sidestart|p2: 10blast|move: Stealth Rock
|
|-heal|p1a: Golden Nugget|345\/354|[from] item: Leftovers
|upkeep
|turn|3
|choice|move gyroball|move knockoff
|
|move|p2a: Daphnee|Knock Off|p1a: Golden Nugget
|-damage|p1a: Golden Nugget|289\/354
|-enditem|p1a: Golden Nugget|Leftovers|[from] move: Knock Off|[of] p2a: Daphnee
|move|p1a: Golden Nugget|Gyro Ball|p2a: Daphnee
|-damage|p2a: Daphnee|357\/384
|
|-heal|p2a: Daphnee|381\/384|[from] item: Leftovers
|upkeep
|turn|4
|choice|move toxicspikes|move stealthrock
|
|move|p2a: Daphnee|Stealth Rock|p1a: Golden Nugget
|-sidestart|p1: ShinySpark|move: Stealth Rock
|move|p1a: Golden Nugget|Toxic Spikes|p2a: Daphnee
|-sidestart|p2: 10blast|move: Toxic Spikes
|
|-heal|p2a: Daphnee|384\/384|[from] item: Leftovers
|upkeep
|turn|5
|choice|move toxicspikes|move rapidspin
|
|move|p2a: Daphnee|Rapid Spin|p1a: Golden Nugget
|-resisted|p1a: Golden Nugget
|-damage|p1a: Golden Nugget|282\/354
|-sideend|p2: 10blast|Toxic Spikes|[from] move: Rapid Spin|[of] p2a: Daphnee
|-sideend|p2: 10blast|Stealth Rock|[from] move: Rapid Spin|[of] p2a: Daphnee
|move|p1a: Golden Nugget|Toxic Spikes|p2a: Daphnee
|-sidestart|p2: 10blast|move: Toxic Spikes
|
|upkeep
|turn|6
|choice|move stealthrock|move rapidspin
|
|move|p2a: Daphnee|Rapid Spin|p1a: Golden Nugget
|-resisted|p1a: Golden Nugget
|-damage|p1a: Golden Nugget|277\/354
|-sideend|p2: 10blast|Toxic Spikes|[from] move: Rapid Spin|[of] p2a: Daphnee
|move|p1a: Golden Nugget|Stealth Rock|p2a: Daphnee
|-sidestart|p2: 10blast|move: Stealth Rock
|
|upkeep
|turn|7
|choice|move toxicspikes|move rapidspin
|
|move|p2a: Daphnee|Rapid Spin|p1a: Golden Nugget
|-resisted|p1a: Golden Nugget
|-damage|p1a: Golden Nugget|271\/354
|-sideend|p2: 10blast|Stealth Rock|[from] move: Rapid Spin|[of] p2a: Daphnee
|move|p1a: Golden Nugget|Toxic Spikes|p2a: Daphnee
|-sidestart|p2: 10blast|move: Toxic Spikes
|
|upkeep
|turn|8
|choice|move stealthrock|move rapidspin
|
|move|p2a: Daphnee|Rapid Spin|p1a: Golden Nugget
|-resisted|p1a: Golden Nugget
|-damage|p1a: Golden Nugget|265\/354
|-sideend|p2: 10blast|Toxic Spikes|[from] move: Rapid Spin|[of] p2a: Daphnee
|move|p1a: Golden Nugget|Stealth Rock|p2a: Daphnee
|-sidestart|p2: 10blast|move: Stealth Rock
|
|upkeep
|turn|9
|choice|move toxicspikes|move rapidspin
|
|move|p2a: Daphnee|Rapid Spin|p1a: Golden Nugget
|-resisted|p1a: Golden Nugget
|-damage|p1a: Golden Nugget|259\/354
|-sideend|p2: 10blast|Stealth Rock|[from] move: Rapid Spin|[of] p2a: Daphnee
|move|p1a: Golden Nugget|Toxic Spikes|p2a: Daphnee
|-sidestart|p2: 10blast|move: Toxic Spikes
|
|upkeep
|turn|10
|c|☆ShinySpark|I'm gonna win this...
|choice|move stealthrock|move rapidspin
|
|move|p2a: Daphnee|Rapid Spin|p1a: Golden Nugget
|-resisted|p1a: Golden Nugget
|-damage|p1a: Golden Nugget|253\/354
|-sideend|p2: 10blast|Toxic Spikes|[from] move: Rapid Spin|[of] p2a: Daphnee
|move|p1a: Golden Nugget|Stealth Rock|p2a: Daphnee
|-sidestart|p2: 10blast|move: Stealth Rock
|
|upkeep
|turn|11
|c|☆ShinySpark|You'll run out of pp
|c|☆10blast|crit tho
|choice|move toxicspikes|move earthquake
|
|move|p2a: Daphnee|Earthquake|p1a: Golden Nugget
|-crit|p1a: Golden Nugget
|-damage|p1a: Golden Nugget|135\/354
|move|p1a: Golden Nugget|Toxic Spikes|p2a: Daphnee
|-sidestart|p2: 10blast|move: Toxic Spikes
|
|upkeep
|turn|12
|c|☆ShinySpark|Like that on?
|choice|move toxicspikes|move rapidspin
|
|move|p2a: Daphnee|Rapid Spin|p1a: Golden Nugget
|-resisted|p1a: Golden Nugget
|-damage|p1a: Golden Nugget|129\/354
|-sideend|p2: 10blast|Toxic Spikes|[from] move: Rapid Spin|[of] p2a: Daphnee
|-sideend|p2: 10blast|Stealth Rock|[from] move: Rapid Spin|[of] p2a: Daphnee
|move|p1a: Golden Nugget|Toxic Spikes|p2a: Daphnee
|-sidestart|p2: 10blast|move: Toxic Spikes
|
|upkeep
|turn|13
|choice|switch 5|move rapidspin
|
|switch|p1a: Aerodactyl|Aerodactyl, M|301\/301
|-ability|p1a: Aerodactyl|Unnerve|p2: 10blast
|-damage|p1a: Aerodactyl|226\/301|[from] Stealth Rock
|move|p2a: Daphnee|Rapid Spin|p1a: Aerodactyl
|-resisted|p1a: Aerodactyl
|-damage|p1a: Aerodactyl|213\/301
|-sideend|p2: 10blast|Toxic Spikes|[from] move: Rapid Spin|[of] p2a: Daphnee
|
|upkeep
|turn|14
|choice|move honeclaws mega|move knockoff
|
|detailschange|p1a: Aerodactyl|Aerodactyl-Mega, M
|-mega|p1a: Aerodactyl|Aerodactyl|Aerodactylite
|move|p1a: Aerodactyl|Hone Claws|p1a: Aerodactyl
|-boost|p1a: Aerodactyl|atk|1
|-boost|p1a: Aerodactyl|accuracy|1
|move|p2a: Daphnee|Knock Off|p1a: Aerodactyl
|-damage|p1a: Aerodactyl|145\/301
|
|upkeep
|turn|15
|choice|move aquatail|move knockoff
|
|move|p1a: Aerodactyl|Aqua Tail|p2a: Daphnee
|-supereffective|p2a: Daphnee
|-damage|p2a: Daphnee|110\/384
|move|p2a: Daphnee|Knock Off|p1a: Aerodactyl
|-damage|p1a: Aerodactyl|81\/301
|
|-heal|p2a: Daphnee|134\/384|[from] item: Leftovers
|upkeep
|turn|16
|c|☆ShinySpark|Time to spin the turntable
|choice|move aquatail|move knockoff
|
|move|p1a: Aerodactyl|Aqua Tail|p2a: Daphnee
|-supereffective|p2a: Daphnee
|-damage|p2a: Daphnee|0 fnt
|faint|p2a: Daphnee
|
|upkeep
|choice||switch 2
|
|switch|p2a: Yamnigga|Yanmega, M, shiny|313\/313
|turn|17
|c|☆10blast|same
|choice|move stoneedge|move bugbuzz
|
|move|p2a: Yamnigga|Bug Buzz|p1a: Aerodactyl
|-resisted|p1a: Aerodactyl
|-damage|p1a: Aerodactyl|0 fnt
|faint|p1a: Aerodactyl
|
|upkeep
|choice|switch 3|
|
|switch|p1a: Cloyster|Cloyster, M|241\/241
|-damage|p1a: Cloyster|181\/241|[from] Stealth Rock
|turn|18
|choice|move shellsmash|move bugbuzz
|
|move|p2a: Yamnigga|Bug Buzz|p1a: Cloyster
|-damage|p1a: Cloyster|0 fnt
|faint|p1a: Cloyster
|
|upkeep
|choice|switch 6|
|
|switch|p1a: Pure Stall|Blissey, F|714\/714
|-damage|p1a: Pure Stall|625\/714|[from] Stealth Rock
|turn|19
|choice|move thunderwave|switch 6
|
|switch|p2a: Goku|Gallade, M|278\/278
|move|p1a: Pure Stall|Thunder Wave|p2a: Goku
|-status|p2a: Goku|par
|
|-heal|p1a: Pure Stall|669\/714|[from] item: Leftovers
|upkeep
|turn|20
|c|☆ShinySpark|I WILL SPIN THE TABLE
|choice|move headbutt|move drainpunch
|
|move|p1a: Pure Stall|Headbutt|p2a: Goku
|-damage|p2a: Goku|253\/278 par
|cant|p2a: Goku|flinch
|
|-heal|p1a: Pure Stall|713\/714|[from] item: Leftovers
|upkeep
|turn|21
|choice|move headbutt|move drainpunch
|
|move|p1a: Pure Stall|Headbutt|p2a: Goku
|-damage|p2a: Goku|229\/278 par
|cant|p2a: Goku|flinch
|
|-heal|p1a: Pure Stall|714\/714|[from] item: Leftovers
|upkeep
|turn|22
|choice|move shadowball|move drainpunch
|
|move|p1a: Pure Stall|Shadow Ball|p2a: Goku
|-supereffective|p2a: Goku
|-damage|p2a: Goku|177\/278 par
|move|p2a: Goku|Drain Punch|p1a: Pure Stall
|-supereffective|p1a: Pure Stall
|-damage|p1a: Pure Stall|178\/714
|-heal|p2a: Goku|278\/278 par|[from] drain|[of] p1a: Pure Stall
|
|-heal|p1a: Pure Stall|222\/714|[from] item: Leftovers
|upkeep
|turn|23
|choice|move headbutt|move drainpunch
|
|move|p1a: Pure Stall|Headbutt|p2a: Goku
|-damage|p2a: Goku|253\/278 par
|cant|p2a: Goku|par
|
|-heal|p1a: Pure Stall|266\/714|[from] item: Leftovers
|upkeep
|turn|24
|choice|move headbutt|move drainpunch
|
|move|p1a: Pure Stall|Headbutt|p2a: Goku
|-damage|p2a: Goku|229\/278 par
|cant|p2a: Goku|flinch
|
|-heal|p1a: Pure Stall|310\/714|[from] item: Leftovers
|upkeep
|turn|25
|choice|move headbutt|move drainpunch
|
|move|p1a: Pure Stall|Headbutt|p2a: Goku
|-damage|p2a: Goku|205\/278 par
|move|p2a: Goku|Drain Punch|p1a: Pure Stall
|-supereffective|p1a: Pure Stall
|-damage|p1a: Pure Stall|0 fnt
|-heal|p2a: Goku|278\/278 par|[from] drain|[of] p1a: Pure Stall
|faint|p1a: Pure Stall
|
|upkeep
|choice|switch 2|
|
|switch|p1a: Golden Nugget|Forretress, F, shiny|261\/261
|-damage|p1a: Golden Nugget|229\/261|[from] Stealth Rock
|turn|26
|choice|move nastyplot|switch 6
|
|switch|p2a: Yamnigga|Yanmega, M, shiny|313\/313
|move|p1a: Golden Nugget|Nasty Plot|p1a: Golden Nugget
|-boost|p1a: Golden Nugget|spa|2
|
|upkeep
|turn|27
|c|☆ShinySpark|This is a special nugget
|choice|move flamethrower|move bugbuzz
|
|move|p2a: Yamnigga|Bug Buzz|p1a: Golden Nugget
|-supereffective|p1a: Golden Nugget
|replace|p1a: Heeeere's Johnny!|Zoroark, F
|-end|p1a: Heeeere's Johnny!|Illusion
|-damage|p1a: Heeeere's Johnny!|0 fnt
|faint|p1a: Heeeere's Johnny!
|
|upkeep
|choice|switch 4|
|
|switch|p1a: Lucario|Lucario, M|281\/281
|-damage|p1a: Lucario|273\/281|[from] Stealth Rock
|turn|28
|choice|move nastyplot|move bugbuzz
|
|move|p2a: Yamnigga|Bug Buzz|p1a: Lucario
|-resisted|p1a: Lucario
|-damage|p1a: Lucario|171\/281
|move|p1a: Lucario|Nasty Plot|p1a: Lucario
|-boost|p1a: Lucario|spa|2
|
|upkeep
|turn|29
|choice|move flashcannon|switch 6
|
|switch|p2a: Goku|Gallade, M|278\/278 par
|move|p1a: Lucario|Flash Cannon|p2a: Goku
|-damage|p2a: Goku|125\/278 par
|-damage|p1a: Lucario|143\/281|[from] item: Life Orb
|
|upkeep
|turn|30
|choice|move flashcannon|move shadowsneak
|
|cant|p2a: Goku|par
|move|p1a: Lucario|Flash Cannon|p2a: Goku
|-damage|p2a: Goku|0 fnt
|-damage|p1a: Lucario|115\/281|[from] item: Life Orb
|faint|p2a: Goku
|
|upkeep
|choice||switch 6
|
|switch|p2a: Yamnigga|Yanmega, M, shiny|313\/313
|turn|31
|c|☆ShinySpark|The curse of Stall
|choice|move flashcannon|move airslash
|
|move|p2a: Yamnigga|Air Slash|p1a: Lucario
|-damage|p1a: Lucario|0 fnt
|faint|p1a: Lucario
|
|upkeep
|choice|switch 5|
|
|switch|p1a: Golden Nugget|Forretress, F, shiny|129\/354
|-damage|p1a: Golden Nugget|85\/354|[from] Stealth Rock
|turn|32
|c|☆ShinySpark|Gg
|c|☆10blast|gotta run toxic on it
|c|☆10blast|gg
|choice|move gyroball|move airslash
|
|move|p2a: Yamnigga|Air Slash|p1a: Golden Nugget
|-damage|p1a: Golden Nugget|0 fnt
|faint|p1a: Golden Nugget
|
|win|10blast
|player|p1
|player|p2
|raw|ShinySpark's rating: 1189 &rarr; <strong>1168<\/strong><br \/>(-21 for losing)
|raw|10blast's rating: 1239 &rarr; <strong>1260<\/strong><br \/>(+21 for winning)
|l|ShinySpark</script>
</div>
<div class="battle-log battle-log-inline"><div class="inner"><div class="battle-options"></div><div class="inner"><div class="chat"><small>ShinySpark joined.</small></div><div class="chat"><small>10blast joined.</small></div><div class=""><small>Format:</small> <br><strong>UU</strong></div><div class="rated"><strong>Rated battle</strong></div><div class=""><small><em>Sleep Clause Mod:</em> Limit one foe put to sleep</small></div><div class=""><small><em>Species Clause:</em> Limit one of each Pokémon</small></div><div class=""><small><em>OHKO Clause:</em> OHKO moves are banned</small></div><div class=""><small><em>Moody Clause:</em> Moody is banned</small></div><div class=""><small><em>Evasion Moves Clause:</em> Evasion moves are banned</small></div><div class=""><small><em>Endless Battle Clause:</em> Forcing endless battles is banned</small></div><div class=""><small><em>HP Percentage Mod:</em> HP is shown in percentages</small></div><div class=""><small><em>Swagger Clause:</em> Swagger is banned</small></div><div class=""><small><em>Baton Pass Clause:</em> Limit one Baton Passer, can't pass Spe and other stats simultaneously</small></div><div class="chat battle-history"><strong>ShinySpark's team:</strong> <em style="color:#445566;display:block;">Cloyster / Zoroark / Forretress / Lucario / Aerodactyl / Blissey</em></div><div class="chat battle-history"><strong>10blast's team:</strong> <em style="color:#445566;display:block;">Gallade / Yanmega / Froslass / Donphan / Florges-White / Ambipom</em></div><div class="spacer battle-history"><br></div><div class="battle-history">Battle started between ShinySpark and 10blast!<br></div><div class="spacer battle-history"><br></div><div class="battle-history">Go! Golden Nugget (<strong>Forretress</strong>)!<br></div><div class="spacer battle-history"><br></div><div class="battle-history">10blast sent out Harambæ (<strong>Ambipom</strong>)!<br></div><div class="spacer battle-history"><br></div><h2 class="battle-history">Turn 1</h2><div class="chat chatmessage-10blast"><strong style="color:hsl(159,45%,45.164061557754884%)"><small>☆</small><span class="username" data-name="10blast">10blast</span>:</strong> <em>dicks out btw</em></div><div class="spacer battle-history"><br></div><div class="battle-history">The opposing Harambæ used <strong>Fake Out</strong>!<br></div><div class="battle-history"><small>It's not very effective...</small><br></div><div class="battle-history"><small>(Golden Nugget lost <abbr title="−32/354">9.0%</abbr> of its health!)</small><br></div><div class="spacer battle-history"><br></div><div class="battle-history">Golden Nugget flinched and couldn't move!<br></div><div class="spacer battle-history"><br></div><div class="battle-history"><small>Golden Nugget restored a little HP using its Leftovers!</small><br></div><div class="spacer battle-history"><br></div><h2 class="battle-history">Turn 2</h2><div class="chat chatmessage-shinyspark"><strong style="color:hsl(359,56%,48.99979925249138%)"><small>☆</small><span class="username" data-name="ShinySpark">ShinySpark</span>:</strong> <em>Dicks out for harambe</em></div><div class="spacer battle-history"><br></div><div class="battle-history">The opposing Harambæ used <strong>U-turn</strong>!<br></div><div class="battle-history"><small>It's not very effective...</small><br></div><div class="battle-history"><small>(Golden Nugget lost <abbr title="−21/354">5.9%</abbr> of its health!)</small><br></div><div class="chat chatmessage-10blast"><strong style="color:hsl(159,45%,45.164061557754884%)"><small>☆</small><span class="username" data-name="10blast">10blast</span>:</strong> <em>*harambæ</em></div><div class="spacer battle-history"><br></div><div class="battle-history">The opposing Harambæ went back to 10blast!<br></div><div class="battle-history">10blast sent out Daphnee (<strong>Donphan</strong>)!<br></div><div class="spacer battle-history"><br></div><div class="battle-history">Golden Nugget used <strong>Stealth Rock</strong>!<br></div><div class="battle-history"><small>Pointed stones float in the air around the opposing team!</small><br></div><div class="spacer battle-history"><br></div><div class="battle-history"><small>Golden Nugget restored a little HP using its Leftovers!</small><br></div><div class="spacer battle-history"><br></div><h2 class="battle-history">Turn 3</h2><div class="spacer battle-history"><br></div><div class="battle-history">The opposing Daphnee used <strong>Knock Off</strong>!<br></div><div class="battle-history"><small>(Golden Nugget lost <abbr title="−56/354">15.8%</abbr> of its health!)</small><br></div><div class="battle-history"><small>The opposing Daphnee knocked off Golden Nugget's Leftovers!</small><br></div><div class="spacer battle-history"><br></div><div class="battle-history">Golden Nugget used <strong>Gyro Ball</strong>!<br></div><div class="battle-history"><small>(The opposing Daphnee lost <abbr title="−27/384">7.0%</abbr> of its health!)</small><br></div><div class="spacer battle-history"><br></div><div class="battle-history"><small>The opposing Daphnee restored a little HP using its Leftovers!</small><br></div><div class="spacer battle-history"><br></div><h2 class="battle-history">Turn 4</h2><div class="spacer battle-history"><br></div><div class="battle-history">The opposing Daphnee used <strong>Stealth Rock</strong>!<br></div><div class="battle-history"><small>Pointed stones float in the air around your team!</small><br></div><div class="spacer battle-history"><br></div><div class="battle-history">Golden Nugget used <strong>Toxic Spikes</strong>!<br></div><div class="battle-history"><small>Poison spikes were scattered on the ground all around the opposing team!</small><br></div><div class="spacer battle-history"><br></div><div class="battle-history"><small>The opposing Daphnee restored a little HP using its Leftovers!</small><br></div><div class="spacer battle-history"><br></div><h2 class="battle-history">Turn 5</h2><div class="spacer battle-history"><br></div><div class="battle-history">The opposing Daphnee used <strong>Rapid Spin</strong>!<br></div><div class="battle-history"><small>It's not very effective...</small><br></div><div class="battle-history"><small>(Golden Nugget lost <abbr title="−7/354">2.0%</abbr> of its health!)</small><br></div><div class="battle-history"><small>The poison spikes disappeared from the ground around the opposing team!</small><br></div><div class="battle-history"><small>The pointed stones disappeared from around the opposing team!</small><br></div><div class="spacer battle-history"><br></div><div class="battle-history">Golden Nugget used <strong>Toxic Spikes</strong>!<br></div><div class="battle-history"><small>Poison spikes were scattered on the ground all around the opposing team!</small><br></div><div class="spacer battle-history"><br></div><h2 class="battle-history">Turn 6</h2><div class="spacer battle-history"><br></div><div class="battle-history">The opposing Daphnee used <strong>Rapid Spin</strong>!<br></div><div class="battle-history"><small>It's not very effective...</small><br></div><div class="battle-history"><small>(Golden Nugget lost <abbr title="−5/354">1.4%</abbr> of its health!)</small><br></div><div class="battle-history"><small>The poison spikes disappeared from the ground around the opposing team!</small><br></div><div class="spacer battle-history"><br></div><div class="battle-history">Golden Nugget used <strong>Stealth Rock</strong>!<br></div><div class="battle-history"><small>Pointed stones float in the air around the opposing team!</small><br></div><div class="spacer battle-history"><br></div><h2 class="battle-history">Turn 7</h2><div class="spacer battle-history"><br></div><div class="battle-history">The opposing Daphnee used <strong>Rapid Spin</strong>!<br></div><div class="battle-history"><small>It's not very effective...</small><br></div><div class="battle-history"><small>(Golden Nugget lost <abbr title="−6/354">1.7%</abbr> of its health!)</small><br></div><div class="battle-history"><small>The pointed stones disappeared from around the opposing team!</small><br></div><div class="spacer battle-history"><br></div><div class="battle-history">Golden Nugget used <strong>Toxic Spikes</strong>!<br></div><div class="battle-history"><small>Poison spikes were scattered on the ground all around the opposing team!</small><br></div><div class="spacer battle-history"><br></div><h2 class="battle-history">Turn 8</h2><div class="spacer battle-history"><br></div><div class="battle-history">The opposing Daphnee used <strong>Rapid Spin</strong>!<br></div><div class="battle-history"><small>It's not very effective...</small><br></div><div class="battle-history"><small>(Golden Nugget lost <abbr title="−6/354">1.7%</abbr> of its health!)</small><br></div><div class="battle-history"><small>The poison spikes disappeared from the ground around the opposing team!</small><br></div><div class="spacer battle-history"><br></div><div class="battle-history">Golden Nugget used <strong>Stealth Rock</strong>!<br></div><div class="battle-history"><small>Pointed stones float in the air around the opposing team!</small><br></div><div class="spacer battle-history"><br></div><h2 class="battle-history">Turn 9</h2><div class="spacer battle-history"><br></div><div class="battle-history">The opposing Daphnee used <strong>Rapid Spin</strong>!<br></div><div class="battle-history"><small>It's not very effective...</small><br></div><div class="battle-history"><small>(Golden Nugget lost <abbr title="−6/354">1.7%</abbr> of its health!)</small><br></div><div class="battle-history"><small>The pointed stones disappeared from around the opposing team!</small><br></div><div class="spacer battle-history"><br></div><div class="battle-history">Golden Nugget used <strong>Toxic Spikes</strong>!<br></div><div class="battle-history"><small>Poison spikes were scattered on the ground all around the opposing team!</small><br></div><div class="spacer battle-history"><br></div><h2 class="battle-history">Turn 10</h2><div class="chat chatmessage-shinyspark"><strong style="color:hsl(359,56%,48.99979925249138%)"><small>☆</small><span class="username" data-name="ShinySpark">ShinySpark</span>:</strong> <em>I'm gonna win this...</em></div><div class="spacer battle-history"><br></div><div class="battle-history">The opposing Daphnee used <strong>Rapid Spin</strong>!<br></div><div class="battle-history"><small>It's not very effective...</small><br></div><div class="battle-history"><small>(Golden Nugget lost <abbr title="−6/354">1.7%</abbr> of its health!)</small><br></div><div class="battle-history"><small>The poison spikes disappeared from the ground around the opposing team!</small><br></div><div class="spacer battle-history"><br></div><div class="battle-history">Golden Nugget used <strong>Stealth Rock</strong>!<br></div><div class="battle-history"><small>Pointed stones float in the air around the opposing team!</small><br></div><div class="spacer battle-history"><br></div><h2 class="battle-history">Turn 11</h2><div class="chat chatmessage-shinyspark"><strong style="color:hsl(359,56%,48.99979925249138%)"><small>☆</small><span class="username" data-name="ShinySpark">ShinySpark</span>:</strong> <em>You'll run out of pp</em></div><div class="chat chatmessage-10blast"><strong style="color:hsl(159,45%,45.164061557754884%)"><small>☆</small><span class="username" data-name="10blast">10blast</span>:</strong> <em>crit tho</em></div><div class="spacer battle-history"><br></div><div class="battle-history">The opposing Daphnee used <strong>Earthquake</strong>!<br></div><div class="battle-history"><small>A critical hit!</small><br></div><div class="battle-history"><small>(Golden Nugget lost <abbr title="−118/354">33.3%</abbr> of its health!)</small><br></div><div class="spacer battle-history"><br></div><div class="battle-history">Golden Nugget used <strong>Toxic Spikes</strong>!<br></div><div class="battle-history"><small>Poison spikes were scattered on the ground all around the opposing team!</small><br></div><div class="spacer battle-history"><br></div><h2 class="battle-history">Turn 12</h2><div class="chat chatmessage-shinyspark"><strong style="color:hsl(359,56%,48.99979925249138%)"><small>☆</small><span class="username" data-name="ShinySpark">ShinySpark</span>:</strong> <em>Like that on?</em></div><div class="spacer battle-history"><br></div><div class="battle-history">The opposing Daphnee used <strong>Rapid Spin</strong>!<br></div><div class="battle-history"><small>It's not very effective...</small><br></div><div class="battle-history"><small>(Golden Nugget lost <abbr title="−6/354">1.7%</abbr> of its health!)</small><br></div><div class="battle-history"><small>The poison spikes disappeared from the ground around the opposing team!</small><br></div><div class="battle-history"><small>The pointed stones disappeared from around the opposing team!</small><br></div><div class="spacer battle-history"><br></div><div class="battle-history">Golden Nugget used <strong>Toxic Spikes</strong>!<br></div><div class="battle-history"><small>Poison spikes were scattered on the ground all around the opposing team!</small><br></div><div class="spacer battle-history"><br></div><h2 class="battle-history">Turn 13</h2><div class="spacer battle-history"><br></div><div class="battle-history">Golden Nugget, come back!<br></div><div class="battle-history">Go! <strong>Aerodactyl</strong>!<br></div><div class="battle-history"><small>[Aerodactyl's Unnerve]</small><br><small>The opposing team is too nervous to eat Berries!</small><br></div><div class="battle-history"><small>Pointed stones dug into Aerodactyl!</small><br></div><div class="spacer battle-history"><br></div><div class="battle-history">The opposing Daphnee used <strong>Rapid Spin</strong>!<br></div><div class="battle-history"><small>It's not very effective...</small><br></div><div class="battle-history"><small>(Aerodactyl lost <abbr title="−13/301">4.3%</abbr> of its health!)</small><br></div><div class="battle-history"><small>The poison spikes disappeared from the ground around the opposing team!</small><br></div><div class="spacer battle-history"><br></div><h2 class="battle-history">Turn 14</h2><div class="spacer battle-history"><br></div><div class="battle-history"><small>Aerodactyl's Aerodactylite is reacting to ShinySpark's Mega Bracelet!</small><br>Aerodactyl has Mega Evolved into Mega Aerodactyl!<br></div><div class="spacer battle-history"><br></div><div class="battle-history">Aerodactyl used <strong>Hone Claws</strong>!<br></div><div class="battle-history"><small>Aerodactyl's Attack rose!</small><br></div><div class="battle-history"><small>Aerodactyl's accuracy rose!</small><br></div><div class="spacer battle-history"><br></div><div class="battle-history">The opposing Daphnee used <strong>Knock Off</strong>!<br></div><div class="battle-history"><small>(Aerodactyl lost <abbr title="−68/301">22.6%</abbr> of its health!)</small><br></div><div class="spacer battle-history"><br></div><h2 class="battle-history">Turn 15</h2><div class="spacer battle-history"><br></div><div class="battle-history">Aerodactyl used <strong>Aqua Tail</strong>!<br></div><div class="battle-history"><small>It's super effective!</small><br></div><div class="battle-history"><small>(The opposing Daphnee lost <abbr title="−274/384">71.4%</abbr> of its health!)</small><br></div><div class="spacer battle-history"><br></div><div class="battle-history">The opposing Daphnee used <strong>Knock Off</strong>!<br></div><div class="battle-history"><small>(Aerodactyl lost <abbr title="−64/301">21.3%</abbr> of its health!)</small><br></div><div class="spacer battle-history"><br></div><div class="battle-history"><small>The opposing Daphnee restored a little HP using its Leftovers!</small><br></div><div class="spacer battle-history"><br></div><h2 class="battle-history">Turn 16</h2><div class="chat chatmessage-shinyspark"><strong style="color:hsl(359,56%,48.99979925249138%)"><small>☆</small><span class="username" data-name="ShinySpark">ShinySpark</span>:</strong> <em>Time to spin the turntable</em></div><div class="spacer battle-history"><br></div><div class="battle-history">Aerodactyl used <strong>Aqua Tail</strong>!<br></div><div class="battle-history"><small>It's super effective!</small><br></div><div class="battle-history"><small>(The opposing Daphnee lost <abbr title="−134/384">34.9%</abbr> of its health!)</small><br></div><div class="spacer battle-history"><br></div><div class="battle-history">The opposing Daphnee fainted!<br></div><div class="spacer battle-history"><br></div><div class="battle-history">10blast sent out Yamnigga (<strong>Yanmega</strong>)!<br></div><div class="spacer battle-history"><br></div><h2 class="battle-history">Turn 17</h2><div class="chat chatmessage-10blast"><strong style="color:hsl(159,45%,45.164061557754884%)"><small>☆</small><span class="username" data-name="10blast">10blast</span>:</strong> <em>same</em></div><div class="spacer battle-history"><br></div><div class="battle-history">The opposing Yamnigga used <strong>Bug Buzz</strong>!<br></div><div class="battle-history"><small>It's not very effective...</small><br></div><div class="battle-history"><small>(Aerodactyl lost <abbr title="−81/301">26.9%</abbr> of its health!)</small><br></div><div class="spacer battle-history"><br></div><div class="battle-history">Aerodactyl fainted!<br></div><div class="spacer battle-history"><br></div><div class="battle-history">Go! <strong>Cloyster</strong>!<br></div><div class="battle-history"><small>Pointed stones dug into Cloyster!</small><br></div><div class="spacer battle-history"><br></div><h2 class="battle-history">Turn 18</h2><div class="spacer battle-history"><br></div><div class="battle-history">The opposing Yamnigga used <strong>Bug Buzz</strong>!<br></div><div class="battle-history"><small>(Cloyster lost <abbr title="−181/241">75.1%</abbr> of its health!)</small><br></div><div class="spacer battle-history"><br></div><div class="battle-history">Cloyster fainted!<br></div><div class="spacer battle-history"><br></div><div class="battle-history">Go! Pure Stall (<strong>Blissey</strong>)!<br></div><div class="battle-history"><small>Pointed stones dug into Pure Stall!</small><br></div><div class="spacer battle-history"><br></div><h2 class="battle-history">Turn 19</h2><div class="spacer battle-history"><br></div><div class="battle-history">10blast withdrew Yamnigga!<br></div><div class="battle-history">10blast sent out Goku (<strong>Gallade</strong>)!<br></div><div class="spacer battle-history"><br></div><div class="battle-history">Pure Stall used <strong>Thunder Wave</strong>!<br></div><div class="battle-history"><small>The opposing Goku is paralyzed! It may be unable to move!</small><br></div><div class="spacer battle-history"><br></div><div class="battle-history"><small>Pure Stall restored a little HP using its Leftovers!</small><br></div><div class="spacer battle-history"><br></div><h2 class="battle-history">Turn 20</h2><div class="chat chatmessage-shinyspark"><strong style="color:hsl(359,56%,48.99979925249138%)"><small>☆</small><span class="username" data-name="ShinySpark">ShinySpark</span>:</strong> <em>I WILL SPIN THE TABLE</em></div><div class="spacer battle-history"><br></div><div class="battle-history">Pure Stall used <strong>Headbutt</strong>!<br></div><div class="battle-history"><small>(The opposing Goku lost <abbr title="−25/278">9.0%</abbr> of its health!)</small><br></div><div class="spacer battle-history"><br></div><div class="battle-history">The opposing Goku flinched and couldn't move!<br></div><div class="spacer battle-history"><br></div><div class="battle-history"><small>Pure Stall restored a little HP using its Leftovers!</small><br></div><div class="spacer battle-history"><br></div><h2 class="battle-history">Turn 21</h2><div class="spacer battle-history"><br></div><div class="battle-history">Pure Stall used <strong>Headbutt</strong>!<br></div><div class="battle-history"><small>(The opposing Goku lost <abbr title="−24/278">8.6%</abbr> of its health!)</small><br></div><div class="spacer battle-history"><br></div><div class="battle-history">The opposing Goku flinched and couldn't move!<br></div><div class="spacer battle-history"><br></div><div class="battle-history"><small>Pure Stall restored a little HP using its Leftovers!</small><br></div><div class="spacer battle-history"><br></div><h2 class="battle-history">Turn 22</h2><div class="spacer battle-history"><br></div><div class="battle-history">Pure Stall used <strong>Shadow Ball</strong>!<br></div><div class="battle-history"><small>It's super effective!</small><br></div><div class="battle-history"><small>(The opposing Goku lost <abbr title="−52/278">18.7%</abbr> of its health!)</small><br></div><div class="spacer battle-history"><br></div><div class="battle-history">The opposing Goku used <strong>Drain Punch</strong>!<br></div><div class="battle-history"><small>It's super effective!</small><br></div><div class="battle-history"><small>(Pure Stall lost <abbr title="−536/714">75.1%</abbr> of its health!)</small><br></div><div class="battle-history"><small>Pure Stall had its energy drained!</small><br></div><div class="spacer battle-history"><br></div><div class="battle-history"><small>Pure Stall restored a little HP using its Leftovers!</small><br></div><div class="spacer battle-history"><br></div><h2 class="battle-history">Turn 23</h2><div class="spacer battle-history"><br></div><div class="battle-history">Pure Stall used <strong>Headbutt</strong>!<br></div><div class="battle-history"><small>(The opposing Goku lost <abbr title="−25/278">9.0%</abbr> of its health!)</small><br></div><div class="spacer battle-history"><br></div><div class="battle-history">The opposing Goku is paralyzed! It can't move!<br></div><div class="spacer battle-history"><br></div><div class="battle-history"><small>Pure Stall restored a little HP using its Leftovers!</small><br></div><div class="spacer battle-history"><br></div><h2 class="battle-history">Turn 24</h2><div class="spacer battle-history"><br></div><div class="battle-history">Pure Stall used <strong>Headbutt</strong>!<br></div><div class="battle-history"><small>(The opposing Goku lost <abbr title="−24/278">8.6%</abbr> of its health!)</small><br></div><div class="spacer battle-history"><br></div><div class="battle-history">The opposing Goku flinched and couldn't move!<br></div><div class="spacer battle-history"><br></div><div class="battle-history"><small>Pure Stall restored a little HP using its Leftovers!</small><br></div><div class="spacer battle-history"><br></div><h2 class="battle-history">Turn 25</h2><div class="spacer battle-history"><br></div><div class="battle-history">Pure Stall used <strong>Headbutt</strong>!<br></div><div class="battle-history"><small>(The opposing Goku lost <abbr title="−24/278">8.6%</abbr> of its health!)</small><br></div><div class="spacer battle-history"><br></div><div class="battle-history">The opposing Goku used <strong>Drain Punch</strong>!<br></div><div class="battle-history"><small>It's super effective!</small><br></div><div class="battle-history"><small>(Pure Stall lost <abbr title="−310/714">43.4%</abbr> of its health!)</small><br></div><div class="battle-history"><small>Pure Stall had its energy drained!</small><br></div><div class="spacer battle-history"><br></div><div class="battle-history">Pure Stall fainted!<br></div><div class="spacer battle-history"><br></div><div class="battle-history">Go! Golden Nugget (<strong>Forretress</strong>)!<br></div><div class="battle-history"><small>Pointed stones dug into Golden Nugget!</small><br></div><div class="spacer battle-history"><br></div><h2 class="battle-history">Turn 26</h2><div class="spacer battle-history"><br></div><div class="battle-history">10blast withdrew Goku!<br></div><div class="battle-history">10blast sent out Yamnigga (<strong>Yanmega</strong>)!<br></div><div class="spacer battle-history"><br></div><div class="battle-history">Golden Nugget used <strong>Nasty Plot</strong>!<br></div><div class="battle-history"><small>Golden Nugget's Special Attack rose sharply!</small><br></div><div class="spacer battle-history"><br></div><h2 class="battle-history">Turn 27</h2><div class="chat chatmessage-shinyspark"><strong style="color:hsl(359,56%,48.99979925249138%)"><small>☆</small><span class="username" data-name="ShinySpark">ShinySpark</span>:</strong> <em>This is a special nugget</em></div><div class="spacer battle-history"><br></div><div class="battle-history">The opposing Yamnigga used <strong>Bug Buzz</strong>!<br></div><div class="battle-history"><small>It's super effective!</small><br></div><div class="battle-history"><small>Heeeere's Johnny!'s illusion wore off!</small><br></div><div class="battle-history"><small>(Heeeere's Johnny! lost <abbr title="−229/261">87.7%</abbr> of its health!)</small><br></div><div class="spacer battle-history"><br></div><div class="battle-history">Heeeere's Johnny! fainted!<br></div><div class="spacer battle-history"><br></div><div class="battle-history">Go! <strong>Lucario</strong>!<br></div><div class="battle-history"><small>Pointed stones dug into Lucario!</small><br></div><div class="spacer battle-history"><br></div><h2 class="battle-history">Turn 28</h2><div class="spacer battle-history"><br></div><div class="battle-history">The opposing Yamnigga used <strong>Bug Buzz</strong>!<br></div><div class="battle-history"><small>It's not very effective...</small><br></div><div class="battle-history"><small>(Lucario lost <abbr title="−102/281">36.3%</abbr> of its health!)</small><br></div><div class="spacer battle-history"><br></div><div class="battle-history">Lucario used <strong>Nasty Plot</strong>!<br></div><div class="battle-history"><small>Lucario's Special Attack rose sharply!</small><br></div><div class="spacer battle-history"><br></div><h2 class="battle-history">Turn 29</h2><div class="spacer battle-history"><br></div><div class="battle-history">10blast withdrew Yamnigga!<br></div><div class="battle-history">10blast sent out Goku (<strong>Gallade</strong>)!<br></div><div class="spacer battle-history"><br></div><div class="battle-history">Lucario used <strong>Flash Cannon</strong>!<br></div><div class="battle-history"><small>(The opposing Goku lost <abbr title="−153/278">55.0%</abbr> of its health!)</small><br></div><div class="battle-history"><small>Lucario lost some of its HP!</small><br></div><div class="spacer battle-history"><br></div><h2 class="battle-history">Turn 30</h2><div class="spacer battle-history"><br></div><div class="battle-history">The opposing Goku is paralyzed! It can't move!<br></div><div class="spacer battle-history"><br></div><div class="battle-history">Lucario used <strong>Flash Cannon</strong>!<br></div><div class="battle-history"><small>(The opposing Goku lost <abbr title="−125/278">45.0%</abbr> of its health!)</small><br></div><div class="battle-history"><small>Lucario lost some of its HP!</small><br></div><div class="spacer battle-history"><br></div><div class="battle-history">The opposing Goku fainted!<br></div><div class="spacer battle-history"><br></div><div class="battle-history">10blast sent out Yamnigga (<strong>Yanmega</strong>)!<br></div><div class="spacer battle-history"><br></div><h2 class="battle-history">Turn 31</h2><div class="chat chatmessage-shinyspark"><strong style="color:hsl(359,56%,48.99979925249138%)"><small>☆</small><span class="username" data-name="ShinySpark">ShinySpark</span>:</strong> <em>The curse of Stall</em></div><div class="spacer battle-history"><br></div><div class="battle-history">The opposing Yamnigga used <strong>Air Slash</strong>!<br></div><div class="battle-history"><small>(Lucario lost <abbr title="−115/281">40.9%</abbr> of its health!)</small><br></div><div class="spacer battle-history"><br></div><div class="battle-history">Lucario fainted!<br></div><div class="spacer battle-history"><br></div><div class="battle-history">Go! Golden Nugget (<strong>Forretress</strong>)!<br></div><div class="battle-history"><small>Pointed stones dug into Golden Nugget!</small><br></div><div class="spacer battle-history"><br></div><h2 class="battle-history">Turn 32</h2><div class="chat chatmessage-shinyspark"><strong style="color:hsl(359,56%,48.99979925249138%)"><small>☆</small><span class="username" data-name="ShinySpark">ShinySpark</span>:</strong> <em>Gg</em></div><div class="chat chatmessage-10blast"><strong style="color:hsl(159,45%,45.164061557754884%)"><small>☆</small><span class="username" data-name="10blast">10blast</span>:</strong> <em>gotta run toxic on it</em></div><div class="chat chatmessage-10blast"><strong style="color:hsl(159,45%,45.164061557754884%)"><small>☆</small><span class="username" data-name="10blast">10blast</span>:</strong> <em>gg</em></div><div class="spacer battle-history"><br></div><div class="battle-history">The opposing Yamnigga used <strong>Air Slash</strong>!<br></div><div class="battle-history"><small>(Golden Nugget lost <abbr title="−85/354">24.0%</abbr> of its health!)</small><br></div><div class="spacer battle-history"><br></div><div class="battle-history">Golden Nugget fainted!<br></div><div class="spacer battle-history"><br></div><div class="battle-history"><strong>10blast</strong> won the battle!<br></div><div class="chat">ShinySpark's rating: 1189 → <strong>1168</strong><br>(-21 for losing)</div><div class="chat">10blast's rating: 1239 → <strong>1260</strong><br>(+21 for winning)</div><div class="chat"><small>ShinySpark left.</small></div></div><div class="inner-preempt"></div></div></div>
</div>
<script>
let daily = Math.floor(Date.now()/1000/60/60/24);document.write('<script src="https://play.pokemonshowdown.com/js/replay-embed.js?version'+daily+'"></'+'script>');
</script>
