<!DOCTYPE html>
<meta charset="utf-8" />
<!-- version 1 -->
<title>UU replay: der gaviols vs. Chrissseerrr</title>
<style>
html,body {font-family:Verdana, sans-serif;font-size:10pt;margin:0;padding:0;}body{padding:12px 0;} .battle-log {font-family:Verdana, sans-serif;font-size:10pt;} .battle-log-inline {border:1px solid #AAAAAA;background:#EEF2F5;color:black;max-width:640px;margin:0 auto 80px;padding-bottom:5px;} .battle-log .inner {padding:4px 8px 0px 8px;} .battle-log .inner-preempt {padding:0 8px 4px 8px;} .battle-log .inner-after {margin-top:0.5em;} .battle-log h2 {margin:0.5em -8px;padding:4px 8px;border:1px solid #AAAAAA;background:#E0E7EA;border-left:0;border-right:0;font-family:Verdana, sans-serif;font-size:13pt;} .battle-log .chat {vertical-align:middle;padding:3px 0 3px 0;font-size:8pt;} .battle-log .chat strong {color:#40576A;} .battle-log .chat em {padding:1px 4px 1px 3px;color:#000000;font-style:normal;} .chat.mine {background:rgba(0,0,0,0.05);margin-left:-8px;margin-right:-8px;padding-left:8px;padding-right:8px;} .spoiler {color:#BBBBBB;background:#BBBBBB;padding:0px 3px;} .spoiler:hover, .spoiler:active, .spoiler-shown {color:#000000;background:#E2E2E2;padding:0px 3px;} .spoiler a {color:#BBBBBB;} .spoiler:hover a, .spoiler:active a, .spoiler-shown a {color:#2288CC;} .chat code, .chat .spoiler:hover code, .chat .spoiler:active code, .chat .spoiler-shown code {border:1px solid #C0C0C0;background:#EEEEEE;color:black;padding:0 2px;} .chat .spoiler code {border:1px solid #CCCCCC;background:#CCCCCC;color:#CCCCCC;} .battle-log .rated {padding:3px 4px;} .battle-log .rated strong {color:white;background:#89A;padding:1px 4px;border-radius:4px;} .spacer {margin-top:0.5em;} .message-announce {background:#6688AA;color:white;padding:1px 4px 2px;} .message-announce a, .broadcast-green a, .broadcast-blue a, .broadcast-red a {color:#DDEEFF;} .broadcast-green {background-color:#559955;color:white;padding:2px 4px;} .broadcast-blue {background-color:#6688AA;color:white;padding:2px 4px;} .infobox {border:1px solid #6688AA;padding:2px 4px;} .infobox-limited {max-height:200px;overflow:auto;overflow-x:hidden;} .broadcast-red {background-color:#AA5544;color:white;padding:2px 4px;} .message-learn-canlearn {font-weight:bold;color:#228822;text-decoration:underline;} .message-learn-cannotlearn {font-weight:bold;color:#CC2222;text-decoration:underline;} .message-effect-weak {font-weight:bold;color:#CC2222;} .message-effect-resist {font-weight:bold;color:#6688AA;} .message-effect-immune {font-weight:bold;color:#666666;} .message-learn-list {margin-top:0;margin-bottom:0;} .message-throttle-notice, .message-error {color:#992222;} .message-overflow, .chat small.message-overflow {font-size:0pt;} .message-overflow::before {font-size:9pt;content:'...';} .subtle {color:#3A4A66;}
</style>
<div class="wrapper replay-wrapper" style="max-width:1180px;margin:0 auto">
<input type="hidden" name="replayid" value="uu-541847214" />
<div class="battle"></div><div class="battle-log"></div><div class="replay-controls"></div><div class="replay-controls-2"></div>
<h1 style="font-weight:normal;text-align:center"><strong>UU</strong><br /><a href="http://pokemonshowdown.com/users/dergaviols" class="subtle" target="_blank">der gaviols</a> vs. <a href="http://pokemonshowdown.com/users/chrissseerrr" class="subtle" target="_blank">Chrissseerrr</a></h1>
<script type="text/plain" class="battle-log-data">|j|der gaviols
|j|Chrissseerrr
|player|p1|der gaviols|165
|player|p2|Chrissseerrr|64
|gametype|singles
|gen|6
|tier|UU
|rated
|seed|42668,33744,51566,20423
|rule|Sleep Clause Mod: Limit one foe put to sleep
|rule|Species Clause: Limit one of each Pokémon
|rule|OHKO Clause: OHKO moves are banned
|rule|Moody Clause: Moody is banned
|rule|Evasion Moves Clause: Evasion moves are banned
|rule|Endless Battle Clause: Forcing endless battles is banned
|rule|HP Percentage Mod: HP is shown in percentages
|clearpoke
|poke|p1|Aggron, M|item
|poke|p1|Mismagius, F|item
|poke|p1|Arcanine, M|item
|poke|p1|Celebi|item
|poke|p1|Blastoise, M|item
|poke|p1|Swellow, M|item
|poke|p2|Florges, F|item
|poke|p2|Rotom-Fan|item
|poke|p2|Aggron, F|item
|poke|p2|Ursaring, F|item
|poke|p2|Shedinja|item
|poke|p2|Sneasel, F|item
|rule|Swagger Clause: Swagger is banned
|rule|Baton Pass Clause: Limit one Baton Passer, can't pass Spe and other stats simultaneously
|teampreview
|choice|team 6, team 2, team 3, team 4, team 5, team 1|team 6, team 2, team 3, team 4, team 5, team 1
|
|start
|switch|p1a: Swellow|Swellow, M|261\/261
|switch|p2a: Sneasel|Sneasel, F|252\/252
|turn|1
|choice|move heatwave|move fakeout
|
|move|p2a: Sneasel|Fake Out|p1a: Swellow
|-damage|p1a: Swellow|201\/261
|cant|p1a: Swellow|flinch
|
|upkeep
|turn|2
|choice|move heatwave|move beatup
|
|move|p1a: Swellow|Heat Wave|p2a: Sneasel
|-supereffective|p2a: Sneasel
|-damage|p2a: Sneasel|8\/252
|move|p2a: Sneasel|Beat Up|p1a: Swellow
|-damage|p1a: Swellow|170\/261
|-damage|p1a: Swellow|143\/261
|-damage|p1a: Swellow|106\/261
|-damage|p1a: Swellow|66\/261
|-damage|p1a: Swellow|35\/261
|-damage|p1a: Swellow|8\/261
|-hitcount|p1a: Swellow|6
|
|upkeep
|turn|3
|choice|switch 3|switch 6
|
|switch|p1a: Arcanine|Arcanine, M|321\/321
|switch|p2a: Florges|Florges, F|360\/360
|
|upkeep
|turn|4
|choice|move extremespeed|move toxic
|
|move|p1a: Arcanine|Extreme Speed|p2a: Florges
|-damage|p2a: Florges|214\/360
|-damage|p1a: Arcanine|289\/321|[from] item: Life Orb
|move|p2a: Florges|Toxic|p1a: Arcanine
|-status|p1a: Arcanine|tox
|
|-heal|p2a: Florges|236\/360|[from] item: Leftovers
|-damage|p1a: Arcanine|269\/321 tox|[from] psn
|upkeep
|turn|5
|choice|switch 6|move wish
|
|switch|p1a: Aggron|Aggron, M|281\/281
|move|p2a: Florges|Wish|p2a: Florges
|
|-heal|p2a: Florges|258\/360|[from] item: Leftovers
|upkeep
|turn|6
|choice|move ironhead mega|switch 6
|
|switch|p2a: Sneasel|Sneasel, F|8\/252
|detailschange|p1a: Aggron|Aggron-Mega, M
|-mega|p1a: Aggron|Aggron|Aggronite
|move|p1a: Aggron|Iron Head|p2a: Sneasel
|-supereffective|p2a: Sneasel
|-damage|p2a: Sneasel|0 fnt
|faint|p2a: Sneasel
|
|upkeep
|choice||switch 4
|
|switch|p2a: Ursaring|Ursaring, F|384\/384
|turn|7
|choice|switch 5|move swordsdance
|
|switch|p1a: Blastoise|Blastoise, M|362\/362
|move|p2a: Ursaring|Swords Dance|p2a: Ursaring
|-boost|p2a: Ursaring|atk|2
|
|-status|p2a: Ursaring|tox|[from] item: Toxic Orb
|upkeep
|turn|8
|choice|switch 2|move facade
|
|switch|p1a: Mismagius|Mismagius, F|261\/261
|move|p2a: Ursaring|Facade|p1a: Mismagius
|-immune|p1a: Mismagius|[msg]
|
|-damage|p2a: Ursaring|360\/384 tox|[from] psn
|upkeep
|turn|9
|choice|move shadowball|move nightslash
|
|move|p1a: Mismagius|Shadow Ball|p2a: Ursaring
|-immune|p2a: Ursaring|[msg]
|move|p2a: Ursaring|Night Slash|p1a: Mismagius
|-supereffective|p1a: Mismagius
|-crit|p1a: Mismagius
|-enditem|p1a: Mismagius|Focus Sash
|-damage|p1a: Mismagius|1\/261
|
|-damage|p2a: Ursaring|312\/384 tox|[from] psn
|upkeep
|turn|10
|choice|move destinybond|move nightslash
|
|move|p2a: Ursaring|Night Slash|p1a: Mismagius
|-supereffective|p1a: Mismagius
|-crit|p1a: Mismagius
|-damage|p1a: Mismagius|0 fnt
|faint|p1a: Mismagius
|
|-damage|p2a: Ursaring|240\/384 tox|[from] psn
|upkeep
|choice|switch 6|
|
|switch|p1a: Arcanine|Arcanine, M|269\/321 tox
|turn|11
|choice|move closecombat|move facade
|
|move|p2a: Ursaring|Facade|p1a: Arcanine
|-damage|p1a: Arcanine|0 fnt
|faint|p1a: Arcanine
|
|-damage|p2a: Ursaring|144\/384 tox|[from] psn
|upkeep
|choice|switch 5|
|
|switch|p1a: Aggron|Aggron-Mega, M|281\/281
|turn|12
|j|Sweet snow
|choice|move ironhead|move closecombat
|
|move|p2a: Ursaring|Close Combat|p1a: Aggron
|-supereffective|p1a: Aggron
|-damage|p1a: Aggron|119\/281
|-unboost|p2a: Ursaring|def|1
|-unboost|p2a: Ursaring|spd|1
|move|p1a: Aggron|Iron Head|p2a: Ursaring
|-damage|p2a: Ursaring|0 fnt
|faint|p2a: Ursaring
|
|upkeep
|l|Sweet snow
|choice||switch 2
|
|switch|p2a: Rotom|Rotom-Fan|304\/304
|turn|13
|choice|move icepunch|move airslash
|
|move|p2a: Rotom|Air Slash|p1a: Aggron
|-resisted|p1a: Aggron
|-crit|p1a: Aggron
|-damage|p1a: Aggron|21\/281
|cant|p1a: Aggron|flinch
|
|upkeep
|turn|14
|choice|switch 2|move airslash
|
|switch|p1a: Blastoise|Blastoise, M|362\/362
|move|p2a: Rotom|Air Slash|p1a: Blastoise
|-damage|p1a: Blastoise|304\/362
|
|upkeep
|turn|15
|choice|move icebeam|switch 3
|
|switch|p2a: Aggron|Aggron, F|344\/344
|move|p1a: Blastoise|Ice Beam|p2a: Aggron
|-resisted|p2a: Aggron
|-crit|p2a: Aggron
|-damage|p2a: Aggron|271\/344
|
|upkeep
|turn|16
|choice|move scald|move toxic mega
|
|detailschange|p2a: Aggron|Aggron-Mega, F
|-mega|p2a: Aggron|Aggron|Aggronite
|move|p1a: Blastoise|Scald|p2a: Aggron
|-damage|p2a: Aggron|168\/344
|move|p2a: Aggron|Toxic|p1a: Blastoise
|-status|p1a: Blastoise|tox
|
|-damage|p1a: Blastoise|282\/362 tox|[from] psn
|upkeep
|turn|17
|choice|switch 4|move rest
|
|switch|p1a: Celebi|Celebi|404\/404
|move|p2a: Aggron|Rest|p2a: Aggron
|-status|p2a: Aggron|slp
|-heal|p2a: Aggron|344\/344 slp|[silent]
|-status|p2a: Aggron|slp|[from] move: Rest
|
|upkeep
|turn|18
|choice|move healbell|move sleeptalk
|
|move|p1a: Celebi|Heal Bell|p1a: Celebi
|-activate|p1a: Celebi|move: Heal Bell
|-curestatus|p1: Blastoise|tox|[msg]
|cant|p2a: Aggron|slp
|move|p2a: Aggron|Sleep Talk|p2a: Aggron
|move|p2a: Aggron|Heavy Slam|p1a: Celebi|[from]Sleep Talk
|-damage|p1a: Celebi|226\/404
|
|-heal|p1a: Celebi|251\/404|[from] item: Leftovers
|upkeep
|turn|19
|choice|switch 3|move sleeptalk
|
|switch|p1a: Swellow|Swellow, M|8\/261
|cant|p2a: Aggron|slp
|move|p2a: Aggron|Sleep Talk|p2a: Aggron
|move|p2a: Aggron|Toxic|p1a: Swellow|[from]Sleep Talk
|-status|p1a: Swellow|tox
|
|-damage|p1a: Swellow|0 fnt|[from] psn
|upkeep
|faint|p1a: Swellow
|choice|switch 4|
|
|switch|p1a: Blastoise|Blastoise, M|282\/362
|turn|20
|choice|move scald|move toxic
|
|move|p1a: Blastoise|Scald|p2a: Aggron
|-damage|p2a: Aggron|253\/344 slp
|-curestatus|p2a: Aggron|slp|[msg]
|move|p2a: Aggron|Toxic|p1a: Blastoise|[miss]
|-miss|p2a: Aggron|p1a: Blastoise
|
|upkeep
|turn|21
|choice|move scald|switch 6
|
|switch|p2a: Florges|Florges, F|258\/360
|move|p1a: Blastoise|Scald|p2a: Florges
|-damage|p2a: Florges|215\/360
|
|-heal|p2a: Florges|237\/360|[from] item: Leftovers
|upkeep
|turn|22
|choice|move scald|move wish
|
|move|p1a: Blastoise|Scald|p2a: Florges
|-damage|p2a: Florges|192\/360
|move|p2a: Florges|Wish|p2a: Florges
|
|-heal|p2a: Florges|214\/360|[from] item: Leftovers
|upkeep
|turn|23
|choice|move scald|move protect
|
|move|p2a: Florges|Protect|p2a: Florges
|-singleturn|p2a: Florges|Protect
|move|p1a: Blastoise|Scald|p2a: Florges
|-activate|p2a: Florges|move: Protect
|
|-heal|p2a: Florges|360\/360|[from] move: Wish|[wisher] Florges
|upkeep
|turn|24
|choice|move mirrorcoat|move toxic
|
|move|p2a: Florges|Toxic|p1a: Blastoise
|-status|p1a: Blastoise|tox
|move|p1a: Blastoise|Mirror Coat|p2a: Florges
|-fail|p2a: Florges
|
|-damage|p1a: Blastoise|260\/362 tox|[from] psn
|upkeep
|turn|25
|choice|move scald|move wish
|
|move|p1a: Blastoise|Scald|p2a: Florges
|-crit|p2a: Florges
|-damage|p2a: Florges|291\/360
|move|p2a: Florges|Wish|p2a: Florges
|
|-heal|p2a: Florges|313\/360|[from] item: Leftovers
|-damage|p1a: Blastoise|216\/362 tox|[from] psn
|upkeep
|turn|26
|choice|move mirrorcoat|switch 6
|
|switch|p2a: Aggron|Aggron-Mega, F|253\/344
|move|p1a: Blastoise|Mirror Coat|p2a: Aggron
|-fail|p2a: Aggron
|
|-heal|p2a: Aggron|344\/344|[from] move: Wish|[wisher] Florges
|-damage|p1a: Blastoise|150\/362 tox|[from] psn
|upkeep
|turn|27
|choice|move scald|move toxic
|
|move|p1a: Blastoise|Scald|p2a: Aggron
|-damage|p2a: Aggron|248\/344
|-status|p2a: Aggron|brn
|move|p2a: Aggron|Toxic|p1a: Blastoise|[miss]
|-miss|p2a: Aggron|p1a: Blastoise
|
|-damage|p1a: Blastoise|62\/362 tox|[from] psn
|-damage|p2a: Aggron|205\/344 brn|[from] brn
|upkeep
|turn|28
|choice|switch 3|move rest
|
|switch|p1a: Celebi|Celebi|251\/404
|move|p2a: Aggron|Rest|p2a: Aggron
|-status|p2a: Aggron|slp
|-heal|p2a: Aggron|344\/344 slp|[silent]
|-status|p2a: Aggron|slp|[from] move: Rest
|
|-heal|p1a: Celebi|276\/404|[from] item: Leftovers
|upkeep
|turn|29
|choice|move psychic|switch 3
|
|switch|p2a: Rotom|Rotom-Fan|304\/304
|move|p1a: Celebi|Psychic|p2a: Rotom
|-damage|p2a: Rotom|207\/304
|
|-heal|p1a: Celebi|301\/404|[from] item: Leftovers
|upkeep
|turn|30
|choice|move gigadrain|move voltswitch
|
|move|p2a: Rotom|Volt Switch|p1a: Celebi
|-resisted|p1a: Celebi
|-damage|p1a: Celebi|264\/404
|choice||switch 5
|
|switch|p2a: Shedinja|Shedinja|1\/1
|move|p1a: Celebi|Giga Drain|p2a: Shedinja
|-immune|p2a: Shedinja|[msg]|[from] ability: Wonder Guard
|
|-heal|p1a: Celebi|289\/404|[from] item: Leftovers
|upkeep
|turn|31
|choice|move psychic|move endure
|
|move|p2a: Shedinja|Endure|p2a: Shedinja
|-singleturn|p2a: Shedinja|move: Endure
|move|p1a: Celebi|Psychic|p2a: Shedinja
|-immune|p2a: Shedinja|[msg]|[from] ability: Wonder Guard
|
|-heal|p1a: Celebi|314\/404|[from] item: Leftovers
|upkeep
|turn|32
|choice|move healbell|move honeclaws
|
|move|p1a: Celebi|Heal Bell|p1a: Celebi
|-activate|p1a: Celebi|move: Heal Bell
|-curestatus|p1: Blastoise|tox|[msg]
|move|p2a: Shedinja|Hone Claws|p2a: Shedinja
|-boost|p2a: Shedinja|atk|1
|-boost|p2a: Shedinja|accuracy|1
|
|-heal|p1a: Celebi|339\/404|[from] item: Leftovers
|upkeep
|turn|33
|choice|switch 2|move xscissor
|
|switch|p1a: Aggron|Aggron-Mega, M|21\/281
|move|p2a: Shedinja|X-Scissor|p1a: Aggron
|-resisted|p1a: Aggron
|-damage|p1a: Aggron|0 fnt
|faint|p1a: Aggron
|
|upkeep
|choice|switch 3|
|
|switch|p1a: Blastoise|Blastoise, M|62\/362
|turn|34
|choice|move scald|move endure
|
|move|p2a: Shedinja|Endure|p2a: Shedinja
|-singleturn|p2a: Shedinja|move: Endure
|move|p1a: Blastoise|Scald|p2a: Shedinja
|-immune|p2a: Shedinja|[msg]|[from] ability: Wonder Guard
|
|upkeep
|turn|35
|choice|move mirrorcoat|move honeclaws
|
|move|p2a: Shedinja|Hone Claws|p2a: Shedinja
|-boost|p2a: Shedinja|atk|1
|-boost|p2a: Shedinja|accuracy|1
|move|p1a: Blastoise|Mirror Coat|p2a: Shedinja
|-immune|p2a: Shedinja|[msg]|[from] ability: Wonder Guard
|
|upkeep
|turn|36
|choice|switch 2|move xscissor
|
|switch|p1a: Celebi|Celebi|339\/404
|move|p2a: Shedinja|X-Scissor|p1a: Celebi
|-supereffective|p1a: Celebi
|-damage|p1a: Celebi|0 fnt
|faint|p1a: Celebi
|
|upkeep
|choice|switch 2|
|
|switch|p1a: Blastoise|Blastoise, M|62\/362
|turn|37
|choice|move rapidspin|move shadowsneak
|
|move|p2a: Shedinja|Shadow Sneak|p1a: Blastoise
|-damage|p1a: Blastoise|0 fnt
|faint|p1a: Blastoise
|
|win|Chrissseerrr
|player|p1
|player|p2</script>
</div>
<div class="battle-log battle-log-inline"><div class="inner"><div class="battle-options"></div><div class="inner"><div class="chat"><small>der gaviols joined.</small></div><div class="chat"><small>Chrissseerrr joined.</small></div><div class=""><small>Format:</small> <br><strong>UU</strong></div><div class="rated"><strong>Rated battle</strong></div><div class=""><small><em>Sleep Clause Mod:</em> Limit one foe put to sleep</small></div><div class=""><small><em>Species Clause:</em> Limit one of each Pokémon</small></div><div class=""><small><em>OHKO Clause:</em> OHKO moves are banned</small></div><div class=""><small><em>Moody Clause:</em> Moody is banned</small></div><div class=""><small><em>Evasion Moves Clause:</em> Evasion moves are banned</small></div><div class=""><small><em>Endless Battle Clause:</em> Forcing endless battles is banned</small></div><div class=""><small><em>HP Percentage Mod:</em> HP is shown in percentages</small></div><div class=""><small><em>Swagger Clause:</em> Swagger is banned</small></div><div class=""><small><em>Baton Pass Clause:</em> Limit one Baton Passer, can't pass Spe and other stats simultaneously</small></div><div class="chat battle-history"><strong>der gaviols's team:</strong> <em style="color:#445566;display:block;">Aggron / Mismagius / Arcanine / Celebi / Blastoise / Swellow</em></div><div class="chat battle-history"><strong>Chrissseerrr's team:</strong> <em style="color:#445566;display:block;">Florges / Rotom-Fan / Aggron / Ursaring / Shedinja / Sneasel</em></div><div class="spacer battle-history"><br></div><div class="battle-history">Battle started between der gaviols and Chrissseerrr!<br></div><div class="spacer battle-history"><br></div><div class="battle-history">Go! <strong>Swellow</strong>!<br></div><div class="spacer battle-history"><br></div><div class="battle-history">Chrissseerrr sent out <strong>Sneasel</strong>!<br></div><div class="spacer battle-history"><br></div><h2 class="battle-history">Turn 1</h2><div class="spacer battle-history"><br></div><div class="battle-history">The opposing Sneasel used <strong>Fake Out</strong>!<br></div><div class="battle-history"><small>(Swellow lost <abbr title="−60/261">23.0%</abbr> of its health!)</small><br></div><div class="spacer battle-history"><br></div><div class="battle-history">Swellow flinched and couldn't move!<br></div><div class="spacer battle-history"><br></div><h2 class="battle-history">Turn 2</h2><div class="spacer battle-history"><br></div><div class="battle-history">Swellow used <strong>Heat Wave</strong>!<br></div><div class="battle-history"><small>It's super effective!</small><br></div><div class="battle-history"><small>(The opposing Sneasel lost <abbr title="−244/252">96.8%</abbr> of its health!)</small><br></div><div class="spacer battle-history"><br></div><div class="battle-history">The opposing Sneasel used <strong>Beat Up</strong>!<br></div><div class="battle-history"><small>(Swellow lost <abbr title="−31/261">11.9%</abbr> of its health!)</small><br></div><div class="battle-history"><small>(Swellow lost <abbr title="−27/261">10.3%</abbr> of its health!)</small><br></div><div class="battle-history"><small>(Swellow lost <abbr title="−37/261">14.2%</abbr> of its health!)</small><br></div><div class="battle-history"><small>(Swellow lost <abbr title="−40/261">15.3%</abbr> of its health!)</small><br></div><div class="battle-history"><small>(Swellow lost <abbr title="−31/261">11.9%</abbr> of its health!)</small><br></div><div class="battle-history"><small>(Swellow lost <abbr title="−27/261">10.3%</abbr> of its health!)</small><br></div><div class="battle-history"><small>Hit 6 times!</small><br></div><div class="spacer battle-history"><br></div><h2 class="battle-history">Turn 3</h2><div class="spacer battle-history"><br></div><div class="battle-history">Swellow, come back!<br></div><div class="battle-history">Go! <strong>Arcanine</strong>!<br></div><div class="spacer battle-history"><br></div><div class="battle-history">Chrissseerrr withdrew Sneasel!<br></div><div class="battle-history">Chrissseerrr sent out <strong>Florges</strong>!<br></div><div class="spacer battle-history"><br></div><h2 class="battle-history">Turn 4</h2><div class="spacer battle-history"><br></div><div class="battle-history">Arcanine used <strong>Extreme Speed</strong>!<br></div><div class="battle-history"><small>(The opposing Florges lost <abbr title="−146/360">40.6%</abbr> of its health!)</small><br></div><div class="battle-history"><small>Arcanine lost some of its HP!</small><br></div><div class="spacer battle-history"><br></div><div class="battle-history">The opposing Florges used <strong>Toxic</strong>!<br></div><div class="battle-history"><small>Arcanine was badly poisoned!</small><br></div><div class="spacer battle-history"><br></div><div class="battle-history"><small>The opposing Florges restored a little HP using its Leftovers!</small><br></div><div class="battle-history"><small>Arcanine was hurt by poison!</small><br></div><div class="spacer battle-history"><br></div><h2 class="battle-history">Turn 5</h2><div class="spacer battle-history"><br></div><div class="battle-history">Arcanine, come back!<br></div><div class="battle-history">Go! <strong>Aggron</strong>!<br></div><div class="spacer battle-history"><br></div><div class="battle-history">The opposing Florges used <strong>Wish</strong>!<br></div><div class="spacer battle-history"><br></div><div class="battle-history"><small>The opposing Florges restored a little HP using its Leftovers!</small><br></div><div class="spacer battle-history"><br></div><h2 class="battle-history">Turn 6</h2><div class="spacer battle-history"><br></div><div class="battle-history">Chrissseerrr withdrew Florges!<br></div><div class="battle-history">Chrissseerrr sent out <strong>Sneasel</strong>!<br></div><div class="spacer battle-history"><br></div><div class="battle-history"><small>Aggron's Aggronite is reacting to der gaviols's Mega Bracelet!</small><br>Aggron has Mega Evolved into Mega Aggron!<br></div><div class="spacer battle-history"><br></div><div class="battle-history">Aggron used <strong>Iron Head</strong>!<br></div><div class="battle-history"><small>It's super effective!</small><br></div><div class="battle-history"><small>(The opposing Sneasel lost <abbr title="−8/252">3.2%</abbr> of its health!)</small><br></div><div class="spacer battle-history"><br></div><div class="battle-history">The opposing Sneasel fainted!<br></div><div class="spacer battle-history"><br></div><div class="battle-history">Chrissseerrr sent out <strong>Ursaring</strong>!<br></div><div class="spacer battle-history"><br></div><h2 class="battle-history">Turn 7</h2><div class="spacer battle-history"><br></div><div class="battle-history">Aggron, come back!<br></div><div class="battle-history">Go! <strong>Blastoise</strong>!<br></div><div class="spacer battle-history"><br></div><div class="battle-history">The opposing Ursaring used <strong>Swords Dance</strong>!<br></div><div class="battle-history"><small>The opposing Ursaring's Attack rose sharply!</small><br></div><div class="spacer battle-history"><br></div><div class="battle-history"><small>The opposing Ursaring was badly poisoned!</small><br></div><div class="spacer battle-history"><br></div><h2 class="battle-history">Turn 8</h2><div class="spacer battle-history"><br></div><div class="battle-history">Blastoise, come back!<br></div><div class="battle-history">Go! <strong>Mismagius</strong>!<br></div><div class="spacer battle-history"><br></div><div class="battle-history">The opposing Ursaring used <strong>Facade</strong>!<br></div><div class="battle-history"><small>It doesn't affect Mismagius...</small><br></div><div class="spacer battle-history"><br></div><div class="battle-history"><small>The opposing Ursaring was hurt by poison!</small><br></div><div class="spacer battle-history"><br></div><h2 class="battle-history">Turn 9</h2><div class="spacer battle-history"><br></div><div class="battle-history">Mismagius used <strong>Shadow Ball</strong>!<br></div><div class="battle-history"><small>It doesn't affect the opposing Ursaring...</small><br></div><div class="spacer battle-history"><br></div><div class="battle-history">The opposing Ursaring used <strong>Night Slash</strong>!<br></div><div class="battle-history"><small>It's super effective!</small><br></div><div class="battle-history"><small>A critical hit!</small><br></div><div class="battle-history"><small>Mismagius hung on using its Focus Sash!</small><br></div><div class="battle-history"><small>(Mismagius lost <abbr title="−260/261">99.6%</abbr> of its health!)</small><br></div><div class="spacer battle-history"><br></div><div class="battle-history"><small>The opposing Ursaring was hurt by poison!</small><br></div><div class="spacer battle-history"><br></div><h2 class="battle-history">Turn 10</h2><div class="spacer battle-history"><br></div><div class="battle-history">The opposing Ursaring used <strong>Night Slash</strong>!<br></div><div class="battle-history"><small>It's super effective!</small><br></div><div class="battle-history"><small>A critical hit!</small><br></div><div class="battle-history"><small>(Mismagius lost <abbr title="−1/261">0.4%</abbr> of its health!)</small><br></div><div class="spacer battle-history"><br></div><div class="battle-history">Mismagius fainted!<br></div><div class="spacer battle-history"><br></div><div class="battle-history"><small>The opposing Ursaring was hurt by poison!</small><br></div><div class="spacer battle-history"><br></div><div class="battle-history">Go! <strong>Arcanine</strong>!<br></div><div class="spacer battle-history"><br></div><h2 class="battle-history">Turn 11</h2><div class="spacer battle-history"><br></div><div class="battle-history">The opposing Ursaring used <strong>Facade</strong>!<br></div><div class="battle-history"><small>(Arcanine lost <abbr title="−269/321">83.8%</abbr> of its health!)</small><br></div><div class="spacer battle-history"><br></div><div class="battle-history">Arcanine fainted!<br></div><div class="spacer battle-history"><br></div><div class="battle-history"><small>The opposing Ursaring was hurt by poison!</small><br></div><div class="spacer battle-history"><br></div><div class="battle-history">Go! Aggron (<strong>Aggron-Mega</strong>)!<br></div><div class="spacer battle-history"><br></div><h2 class="battle-history">Turn 12</h2><div class="chat"><small>Sweet snow joined.</small></div><div class="spacer battle-history"><br></div><div class="battle-history">The opposing Ursaring used <strong>Close Combat</strong>!<br></div><div class="battle-history"><small>It's super effective!</small><br></div><div class="battle-history"><small>(Aggron lost <abbr title="−162/281">57.7%</abbr> of its health!)</small><br></div><div class="battle-history"><small>The opposing Ursaring's Defense fell!</small><br></div><div class="battle-history"><small>The opposing Ursaring's Special Defense fell!</small><br></div><div class="spacer battle-history"><br></div><div class="battle-history">Aggron used <strong>Iron Head</strong>!<br></div><div class="battle-history"><small>(The opposing Ursaring lost <abbr title="−144/384">37.5%</abbr> of its health!)</small><br></div><div class="spacer battle-history"><br></div><div class="battle-history">The opposing Ursaring fainted!<br></div><div class="chat"><small>Sweet snow left.</small></div><div class="spacer battle-history"><br></div><div class="battle-history">Chrissseerrr sent out Rotom (<strong>Rotom-Fan</strong>)!<br></div><div class="spacer battle-history"><br></div><h2 class="battle-history">Turn 13</h2><div class="spacer battle-history"><br></div><div class="battle-history">The opposing Rotom used <strong>Air Slash</strong>!<br></div><div class="battle-history"><small>It's not very effective...</small><br></div><div class="battle-history"><small>A critical hit!</small><br></div><div class="battle-history"><small>(Aggron lost <abbr title="−98/281">34.9%</abbr> of its health!)</small><br></div><div class="spacer battle-history"><br></div><div class="battle-history">Aggron flinched and couldn't move!<br></div><div class="spacer battle-history"><br></div><h2 class="battle-history">Turn 14</h2><div class="spacer battle-history"><br></div><div class="battle-history">Aggron, come back!<br></div><div class="battle-history">Go! <strong>Blastoise</strong>!<br></div><div class="spacer battle-history"><br></div><div class="battle-history">The opposing Rotom used <strong>Air Slash</strong>!<br></div><div class="battle-history"><small>(Blastoise lost <abbr title="−58/362">16.0%</abbr> of its health!)</small><br></div><div class="spacer battle-history"><br></div><h2 class="battle-history">Turn 15</h2><div class="spacer battle-history"><br></div><div class="battle-history">Chrissseerrr withdrew Rotom!<br></div><div class="battle-history">Chrissseerrr sent out <strong>Aggron</strong>!<br></div><div class="spacer battle-history"><br></div><div class="battle-history">Blastoise used <strong>Ice Beam</strong>!<br></div><div class="battle-history"><small>It's not very effective...</small><br></div><div class="battle-history"><small>A critical hit!</small><br></div><div class="battle-history"><small>(The opposing Aggron lost <abbr title="−73/344">21.2%</abbr> of its health!)</small><br></div><div class="spacer battle-history"><br></div><h2 class="battle-history">Turn 16</h2><div class="spacer battle-history"><br></div><div class="battle-history"><small>The opposing Aggron's Aggronite is reacting to Chrissseerrr's Mega Bracelet!</small><br>The opposing Aggron has Mega Evolved into Mega Aggron!<br></div><div class="spacer battle-history"><br></div><div class="battle-history">Blastoise used <strong>Scald</strong>!<br></div><div class="battle-history"><small>(The opposing Aggron lost <abbr title="−103/344">29.9%</abbr> of its health!)</small><br></div><div class="spacer battle-history"><br></div><div class="battle-history">The opposing Aggron used <strong>Toxic</strong>!<br></div><div class="battle-history"><small>Blastoise was badly poisoned!</small><br></div><div class="spacer battle-history"><br></div><div class="battle-history"><small>Blastoise was hurt by poison!</small><br></div><div class="spacer battle-history"><br></div><h2 class="battle-history">Turn 17</h2><div class="spacer battle-history"><br></div><div class="battle-history">Blastoise, come back!<br></div><div class="battle-history">Go! <strong>Celebi</strong>!<br></div><div class="spacer battle-history"><br></div><div class="battle-history">The opposing Aggron used <strong>Rest</strong>!<br></div><div class="battle-history"><small>The opposing Aggron fell asleep!</small><br></div><div class="battle-history"><small>The opposing Aggron slept and became healthy!</small><br></div><div class="spacer battle-history"><br></div><h2 class="battle-history">Turn 18</h2><div class="spacer battle-history"><br></div><div class="battle-history">Celebi used <strong>Heal Bell</strong>!<br></div><div class="battle-history"><small>A bell chimed!</small><br></div><div class="battle-history"><small>Blastoise was cured of its poisoning.</small><br></div><div class="spacer battle-history"><br></div><div class="battle-history">The opposing Aggron is fast asleep.<br></div><div class="spacer battle-history"><br></div><div class="battle-history">The opposing Aggron used <strong>Sleep Talk</strong>!<br></div><div class="spacer battle-history"><br></div><div class="battle-history">The opposing Aggron used <strong>Heavy Slam</strong>!<br></div><div class="battle-history"><small>(Celebi lost <abbr title="−178/404">44.1%</abbr> of its health!)</small><br></div><div class="spacer battle-history"><br></div><div class="battle-history"><small>Celebi restored a little HP using its Leftovers!</small><br></div><div class="spacer battle-history"><br></div><h2 class="battle-history">Turn 19</h2><div class="spacer battle-history"><br></div><div class="battle-history">Celebi, come back!<br></div><div class="battle-history">Go! <strong>Swellow</strong>!<br></div><div class="spacer battle-history"><br></div><div class="battle-history">The opposing Aggron is fast asleep.<br></div><div class="spacer battle-history"><br></div><div class="battle-history">The opposing Aggron used <strong>Sleep Talk</strong>!<br></div><div class="spacer battle-history"><br></div><div class="battle-history">The opposing Aggron used <strong>Toxic</strong>!<br></div><div class="battle-history"><small>Swellow was badly poisoned!</small><br></div><div class="spacer battle-history"><br></div><div class="battle-history"><small>Swellow was hurt by poison!</small><br></div><div class="spacer battle-history"><br></div><div class="battle-history">Swellow fainted!<br></div><div class="spacer battle-history"><br></div><div class="battle-history">Go! <strong>Blastoise</strong>!<br></div><div class="spacer battle-history"><br></div><h2 class="battle-history">Turn 20</h2><div class="spacer battle-history"><br></div><div class="battle-history">Blastoise used <strong>Scald</strong>!<br></div><div class="battle-history"><small>(The opposing Aggron lost <abbr title="−91/344">26.5%</abbr> of its health!)</small><br></div><div class="battle-history"><small>The opposing Aggron woke up!</small><br></div><div class="spacer battle-history"><br></div><div class="battle-history">The opposing Aggron used <strong>Toxic</strong>!<br></div><div class="battle-history"><small>Blastoise avoided the attack!</small><br></div><div class="spacer battle-history"><br></div><h2 class="battle-history">Turn 21</h2><div class="spacer battle-history"><br></div><div class="battle-history">Chrissseerrr withdrew Aggron!<br></div><div class="battle-history">Chrissseerrr sent out <strong>Florges</strong>!<br></div><div class="spacer battle-history"><br></div><div class="battle-history">Blastoise used <strong>Scald</strong>!<br></div><div class="battle-history"><small>(The opposing Florges lost <abbr title="−43/360">11.9%</abbr> of its health!)</small><br></div><div class="spacer battle-history"><br></div><div class="battle-history"><small>The opposing Florges restored a little HP using its Leftovers!</small><br></div><div class="spacer battle-history"><br></div><h2 class="battle-history">Turn 22</h2><div class="spacer battle-history"><br></div><div class="battle-history">Blastoise used <strong>Scald</strong>!<br></div><div class="battle-history"><small>(The opposing Florges lost <abbr title="−45/360">12.5%</abbr> of its health!)</small><br></div><div class="spacer battle-history"><br></div><div class="battle-history">The opposing Florges used <strong>Wish</strong>!<br></div><div class="spacer battle-history"><br></div><div class="battle-history"><small>The opposing Florges restored a little HP using its Leftovers!</small><br></div><div class="spacer battle-history"><br></div><h2 class="battle-history">Turn 23</h2><div class="spacer battle-history"><br></div><div class="battle-history">The opposing Florges used <strong>Protect</strong>!<br></div><div class="battle-history"><small>The opposing Florges protected itself!</small><br></div><div class="spacer battle-history"><br></div><div class="battle-history">Blastoise used <strong>Scald</strong>!<br></div><div class="battle-history"><small>The opposing Florges protected itself!</small><br></div><div class="spacer battle-history"><br></div><div class="battle-history"><small>Florges's wish came true!</small><br></div><div class="spacer battle-history"><br></div><h2 class="battle-history">Turn 24</h2><div class="spacer battle-history"><br></div><div class="battle-history">The opposing Florges used <strong>Toxic</strong>!<br></div><div class="battle-history"><small>Blastoise was badly poisoned!</small><br></div><div class="spacer battle-history"><br></div><div class="battle-history">Blastoise used <strong>Mirror Coat</strong>!<br></div><div class="battle-history"><small>But it failed!</small><br></div><div class="spacer battle-history"><br></div><div class="battle-history"><small>Blastoise was hurt by poison!</small><br></div><div class="spacer battle-history"><br></div><h2 class="battle-history">Turn 25</h2><div class="spacer battle-history"><br></div><div class="battle-history">Blastoise used <strong>Scald</strong>!<br></div><div class="battle-history"><small>A critical hit!</small><br></div><div class="battle-history"><small>(The opposing Florges lost <abbr title="−69/360">19.2%</abbr> of its health!)</small><br></div><div class="spacer battle-history"><br></div><div class="battle-history">The opposing Florges used <strong>Wish</strong>!<br></div><div class="spacer battle-history"><br></div><div class="battle-history"><small>The opposing Florges restored a little HP using its Leftovers!</small><br></div><div class="battle-history"><small>Blastoise was hurt by poison!</small><br></div><div class="spacer battle-history"><br></div><h2 class="battle-history">Turn 26</h2><div class="spacer battle-history"><br></div><div class="battle-history">Chrissseerrr withdrew Florges!<br></div><div class="battle-history">Chrissseerrr sent out Aggron (<strong>Aggron-Mega</strong>)!<br></div><div class="spacer battle-history"><br></div><div class="battle-history">Blastoise used <strong>Mirror Coat</strong>!<br></div><div class="battle-history"><small>But it failed!</small><br></div><div class="spacer battle-history"><br></div><div class="battle-history"><small>Florges's wish came true!</small><br></div><div class="battle-history"><small>Blastoise was hurt by poison!</small><br></div><div class="spacer battle-history"><br></div><h2 class="battle-history">Turn 27</h2><div class="spacer battle-history"><br></div><div class="battle-history">Blastoise used <strong>Scald</strong>!<br></div><div class="battle-history"><small>(The opposing Aggron lost <abbr title="−96/344">27.9%</abbr> of its health!)</small><br></div><div class="battle-history"><small>The opposing Aggron was burned!</small><br></div><div class="spacer battle-history"><br></div><div class="battle-history">The opposing Aggron used <strong>Toxic</strong>!<br></div><div class="battle-history"><small>Blastoise avoided the attack!</small><br></div><div class="spacer battle-history"><br></div><div class="battle-history"><small>Blastoise was hurt by poison!</small><br></div><div class="battle-history"><small>The opposing Aggron was hurt by its burn!</small><br></div><div class="spacer battle-history"><br></div><h2 class="battle-history">Turn 28</h2><div class="spacer battle-history"><br></div><div class="battle-history">Blastoise, come back!<br></div><div class="battle-history">Go! <strong>Celebi</strong>!<br></div><div class="spacer battle-history"><br></div><div class="battle-history">The opposing Aggron used <strong>Rest</strong>!<br></div><div class="battle-history"><small>The opposing Aggron fell asleep!</small><br></div><div class="battle-history"><small>The opposing Aggron slept and became healthy!</small><br></div><div class="spacer battle-history"><br></div><div class="battle-history"><small>Celebi restored a little HP using its Leftovers!</small><br></div><div class="spacer battle-history"><br></div><h2 class="battle-history">Turn 29</h2><div class="spacer battle-history"><br></div><div class="battle-history">Chrissseerrr withdrew Aggron!<br></div><div class="battle-history">Chrissseerrr sent out Rotom (<strong>Rotom-Fan</strong>)!<br></div><div class="spacer battle-history"><br></div><div class="battle-history">Celebi used <strong>Psychic</strong>!<br></div><div class="battle-history"><small>(The opposing Rotom lost <abbr title="−97/304">31.9%</abbr> of its health!)</small><br></div><div class="spacer battle-history"><br></div><div class="battle-history"><small>Celebi restored a little HP using its Leftovers!</small><br></div><div class="spacer battle-history"><br></div><h2 class="battle-history">Turn 30</h2><div class="spacer battle-history"><br></div><div class="battle-history">The opposing Rotom used <strong>Volt Switch</strong>!<br></div><div class="battle-history"><small>It's not very effective...</small><br></div><div class="battle-history"><small>(Celebi lost <abbr title="−37/404">9.2%</abbr> of its health!)</small><br></div><div class="spacer battle-history"><br></div><div class="battle-history">The opposing Rotom went back to Chrissseerrr!<br></div><div class="battle-history">Chrissseerrr sent out <strong>Shedinja</strong>!<br></div><div class="spacer battle-history"><br></div><div class="battle-history">Celebi used <strong>Giga Drain</strong>!<br></div><div class="battle-history"><small>[The opposing Shedinja's Wonder Guard]</small><br><small>It doesn't affect the opposing Shedinja...</small><br></div><div class="spacer battle-history"><br></div><div class="battle-history"><small>Celebi restored a little HP using its Leftovers!</small><br></div><div class="spacer battle-history"><br></div><h2 class="battle-history">Turn 31</h2><div class="spacer battle-history"><br></div><div class="battle-history">The opposing Shedinja used <strong>Endure</strong>!<br></div><div class="battle-history"><small>The opposing Shedinja braced itself!</small><br></div><div class="spacer battle-history"><br></div><div class="battle-history">Celebi used <strong>Psychic</strong>!<br></div><div class="battle-history"><small>[The opposing Shedinja's Wonder Guard]</small><br><small>It doesn't affect the opposing Shedinja...</small><br></div><div class="spacer battle-history"><br></div><div class="battle-history"><small>Celebi restored a little HP using its Leftovers!</small><br></div><div class="spacer battle-history"><br></div><h2 class="battle-history">Turn 32</h2><div class="spacer battle-history"><br></div><div class="battle-history">Celebi used <strong>Heal Bell</strong>!<br></div><div class="battle-history"><small>A bell chimed!</small><br></div><div class="battle-history"><small>Blastoise was cured of its poisoning.</small><br></div><div class="spacer battle-history"><br></div><div class="battle-history">The opposing Shedinja used <strong>Hone Claws</strong>!<br></div><div class="battle-history"><small>The opposing Shedinja's Attack rose!</small><br></div><div class="battle-history"><small>The opposing Shedinja's accuracy rose!</small><br></div><div class="spacer battle-history"><br></div><div class="battle-history"><small>Celebi restored a little HP using its Leftovers!</small><br></div><div class="spacer battle-history"><br></div><h2 class="battle-history">Turn 33</h2><div class="spacer battle-history"><br></div><div class="battle-history">Celebi, come back!<br></div><div class="battle-history">Go! Aggron (<strong>Aggron-Mega</strong>)!<br></div><div class="spacer battle-history"><br></div><div class="battle-history">The opposing Shedinja used <strong>X-Scissor</strong>!<br></div><div class="battle-history"><small>It's not very effective...</small><br></div><div class="battle-history"><small>(Aggron lost <abbr title="−21/281">7.5%</abbr> of its health!)</small><br></div><div class="spacer battle-history"><br></div><div class="battle-history">Aggron fainted!<br></div><div class="spacer battle-history"><br></div><div class="battle-history">Go! <strong>Blastoise</strong>!<br></div><div class="spacer battle-history"><br></div><h2 class="battle-history">Turn 34</h2><div class="spacer battle-history"><br></div><div class="battle-history">The opposing Shedinja used <strong>Endure</strong>!<br></div><div class="battle-history"><small>The opposing Shedinja braced itself!</small><br></div><div class="spacer battle-history"><br></div><div class="battle-history">Blastoise used <strong>Scald</strong>!<br></div><div class="battle-history"><small>[The opposing Shedinja's Wonder Guard]</small><br><small>It doesn't affect the opposing Shedinja...</small><br></div><div class="spacer battle-history"><br></div><h2 class="battle-history">Turn 35</h2><div class="spacer battle-history"><br></div><div class="battle-history">The opposing Shedinja used <strong>Hone Claws</strong>!<br></div><div class="battle-history"><small>The opposing Shedinja's Attack rose!</small><br></div><div class="battle-history"><small>The opposing Shedinja's accuracy rose!</small><br></div><div class="spacer battle-history"><br></div><div class="battle-history">Blastoise used <strong>Mirror Coat</strong>!<br></div><div class="battle-history"><small>[The opposing Shedinja's Wonder Guard]</small><br><small>It doesn't affect the opposing Shedinja...</small><br></div><div class="spacer battle-history"><br></div><h2 class="battle-history">Turn 36</h2><div class="spacer battle-history"><br></div><div class="battle-history">Blastoise, come back!<br></div><div class="battle-history">Go! <strong>Celebi</strong>!<br></div><div class="spacer battle-history"><br></div><div class="battle-history">The opposing Shedinja used <strong>X-Scissor</strong>!<br></div><div class="battle-history"><small>It's super effective!</small><br></div><div class="battle-history"><small>(Celebi lost <abbr title="−339/404">83.9%</abbr> of its health!)</small><br></div><div class="spacer battle-history"><br></div><div class="battle-history">Celebi fainted!<br></div><div class="spacer battle-history"><br></div><div class="battle-history">Go! <strong>Blastoise</strong>!<br></div><div class="spacer battle-history"><br></div><h2 class="battle-history">Turn 37</h2><div class="spacer battle-history"><br></div><div class="battle-history">The opposing Shedinja used <strong>Shadow Sneak</strong>!<br></div><div class="battle-history"><small>(Blastoise lost <abbr title="−62/362">17.1%</abbr> of its health!)</small><br></div><div class="spacer battle-history"><br></div><div class="battle-history">Blastoise fainted!<br></div><div class="spacer battle-history"><br></div><div class="battle-history"><strong>Chrissseerrr</strong> won the battle!<br></div></div><div class="inner-preempt"></div></div></div>
</div>
<script>
let daily = Math.floor(Date.now()/1000/60/60/24);document.write('<script src="https://play.pokemonshowdown.com/js/replay-embed.js?version'+daily+'"></'+'script>');
</script>
