<!DOCTYPE html>
<meta charset="utf-8" />
<!-- version 1 -->
<title>UU replay: wiimanlymen vs. mathiasi</title>
<style>
html,body {font-family:Verdana, sans-serif;font-size:10pt;margin:0;padding:0;}body{padding:12px 0;} .battle-log {font-family:Verdana, sans-serif;font-size:10pt;} .battle-log-inline {border:1px solid #AAAAAA;background:#EEF2F5;color:black;max-width:640px;margin:0 auto 80px;padding-bottom:5px;} .battle-log .inner {padding:4px 8px 0px 8px;} .battle-log .inner-preempt {padding:0 8px 4px 8px;} .battle-log .inner-after {margin-top:0.5em;} .battle-log h2 {margin:0.5em -8px;padding:4px 8px;border:1px solid #AAAAAA;background:#E0E7EA;border-left:0;border-right:0;font-family:Verdana, sans-serif;font-size:13pt;} .battle-log .chat {vertical-align:middle;padding:3px 0 3px 0;font-size:8pt;} .battle-log .chat strong {color:#40576A;} .battle-log .chat em {padding:1px 4px 1px 3px;color:#000000;font-style:normal;} .chat.mine {background:rgba(0,0,0,0.05);margin-left:-8px;margin-right:-8px;padding-left:8px;padding-right:8px;} .spoiler {color:#BBBBBB;background:#BBBBBB;padding:0px 3px;} .spoiler:hover, .spoiler:active, .spoiler-shown {color:#000000;background:#E2E2E2;padding:0px 3px;} .spoiler a {color:#BBBBBB;} .spoiler:hover a, .spoiler:active a, .spoiler-shown a {color:#2288CC;} .chat code, .chat .spoiler:hover code, .chat .spoiler:active code, .chat .spoiler-shown code {border:1px solid #C0C0C0;background:#EEEEEE;color:black;padding:0 2px;} .chat .spoiler code {border:1px solid #CCCCCC;background:#CCCCCC;color:#CCCCCC;} .battle-log .rated {padding:3px 4px;} .battle-log .rated strong {color:white;background:#89A;padding:1px 4px;border-radius:4px;} .spacer {margin-top:0.5em;} .message-announce {background:#6688AA;color:white;padding:1px 4px 2px;} .message-announce a, .broadcast-green a, .broadcast-blue a, .broadcast-red a {color:#DDEEFF;} .broadcast-green {background-color:#559955;color:white;padding:2px 4px;} .broadcast-blue {background-color:#6688AA;color:white;padding:2px 4px;} .infobox {border:1px solid #6688AA;padding:2px 4px;} .infobox-limited {max-height:200px;overflow:auto;overflow-x:hidden;} .broadcast-red {background-color:#AA5544;color:white;padding:2px 4px;} .message-learn-canlearn {font-weight:bold;color:#228822;text-decoration:underline;} .message-learn-cannotlearn {font-weight:bold;color:#CC2222;text-decoration:underline;} .message-effect-weak {font-weight:bold;color:#CC2222;} .message-effect-resist {font-weight:bold;color:#6688AA;} .message-effect-immune {font-weight:bold;color:#666666;} .message-learn-list {margin-top:0;margin-bottom:0;} .message-throttle-notice, .message-error {color:#992222;} .message-overflow, .chat small.message-overflow {font-size:0pt;} .message-overflow::before {font-size:9pt;content:'...';} .subtle {color:#3A4A66;}
</style>
<div class="wrapper replay-wrapper" style="max-width:1180px;margin:0 auto">
<input type="hidden" name="replayid" value="uu-545441171" />
<div class="battle"></div><div class="battle-log"></div><div class="replay-controls"></div><div class="replay-controls-2"></div>
<h1 style="font-weight:normal;text-align:center"><strong>UU</strong><br /><a href="http://pokemonshowdown.com/users/wiimanlymen" class="subtle" target="_blank">wiimanlymen</a> vs. <a href="http://pokemonshowdown.com/users/mathiasi" class="subtle" target="_blank">mathiasi</a></h1>
<script type="text/plain" class="battle-log-data">|j|wiimanlymen
|j|mathiasi
|player|p1|wiimanlymen|165
|player|p2|mathiasi|101
|gametype|singles
|gen|6
|tier|UU
|rated
|seed|38346,58186,63692,34134
|rule|Sleep Clause Mod: Limit one foe put to sleep
|rule|Species Clause: Limit one of each Pokémon
|rule|OHKO Clause: OHKO moves are banned
|rule|Moody Clause: Moody is banned
|rule|Evasion Moves Clause: Evasion moves are banned
|rule|Endless Battle Clause: Forcing endless battles is banned
|rule|HP Percentage Mod: HP is shown in percentages
|clearpoke
|poke|p1|Hitmonlee, M|item
|poke|p1|Beedrill, M|item
|poke|p1|Pangoro, M|item
|poke|p1|Blissey, F|item
|poke|p1|Gogoat, F|item
|poke|p1|Vespiquen, F|item
|poke|p2|Gardevoir, M|
|poke|p2|Delibird, F, shiny|
|poke|p2|Suicune|
|poke|p2|Scyther, F, shiny|
|poke|p2|Galvantula, M, shiny|
|poke|p2|Rotom-Heat, shiny|
|rule|Swagger Clause: Swagger is banned
|rule|Baton Pass Clause: Limit one Baton Passer, can't pass Spe and other stats simultaneously
|teampreview
|choice|team 2, team 1, team 3, team 4, team 5, team 6|team 5, team 2, team 3, team 4, team 1, team 6
|
|start
|switch|p1a: Berry|Beedrill, M|271\/271
|switch|p2a: Galvantula|Galvantula, M, shiny|281\/281
|turn|1
|choice|move toxicspikes mega|move thunder
|
|detailschange|p1a: Berry|Beedrill-Mega, M
|-mega|p1a: Berry|Beedrill|Beedrillite
|move|p1a: Berry|Toxic Spikes|p2a: Galvantula
|-sidestart|p2: mathiasi|move: Toxic Spikes
|move|p2a: Galvantula|Thunder|p1a: Berry
|-damage|p1a: Berry|117\/271
|
|upkeep
|turn|2
|choice|move poisonjab|move thunder
|
|move|p1a: Berry|Poison Jab|p2a: Galvantula
|-damage|p2a: Galvantula|0 fnt
|faint|p2a: Galvantula
|
|upkeep
|choice||switch 6
|
|switch|p2a: Rotom|Rotom-Heat, shiny|241\/241
|turn|3
|choice|move toxicspikes|move thunder
|
|move|p1a: Berry|Toxic Spikes|p2a: Rotom
|-sidestart|p2: mathiasi|move: Toxic Spikes
|move|p2a: Rotom|Thunder|p1a: Berry
|-damage|p1a: Berry|0 fnt
|faint|p1a: Berry
|
|upkeep
|choice|switch 3|
|
|switch|p1a: Desiigner|Pangoro, M|394\/394
|turn|4
|choice|move knockoff|move hiddenpower
|
|move|p2a: Rotom|Hidden Power|p1a: Desiigner
|-damage|p1a: Desiigner|298\/394
|move|p1a: Desiigner|Knock Off|p2a: Rotom
|-damage|p2a: Rotom|111\/241
|
|upkeep
|turn|5
|choice|move knockoff|switch 5
|
|switch|p2a: Gardevoir|Gardevoir, M|277\/277
|-status|p2a: Gardevoir|tox
|move|p1a: Desiigner|Knock Off|p2a: Gardevoir
|-damage|p2a: Gardevoir|64\/277 tox
|
|-damage|p2a: Gardevoir|47\/277 tox|[from] psn
|upkeep
|turn|6
|choice|switch 4|move healingwish
|
|switch|p1a: Joy|Blissey, F|714\/714
|move|p2a: Gardevoir|Healing Wish|p2a: Gardevoir
|faint|p2a: Gardevoir
|
|upkeep
|choice||switch 3
|
|switch|p2a: Suicune|Suicune|341\/341
|-heal|p2a: Suicune|341\/341|[from] move: Healing Wish
|-status|p2a: Suicune|tox
|-ability|p2a: Suicune|Pressure
|turn|7
|choice|switch 6|move waterfall
|
|switch|p1a: Heather|Vespiquen, F|343\/343
|-ability|p1a: Heather|Pressure
|move|p2a: Suicune|Waterfall|p1a: Heather
|-damage|p1a: Heather|276\/343
|
|-damage|p2a: Suicune|320\/341 tox|[from] psn
|upkeep
|turn|8
|choice|move tailwind|switch 5
|
|switch|p2a: Rotom|Rotom-Heat, shiny|111\/241
|move|p1a: Heather|Tailwind|p1a: Heather
|-sidestart|p1: wiimanlymen|move: Tailwind
|
|upkeep
|turn|9
|choice|move destinybond|move hiddenpower
|
|move|p1a: Heather|Destiny Bond|p1a: Heather
|-singlemove|p1a: Heather|Destiny Bond
|move|p2a: Rotom|Hidden Power|p1a: Heather
|-supereffective|p1a: Heather
|-damage|p1a: Heather|138\/343
|
|upkeep
|turn|10
|choice|switch 6|move hiddenpower
|
|switch|p1a: Joy|Blissey, F|714\/714
|move|p2a: Rotom|Hidden Power|p1a: Joy
|-damage|p1a: Joy|659\/714
|
|-heal|p1a: Joy|703\/714|[from] item: Leftovers
|upkeep
|turn|11
|choice|move dazzlinggleam|switch 5
|
|switch|p2a: Suicune|Suicune|320\/341 tox
|-ability|p2a: Suicune|Pressure
|move|p1a: Joy|Dazzling Gleam|p2a: Suicune
|-damage|p2a: Suicune|273\/341 tox
|
|-heal|p1a: Joy|714\/714|[from] item: Leftovers
|-damage|p2a: Suicune|252\/341 tox|[from] psn
|-sideend|p1: wiimanlymen|move: Tailwind
|upkeep
|turn|12
|choice|switch 2|move substitute
|
|switch|p1a: Vegtio|Hitmonlee, M|241\/241
|move|p2a: Suicune|Substitute|p2a: Suicune
|-start|p2a: Suicune|Substitute
|-damage|p2a: Suicune|167\/341 tox
|
|-damage|p2a: Suicune|125\/341 tox|[from] psn
|upkeep
|turn|13
|choice|move knockoff|move surf
|
|move|p1a: Vegtio|Knock Off|p2a: Suicune
|-end|p2a: Suicune|Substitute
|-damage|p1a: Vegtio|217\/241|[from] item: Life Orb
|move|p2a: Suicune|Surf|p1a: Vegtio
|-damage|p1a: Vegtio|123\/241
|
|-damage|p2a: Suicune|62\/341 tox|[from] psn
|upkeep
|turn|14
|choice|move machpunch|switch 5
|
|switch|p2a: Rotom|Rotom-Heat, shiny|111\/241
|move|p1a: Vegtio|Mach Punch|p2a: Rotom
|-crit|p2a: Rotom
|-damage|p2a: Rotom|0 fnt
|-damage|p1a: Vegtio|99\/241|[from] item: Life Orb
|faint|p2a: Rotom
|
|upkeep
|choice||switch 2
|
|switch|p2a: Delibird|Delibird, F, shiny|231\/231
|turn|15
|choice|move highjumpkick|move avalanche
|
|move|p1a: Vegtio|High Jump Kick|p2a: Delibird
|-damage|p2a: Delibird|0 fnt
|-damage|p1a: Vegtio|75\/241|[from] item: Life Orb
|faint|p2a: Delibird
|
|upkeep
|-message|mathiasi lost due to inactivity.
|
|win|wiimanlymen
|player|p1
|player|p2
|raw|wiimanlymen's rating: 1014 &rarr; <strong>1050<\/strong><br \/>(+36 for winning)
|raw|mathiasi's rating: 1000 &rarr; <strong>1000<\/strong><br \/>(+0 for losing)</script>
</div>
<div class="battle-log battle-log-inline"><div class="inner"><div class="battle-options"></div><div class="inner"><div class="chat"><small>wiimanlymen joined.</small></div><div class="chat"><small>mathiasi joined.</small></div><div class=""><small>Format:</small> <br><strong>UU</strong></div><div class="rated"><strong>Rated battle</strong></div><div class=""><small><em>Sleep Clause Mod:</em> Limit one foe put to sleep</small></div><div class=""><small><em>Species Clause:</em> Limit one of each Pokémon</small></div><div class=""><small><em>OHKO Clause:</em> OHKO moves are banned</small></div><div class=""><small><em>Moody Clause:</em> Moody is banned</small></div><div class=""><small><em>Evasion Moves Clause:</em> Evasion moves are banned</small></div><div class=""><small><em>Endless Battle Clause:</em> Forcing endless battles is banned</small></div><div class=""><small><em>HP Percentage Mod:</em> HP is shown in percentages</small></div><div class=""><small><em>Swagger Clause:</em> Swagger is banned</small></div><div class=""><small><em>Baton Pass Clause:</em> Limit one Baton Passer, can't pass Spe and other stats simultaneously</small></div><div class="chat battle-history"><strong>wiimanlymen's team:</strong> <em style="color:#445566;display:block;">Hitmonlee / Beedrill / Pangoro / Blissey / Gogoat / Vespiquen</em></div><div class="chat battle-history"><strong>mathiasi's team:</strong> <em style="color:#445566;display:block;">Gardevoir / Delibird / Suicune / Scyther / Galvantula / Rotom-Heat</em></div><div class="spacer battle-history"><br></div><div class="battle-history">Battle started between wiimanlymen and mathiasi!<br></div><div class="spacer battle-history"><br></div><div class="battle-history">Go! Berry (<strong>Beedrill</strong>)!<br></div><div class="spacer battle-history"><br></div><div class="battle-history">mathiasi sent out <strong>Galvantula</strong>!<br></div><div class="spacer battle-history"><br></div><h2 class="battle-history">Turn 1</h2><div class="spacer battle-history"><br></div><div class="battle-history"><small>Berry's Beedrillite is reacting to wiimanlymen's Mega Bracelet!</small><br>Berry has Mega Evolved into Mega Beedrill!<br></div><div class="spacer battle-history"><br></div><div class="battle-history">Berry used <strong>Toxic Spikes</strong>!<br></div><div class="battle-history"><small>Poison spikes were scattered on the ground all around the opposing team!</small><br></div><div class="spacer battle-history"><br></div><div class="battle-history">The opposing Galvantula used <strong>Thunder</strong>!<br></div><div class="battle-history"><small>(Berry lost <abbr title="−154/271">56.8%</abbr> of its health!)</small><br></div><div class="spacer battle-history"><br></div><h2 class="battle-history">Turn 2</h2><div class="spacer battle-history"><br></div><div class="battle-history">Berry used <strong>Poison Jab</strong>!<br></div><div class="battle-history"><small>(The opposing Galvantula lost <abbr title="−281/281">100%</abbr> of its health!)</small><br></div><div class="spacer battle-history"><br></div><div class="battle-history">The opposing Galvantula fainted!<br></div><div class="spacer battle-history"><br></div><div class="battle-history">mathiasi sent out Rotom (<strong>Rotom-Heat</strong>)!<br></div><div class="spacer battle-history"><br></div><h2 class="battle-history">Turn 3</h2><div class="spacer battle-history"><br></div><div class="battle-history">Berry used <strong>Toxic Spikes</strong>!<br></div><div class="battle-history"><small>Poison spikes were scattered on the ground all around the opposing team!</small><br></div><div class="spacer battle-history"><br></div><div class="battle-history">The opposing Rotom used <strong>Thunder</strong>!<br></div><div class="battle-history"><small>(Berry lost <abbr title="−117/271">43.2%</abbr> of its health!)</small><br></div><div class="spacer battle-history"><br></div><div class="battle-history">Berry fainted!<br></div><div class="spacer battle-history"><br></div><div class="battle-history">Go! Desiigner (<strong>Pangoro</strong>)!<br></div><div class="spacer battle-history"><br></div><h2 class="battle-history">Turn 4</h2><div class="spacer battle-history"><br></div><div class="battle-history">The opposing Rotom used <strong>Hidden Power</strong>!<br></div><div class="battle-history"><small>(Desiigner lost <abbr title="−96/394">24.4%</abbr> of its health!)</small><br></div><div class="spacer battle-history"><br></div><div class="battle-history">Desiigner used <strong>Knock Off</strong>!<br></div><div class="battle-history"><small>(The opposing Rotom lost <abbr title="−130/241">53.9%</abbr> of its health!)</small><br></div><div class="spacer battle-history"><br></div><h2 class="battle-history">Turn 5</h2><div class="spacer battle-history"><br></div><div class="battle-history">mathiasi withdrew Rotom!<br></div><div class="battle-history">mathiasi sent out <strong>Gardevoir</strong>!<br></div><div class="battle-history"><small>The opposing Gardevoir was badly poisoned!</small><br></div><div class="spacer battle-history"><br></div><div class="battle-history">Desiigner used <strong>Knock Off</strong>!<br></div><div class="battle-history"><small>(The opposing Gardevoir lost <abbr title="−213/277">76.9%</abbr> of its health!)</small><br></div><div class="spacer battle-history"><br></div><div class="battle-history"><small>The opposing Gardevoir was hurt by poison!</small><br></div><div class="spacer battle-history"><br></div><h2 class="battle-history">Turn 6</h2><div class="spacer battle-history"><br></div><div class="battle-history">Desiigner, come back!<br></div><div class="battle-history">Go! Joy (<strong>Blissey</strong>)!<br></div><div class="spacer battle-history"><br></div><div class="battle-history">The opposing Gardevoir used <strong>Healing Wish</strong>!<br></div><div class="spacer battle-history"><br></div><div class="battle-history">The opposing Gardevoir fainted!<br></div><div class="spacer battle-history"><br></div><div class="battle-history">mathiasi sent out <strong>Suicune</strong>!<br></div><div class="battle-history"><small>The healing wish came true for the opposing Suicune!</small><br></div><div class="battle-history"><small>The opposing Suicune was badly poisoned!</small><br></div><div class="battle-history"><small>[The opposing Suicune's Pressure]</small><br><small>The opposing Suicune is exerting its pressure!</small><br></div><div class="spacer battle-history"><br></div><h2 class="battle-history">Turn 7</h2><div class="spacer battle-history"><br></div><div class="battle-history">Joy, come back!<br></div><div class="battle-history">Go! Heather (<strong>Vespiquen</strong>)!<br></div><div class="battle-history"><small>[Heather's Pressure]</small><br><small>Heather is exerting its pressure!</small><br></div><div class="spacer battle-history"><br></div><div class="battle-history">The opposing Suicune used <strong>Waterfall</strong>!<br></div><div class="battle-history"><small>(Heather lost <abbr title="−67/343">19.5%</abbr> of its health!)</small><br></div><div class="spacer battle-history"><br></div><div class="battle-history"><small>The opposing Suicune was hurt by poison!</small><br></div><div class="spacer battle-history"><br></div><h2 class="battle-history">Turn 8</h2><div class="spacer battle-history"><br></div><div class="battle-history">mathiasi withdrew Suicune!<br></div><div class="battle-history">mathiasi sent out Rotom (<strong>Rotom-Heat</strong>)!<br></div><div class="spacer battle-history"><br></div><div class="battle-history">Heather used <strong>Tailwind</strong>!<br></div><div class="battle-history"><small>The Tailwind blew from behind your team!</small><br></div><div class="spacer battle-history"><br></div><h2 class="battle-history">Turn 9</h2><div class="spacer battle-history"><br></div><div class="battle-history">Heather used <strong>Destiny Bond</strong>!<br></div><div class="battle-history">Heather is hoping to take its attacker down with it!<br></div><div class="spacer battle-history"><br></div><div class="battle-history">The opposing Rotom used <strong>Hidden Power</strong>!<br></div><div class="battle-history"><small>It's super effective!</small><br></div><div class="battle-history"><small>(Heather lost <abbr title="−138/343">40.2%</abbr> of its health!)</small><br></div><div class="spacer battle-history"><br></div><h2 class="battle-history">Turn 10</h2><div class="spacer battle-history"><br></div><div class="battle-history">Heather, come back!<br></div><div class="battle-history">Go! Joy (<strong>Blissey</strong>)!<br></div><div class="spacer battle-history"><br></div><div class="battle-history">The opposing Rotom used <strong>Hidden Power</strong>!<br></div><div class="battle-history"><small>(Joy lost <abbr title="−55/714">7.7%</abbr> of its health!)</small><br></div><div class="spacer battle-history"><br></div><div class="battle-history"><small>Joy restored a little HP using its Leftovers!</small><br></div><div class="spacer battle-history"><br></div><h2 class="battle-history">Turn 11</h2><div class="spacer battle-history"><br></div><div class="battle-history">mathiasi withdrew Rotom!<br></div><div class="battle-history">mathiasi sent out <strong>Suicune</strong>!<br></div><div class="battle-history"><small>[The opposing Suicune's Pressure]</small><br><small>The opposing Suicune is exerting its pressure!</small><br></div><div class="spacer battle-history"><br></div><div class="battle-history">Joy used <strong>Dazzling Gleam</strong>!<br></div><div class="battle-history"><small>(The opposing Suicune lost <abbr title="−47/341">13.8%</abbr> of its health!)</small><br></div><div class="spacer battle-history"><br></div><div class="battle-history"><small>Joy restored a little HP using its Leftovers!</small><br></div><div class="battle-history"><small>The opposing Suicune was hurt by poison!</small><br></div><div class="battle-history"><small>Your team's Tailwind petered out!</small><br></div><div class="spacer battle-history"><br></div><h2 class="battle-history">Turn 12</h2><div class="spacer battle-history"><br></div><div class="battle-history">Joy, come back!<br></div><div class="battle-history">Go! Vegtio (<strong>Hitmonlee</strong>)!<br></div><div class="spacer battle-history"><br></div><div class="battle-history">The opposing Suicune used <strong>Substitute</strong>!<br></div><div class="battle-history"><small>The opposing Suicune put in a substitute!</small><br></div><div class="battle-history"><small>(The opposing Suicune lost <abbr title="−85/341">24.9%</abbr> of its health!)</small><br></div><div class="spacer battle-history"><br></div><div class="battle-history"><small>The opposing Suicune was hurt by poison!</small><br></div><div class="spacer battle-history"><br></div><h2 class="battle-history">Turn 13</h2><div class="spacer battle-history"><br></div><div class="battle-history">Vegtio used <strong>Knock Off</strong>!<br></div><div class="battle-history"><small>The opposing Suicune's substitute faded!</small><br></div><div class="battle-history"><small>Vegtio lost some of its HP!</small><br></div><div class="spacer battle-history"><br></div><div class="battle-history">The opposing Suicune used <strong>Surf</strong>!<br></div><div class="battle-history"><small>(Vegtio lost <abbr title="−94/241">39.0%</abbr> of its health!)</small><br></div><div class="spacer battle-history"><br></div><div class="battle-history"><small>The opposing Suicune was hurt by poison!</small><br></div><div class="spacer battle-history"><br></div><h2 class="battle-history">Turn 14</h2><div class="spacer battle-history"><br></div><div class="battle-history">mathiasi withdrew Suicune!<br></div><div class="battle-history">mathiasi sent out Rotom (<strong>Rotom-Heat</strong>)!<br></div><div class="spacer battle-history"><br></div><div class="battle-history">Vegtio used <strong>Mach Punch</strong>!<br></div><div class="battle-history"><small>A critical hit!</small><br></div><div class="battle-history"><small>(The opposing Rotom lost <abbr title="−111/241">46.1%</abbr> of its health!)</small><br></div><div class="battle-history"><small>Vegtio lost some of its HP!</small><br></div><div class="spacer battle-history"><br></div><div class="battle-history">The opposing Rotom fainted!<br></div><div class="spacer battle-history"><br></div><div class="battle-history">mathiasi sent out <strong>Delibird</strong>!<br></div><div class="spacer battle-history"><br></div><h2 class="battle-history">Turn 15</h2><div class="spacer battle-history"><br></div><div class="battle-history">Vegtio used <strong>High Jump Kick</strong>!<br></div><div class="battle-history"><small>(The opposing Delibird lost <abbr title="−231/231">100%</abbr> of its health!)</small><br></div><div class="battle-history"><small>Vegtio lost some of its HP!</small><br></div><div class="spacer battle-history"><br></div><div class="battle-history">The opposing Delibird fainted!<br></div><div class="spacer battle-history"><br></div><div class="battle-history"><small>mathiasi lost due to inactivity.</small><br></div><div class="spacer battle-history"><br></div><div class="battle-history"><strong>wiimanlymen</strong> won the battle!<br></div><div class="chat">wiimanlymen's rating: 1014 → <strong>1050</strong><br>(+36 for winning)</div><div class="chat">mathiasi's rating: 1000 → <strong>1000</strong><br>(+0 for losing)</div></div><div class="inner-preempt"></div></div></div>
</div>
<script>
let daily = Math.floor(Date.now()/1000/60/60/24);document.write('<script src="https://play.pokemonshowdown.com/js/replay-embed.js?version'+daily+'"></'+'script>');
</script>
