<!DOCTYPE html>
<meta charset="utf-8" />
<!-- version 1 -->
<title>UU replay: sirafn_YT vs. Chief Lobo</title>
<style>
html,body {font-family:Verdana, sans-serif;font-size:10pt;margin:0;padding:0;}body{padding:12px 0;} .battle-log {font-family:Verdana, sans-serif;font-size:10pt;} .battle-log-inline {border:1px solid #AAAAAA;background:#EEF2F5;color:black;max-width:640px;margin:0 auto 80px;padding-bottom:5px;} .battle-log .inner {padding:4px 8px 0px 8px;} .battle-log .inner-preempt {padding:0 8px 4px 8px;} .battle-log .inner-after {margin-top:0.5em;} .battle-log h2 {margin:0.5em -8px;padding:4px 8px;border:1px solid #AAAAAA;background:#E0E7EA;border-left:0;border-right:0;font-family:Verdana, sans-serif;font-size:13pt;} .battle-log .chat {vertical-align:middle;padding:3px 0 3px 0;font-size:8pt;} .battle-log .chat strong {color:#40576A;} .battle-log .chat em {padding:1px 4px 1px 3px;color:#000000;font-style:normal;} .chat.mine {background:rgba(0,0,0,0.05);margin-left:-8px;margin-right:-8px;padding-left:8px;padding-right:8px;} .spoiler {color:#BBBBBB;background:#BBBBBB;padding:0px 3px;} .spoiler:hover, .spoiler:active, .spoiler-shown {color:#000000;background:#E2E2E2;padding:0px 3px;} .spoiler a {color:#BBBBBB;} .spoiler:hover a, .spoiler:active a, .spoiler-shown a {color:#2288CC;} .chat code, .chat .spoiler:hover code, .chat .spoiler:active code, .chat .spoiler-shown code {border:1px solid #C0C0C0;background:#EEEEEE;color:black;padding:0 2px;} .chat .spoiler code {border:1px solid #CCCCCC;background:#CCCCCC;color:#CCCCCC;} .battle-log .rated {padding:3px 4px;} .battle-log .rated strong {color:white;background:#89A;padding:1px 4px;border-radius:4px;} .spacer {margin-top:0.5em;} .message-announce {background:#6688AA;color:white;padding:1px 4px 2px;} .message-announce a, .broadcast-green a, .broadcast-blue a, .broadcast-red a {color:#DDEEFF;} .broadcast-green {background-color:#559955;color:white;padding:2px 4px;} .broadcast-blue {background-color:#6688AA;color:white;padding:2px 4px;} .infobox {border:1px solid #6688AA;padding:2px 4px;} .infobox-limited {max-height:200px;overflow:auto;overflow-x:hidden;} .broadcast-red {background-color:#AA5544;color:white;padding:2px 4px;} .message-learn-canlearn {font-weight:bold;color:#228822;text-decoration:underline;} .message-learn-cannotlearn {font-weight:bold;color:#CC2222;text-decoration:underline;} .message-effect-weak {font-weight:bold;color:#CC2222;} .message-effect-resist {font-weight:bold;color:#6688AA;} .message-effect-immune {font-weight:bold;color:#666666;} .message-learn-list {margin-top:0;margin-bottom:0;} .message-throttle-notice, .message-error {color:#992222;} .message-overflow, .chat small.message-overflow {font-size:0pt;} .message-overflow::before {font-size:9pt;content:'...';} .subtle {color:#3A4A66;}
</style>
<div class="wrapper replay-wrapper" style="max-width:1180px;margin:0 auto">
<input type="hidden" name="replayid" value="uu-582478962" />
<div class="battle"></div><div class="battle-log"></div><div class="replay-controls"></div><div class="replay-controls-2"></div>
<h1 style="font-weight:normal;text-align:center"><strong>UU</strong><br /><a href="http://pokemonshowdown.com/users/sirafnyt" class="subtle" target="_blank">sirafn_YT</a> vs. <a href="http://pokemonshowdown.com/users/chieflobo" class="subtle" target="_blank">Chief Lobo</a></h1>
<script type="text/plain" class="battle-log-data">|j|sirafn_YT
|j|Chief Lobo
|player|p1|sirafn_YT|190
|teamsize|p1|6
|player|p2|Chief Lobo|154
|teamsize|p2|6
|gametype|singles
|gen|6
|tier|UU
|rated
|seed|24434,27820,25096,64256
|rule|Sleep Clause Mod: Limit one foe put to sleep
|rule|Species Clause: Limit one of each Pokémon
|rule|OHKO Clause: OHKO moves are banned
|rule|Moody Clause: Moody is banned
|rule|Evasion Moves Clause: Evasion moves are banned
|rule|Endless Battle Clause: Forcing endless battles is banned
|rule|HP Percentage Mod: HP is shown in percentages
|clearpoke
|poke|p1|Arcanine, F|
|poke|p1|Gyarados, M|
|poke|p1|Nidoking, M|
|poke|p1|Charizard, F|
|poke|p1|Gardevoir, F|
|poke|p1|Conkeldurr, F|
|poke|p2|Lucario, F|item
|poke|p2|Gardevoir, F|item
|poke|p2|Mienshao, F|item
|poke|p2|Absol, F|item
|poke|p2|Haxorus, F|item
|poke|p2|Entei, shiny|item
|rule|Swagger Clause: Swagger is banned
|rule|Baton Pass Clause: Limit one Baton Passer, can't pass Spe and other stats simultaneously
|teampreview
|inactive|Battle timer is ON: inactive players will automatically lose when time's up. (requested by Chief Lobo)
|choice|team 3, team 2, team 1, team 4, team 5, team 6|team 4, team 2, team 3, team 1, team 5, team 6
|
|start
|switch|p1a: Nidoking|Nidoking, M|303\/303
|switch|p2a: Absol|Absol, F|271\/271
|turn|1
|choice|move toxicspikes|move protect mega
|
|detailschange|p2a: Absol|Absol-Mega, F
|-mega|p2a: Absol|Absol|Absolite
|move|p2a: Absol|Protect|p2a: Absol
|-singleturn|p2a: Absol|Protect
|move|p1a: Nidoking|Toxic Spikes|p2a: Absol
|move|p2a: Absol|Toxic Spikes|p1a: Nidoking|[from]Magic Bounce
|-sidestart|p1: sirafn_YT|move: Toxic Spikes
|
|upkeep
|turn|2
|choice|move sludgewave|move icebeam
|
|move|p2a: Absol|Ice Beam|p1a: Nidoking
|-supereffective|p1a: Nidoking
|-damage|p1a: Nidoking|57\/303
|move|p1a: Nidoking|Sludge Wave|p2a: Absol
|-crit|p2a: Absol
|-damage|p2a: Absol|57\/271
|
|upkeep
|turn|3
|choice|move sludgewave|move icebeam
|
|move|p2a: Absol|Ice Beam|p1a: Nidoking
|-supereffective|p1a: Nidoking
|-damage|p1a: Nidoking|0 fnt
|faint|p1a: Nidoking
|
|upkeep
|choice|switch 2|
|
|switch|p1a: Gyarados|Gyarados, M|331\/331
|-ability|p1a: Gyarados|Intimidate|boost
|-unboost|p2a: Absol|atk|1
|turn|4
|choice|move dragontail|move thunderbolt
|
|move|p2a: Absol|Thunderbolt|p1a: Gyarados
|-supereffective|p1a: Gyarados
|-damage|p1a: Gyarados|0 fnt
|faint|p1a: Gyarados
|
|upkeep
|choice|switch 4|
|
|switch|p1a: Charizard|Charizard, F|297\/297
|turn|5
|choice|move acrobatics|move thunderbolt
|
|move|p2a: Absol|Thunderbolt|p1a: Charizard
|-supereffective|p1a: Charizard
|-damage|p1a: Charizard|53\/297
|move|p1a: Charizard|Acrobatics|p2a: Absol
|-damage|p2a: Absol|0 fnt
|faint|p2a: Absol
|
|upkeep
|choice||switch 6
|
|switch|p2a: Entei|Entei, shiny|371\/371
|-ability|p2a: Entei|Pressure
|turn|6
|choice|move fireblast|move extremespeed
|
|move|p2a: Entei|Extreme Speed|p1a: Charizard
|-damage|p1a: Charizard|0 fnt
|faint|p1a: Charizard
|
|upkeep
|choice|switch 6|
|
|switch|p1a: Conkeldurr|Conkeldurr, F|351\/351
|-status|p1a: Conkeldurr|psn
|turn|7
|choice|move hammerarm|move sacredfire
|
|move|p2a: Entei|Sacred Fire|p1a: Conkeldurr
|-damage|p1a: Conkeldurr|149\/351 psn
|move|p1a: Conkeldurr|Hammer Arm|p2a: Entei
|-damage|p2a: Entei|88\/371
|-unboost|p1a: Conkeldurr|spe|1
|
|-damage|p1a: Conkeldurr|106\/351 psn|[from] psn
|upkeep
|turn|8
|choice|move hammerarm|move sacredfire
|
|move|p2a: Entei|Sacred Fire|p1a: Conkeldurr
|-damage|p1a: Conkeldurr|0 fnt
|faint|p1a: Conkeldurr
|
|upkeep
|choice|switch 5|
|
|switch|p1a: Gardevoir|Gardevoir, F|277\/277
|-status|p1a: Gardevoir|psn
|turn|9
|choice|move dazzlinggleam|move sacredfire
|
|move|p2a: Entei|Sacred Fire|p1a: Gardevoir
|-damage|p1a: Gardevoir|12\/277 psn
|move|p1a: Gardevoir|Dazzling Gleam|p2a: Entei
|-resisted|p2a: Entei
|-damage|p2a: Entei|20\/371
|
|-damage|p1a: Gardevoir|0 fnt|[from] psn
|upkeep
|faint|p1a: Gardevoir
|choice|switch 3|
|
|switch|p1a: Arcanine|Arcanine, F|321\/321
|-status|p1a: Arcanine|psn
|-ability|p1a: Arcanine|Intimidate|boost
|-unboost|p2a: Entei|atk|1
|turn|10
|choice|move closecombat|move extremespeed
|
|move|p2a: Entei|Extreme Speed|p1a: Arcanine
|-damage|p1a: Arcanine|235\/321 psn
|move|p1a: Arcanine|Close Combat|p2a: Entei
|-damage|p2a: Entei|0 fnt
|-unboost|p1a: Arcanine|def|1
|-unboost|p1a: Arcanine|spd|1
|faint|p2a: Entei
|
|-damage|p1a: Arcanine|195\/321 psn|[from] psn
|upkeep
|choice||switch 5
|
|switch|p2a: Haxorus|Haxorus, F|293\/293
|-ability|p2a: Haxorus|Mold Breaker
|turn|11
|c|☆Chief Lobo|gg
|choice|move closecombat|move earthquake
|
|move|p2a: Haxorus|Earthquake|p1a: Arcanine
|-supereffective|p1a: Arcanine
|-damage|p1a: Arcanine|0 fnt
|faint|p1a: Arcanine
|
|win|Chief Lobo
|l|sirafn_YT
|raw|sirafn_YT's rating: 1000 &rarr; <strong>1000<\/strong><br \/>(+0 for losing)
|raw|Chief Lobo's rating: 1110 &rarr; <strong>1127<\/strong><br \/>(+17 for winning)</script>
</div>
<div class="battle-log battle-log-inline"><div class="inner"><div class="battle-options"></div><div class="inner"><div class="chat"><small>sirafn_YT joined.</small></div><div class="chat"><small>Chief Lobo joined.</small></div><div class=""><small>Format:</small> <br><strong>UU</strong></div><div class="rated"><strong>Rated battle</strong></div><div class=""><small><em>Sleep Clause Mod:</em> Limit one foe put to sleep</small></div><div class=""><small><em>Species Clause:</em> Limit one of each Pokémon</small></div><div class=""><small><em>OHKO Clause:</em> OHKO moves are banned</small></div><div class=""><small><em>Moody Clause:</em> Moody is banned</small></div><div class=""><small><em>Evasion Moves Clause:</em> Evasion moves are banned</small></div><div class=""><small><em>Endless Battle Clause:</em> Forcing endless battles is banned</small></div><div class=""><small><em>HP Percentage Mod:</em> HP is shown in percentages</small></div><div class=""><small><em>Swagger Clause:</em> Swagger is banned</small></div><div class=""><small><em>Baton Pass Clause:</em> Limit one Baton Passer, can't pass Spe and other stats simultaneously</small></div><div class="chat battle-history"><strong>sirafn_YT's team:</strong> <em style="color:#445566;display:block;">Arcanine / Gyarados / Nidoking / Charizard / Gardevoir / Conkeldurr</em></div><div class="chat battle-history"><strong>Chief Lobo's team:</strong> <em style="color:#445566;display:block;">Lucario / Gardevoir / Mienshao / Absol / Haxorus / Entei</em></div><div class="chat message-error">Battle timer is ON: inactive players will automatically lose when time's up. (requested by Chief Lobo)</div><div class="spacer battle-history"><br></div><div class="battle-history">Battle started between sirafn_YT and Chief Lobo!<br></div><div class="spacer battle-history"><br></div><div class="battle-history">Go! <strong>Nidoking</strong>!<br></div><div class="spacer battle-history"><br></div><div class="battle-history">Chief Lobo sent out <strong>Absol</strong>!<br></div><div class="spacer battle-history"><br></div><h2 class="battle-history">Turn 1</h2><div class="spacer battle-history"><br></div><div class="battle-history"><small>The opposing Absol's Absolite is reacting to Chief Lobo's Mega Bracelet!</small><br>The opposing Absol has Mega Evolved into Mega Absol!<br></div><div class="spacer battle-history"><br></div><div class="battle-history">The opposing Absol used <strong>Protect</strong>!<br></div><div class="battle-history"><small>The opposing Absol protected itself!</small><br></div><div class="spacer battle-history"><br></div><div class="battle-history">Nidoking used <strong>Toxic Spikes</strong>!<br></div><div class="spacer battle-history"><br></div><div class="battle-history"><small>[The opposing Absol's Magic Bounce]</small><br>The opposing Absol bounced the Toxic Spikes back!<br></div><div class="battle-history"><small>Poison spikes were scattered on the ground all around your team!</small><br></div><div class="spacer battle-history"><br></div><h2 class="battle-history">Turn 2</h2><div class="spacer battle-history"><br></div><div class="battle-history">The opposing Absol used <strong>Ice Beam</strong>!<br></div><div class="battle-history"><small>It's super effective!</small><br></div><div class="battle-history"><small>(Nidoking lost <abbr title="−246/303">81.2%</abbr> of its health!)</small><br></div><div class="spacer battle-history"><br></div><div class="battle-history">Nidoking used <strong>Sludge Wave</strong>!<br></div><div class="battle-history"><small>A critical hit!</small><br></div><div class="battle-history"><small>(The opposing Absol lost <abbr title="−214/271">79.0%</abbr> of its health!)</small><br></div><div class="spacer battle-history"><br></div><h2 class="battle-history">Turn 3</h2><div class="spacer battle-history"><br></div><div class="battle-history">The opposing Absol used <strong>Ice Beam</strong>!<br></div><div class="battle-history"><small>It's super effective!</small><br></div><div class="battle-history"><small>(Nidoking lost <abbr title="−57/303">18.8%</abbr> of its health!)</small><br></div><div class="spacer battle-history"><br></div><div class="battle-history">Nidoking fainted!<br></div><div class="spacer battle-history"><br></div><div class="battle-history">Go! <strong>Gyarados</strong>!<br></div><div class="battle-history"><small>[Gyarados's Intimidate]</small><br></div><div class="battle-history"><small>The opposing Absol's Attack fell!</small><br></div><div class="spacer battle-history"><br></div><h2 class="battle-history">Turn 4</h2><div class="spacer battle-history"><br></div><div class="battle-history">The opposing Absol used <strong>Thunderbolt</strong>!<br></div><div class="battle-history"><small>It's super effective!</small><br></div><div class="battle-history"><small>(Gyarados lost <abbr title="−331/331">100%</abbr> of its health!)</small><br></div><div class="spacer battle-history"><br></div><div class="battle-history">Gyarados fainted!<br></div><div class="spacer battle-history"><br></div><div class="battle-history">Go! <strong>Charizard</strong>!<br></div><div class="spacer battle-history"><br></div><h2 class="battle-history">Turn 5</h2><div class="spacer battle-history"><br></div><div class="battle-history">The opposing Absol used <strong>Thunderbolt</strong>!<br></div><div class="battle-history"><small>It's super effective!</small><br></div><div class="battle-history"><small>(Charizard lost <abbr title="−244/297">82.2%</abbr> of its health!)</small><br></div><div class="spacer battle-history"><br></div><div class="battle-history">Charizard used <strong>Acrobatics</strong>!<br></div><div class="battle-history"><small>(The opposing Absol lost <abbr title="−57/271">21.0%</abbr> of its health!)</small><br></div><div class="spacer battle-history"><br></div><div class="battle-history">The opposing Absol fainted!<br></div><div class="spacer battle-history"><br></div><div class="battle-history">Chief Lobo sent out <strong>Entei</strong>!<br></div><div class="battle-history"><small>[The opposing Entei's Pressure]</small><br><small>The opposing Entei is exerting its pressure!</small><br></div><div class="spacer battle-history"><br></div><h2 class="battle-history">Turn 6</h2><div class="spacer battle-history"><br></div><div class="battle-history">The opposing Entei used <strong>Extreme Speed</strong>!<br></div><div class="battle-history"><small>(Charizard lost <abbr title="−53/297">17.8%</abbr> of its health!)</small><br></div><div class="spacer battle-history"><br></div><div class="battle-history">Charizard fainted!<br></div><div class="spacer battle-history"><br></div><div class="battle-history">Go! <strong>Conkeldurr</strong>!<br></div><div class="battle-history"><small>Conkeldurr was poisoned!</small><br></div><div class="spacer battle-history"><br></div><h2 class="battle-history">Turn 7</h2><div class="spacer battle-history"><br></div><div class="battle-history">The opposing Entei used <strong>Sacred Fire</strong>!<br></div><div class="battle-history"><small>(Conkeldurr lost <abbr title="−202/351">57.5%</abbr> of its health!)</small><br></div><div class="spacer battle-history"><br></div><div class="battle-history">Conkeldurr used <strong>Hammer Arm</strong>!<br></div><div class="battle-history"><small>(The opposing Entei lost <abbr title="−283/371">76.3%</abbr> of its health!)</small><br></div><div class="battle-history"><small>Conkeldurr's Speed fell!</small><br></div><div class="spacer battle-history"><br></div><div class="battle-history"><small>Conkeldurr was hurt by poison!</small><br></div><div class="spacer battle-history"><br></div><h2 class="battle-history">Turn 8</h2><div class="spacer battle-history"><br></div><div class="battle-history">The opposing Entei used <strong>Sacred Fire</strong>!<br></div><div class="battle-history"><small>(Conkeldurr lost <abbr title="−106/351">30.2%</abbr> of its health!)</small><br></div><div class="spacer battle-history"><br></div><div class="battle-history">Conkeldurr fainted!<br></div><div class="spacer battle-history"><br></div><div class="battle-history">Go! <strong>Gardevoir</strong>!<br></div><div class="battle-history"><small>Gardevoir was poisoned!</small><br></div><div class="spacer battle-history"><br></div><h2 class="battle-history">Turn 9</h2><div class="spacer battle-history"><br></div><div class="battle-history">The opposing Entei used <strong>Sacred Fire</strong>!<br></div><div class="battle-history"><small>(Gardevoir lost <abbr title="−265/277">95.7%</abbr> of its health!)</small><br></div><div class="spacer battle-history"><br></div><div class="battle-history">Gardevoir used <strong>Dazzling Gleam</strong>!<br></div><div class="battle-history"><small>It's not very effective...</small><br></div><div class="battle-history"><small>(The opposing Entei lost <abbr title="−68/371">18.3%</abbr> of its health!)</small><br></div><div class="spacer battle-history"><br></div><div class="battle-history"><small>Gardevoir was hurt by poison!</small><br></div><div class="spacer battle-history"><br></div><div class="battle-history">Gardevoir fainted!<br></div><div class="spacer battle-history"><br></div><div class="battle-history">Go! <strong>Arcanine</strong>!<br></div><div class="battle-history"><small>Arcanine was poisoned!</small><br></div><div class="battle-history"><small>[Arcanine's Intimidate]</small><br></div><div class="battle-history"><small>The opposing Entei's Attack fell!</small><br></div><div class="spacer battle-history"><br></div><h2 class="battle-history">Turn 10</h2><div class="spacer battle-history"><br></div><div class="battle-history">The opposing Entei used <strong>Extreme Speed</strong>!<br></div><div class="battle-history"><small>(Arcanine lost <abbr title="−86/321">26.8%</abbr> of its health!)</small><br></div><div class="spacer battle-history"><br></div><div class="battle-history">Arcanine used <strong>Close Combat</strong>!<br></div><div class="battle-history"><small>(The opposing Entei lost <abbr title="−20/371">5.4%</abbr> of its health!)</small><br></div><div class="battle-history"><small>Arcanine's Defense fell!</small><br></div><div class="battle-history"><small>Arcanine's Special Defense fell!</small><br></div><div class="spacer battle-history"><br></div><div class="battle-history">The opposing Entei fainted!<br></div><div class="spacer battle-history"><br></div><div class="battle-history"><small>Arcanine was hurt by poison!</small><br></div><div class="spacer battle-history"><br></div><div class="battle-history">Chief Lobo sent out <strong>Haxorus</strong>!<br></div><div class="battle-history"><small>[The opposing Haxorus's Mold Breaker]</small><br><small>The opposing Haxorus breaks the mold!</small><br></div><div class="spacer battle-history"><br></div><h2 class="battle-history">Turn 11</h2><div class="chat chatmessage-chieflobo"><strong style="color:hsl(344,44%,52.10009420502018%)"><small>☆</small><span class="username" data-name="Chief Lobo">Chief Lobo</span>:</strong> <em>gg</em></div><div class="spacer battle-history"><br></div><div class="battle-history">The opposing Haxorus used <strong>Earthquake</strong>!<br></div><div class="battle-history"><small>It's super effective!</small><br></div><div class="battle-history"><small>(Arcanine lost <abbr title="−195/321">60.7%</abbr> of its health!)</small><br></div><div class="spacer battle-history"><br></div><div class="battle-history">Arcanine fainted!<br></div><div class="spacer battle-history"><br></div><div class="battle-history"><strong>Chief Lobo</strong> won the battle!<br></div><div class="chat"><small>sirafn_YT left.</small></div><div class="chat">sirafn_YT's rating: 1000 → <strong>1000</strong><br>(+0 for losing)</div><div class="chat">Chief Lobo's rating: 1110 → <strong>1127</strong><br>(+17 for winning)</div></div><div class="inner-preempt"></div></div></div>
</div>
<script>
let daily = Math.floor(Date.now()/1000/60/60/24);document.write('<script src="https://play.pokemonshowdown.com/js/replay-embed.js?version'+daily+'"></'+'script>');
</script>
