<!DOCTYPE html>
<meta charset="utf-8" />
<!-- version 1 -->
<title>UU replay: ileslieknope vs. altervisi</title>
<style>
html,body {font-family:Verdana, sans-serif;font-size:10pt;margin:0;padding:0;}body{padding:12px 0;} .battle-log {font-family:Verdana, sans-serif;font-size:10pt;} .battle-log-inline {border:1px solid #AAAAAA;background:#EEF2F5;color:black;max-width:640px;margin:0 auto 80px;padding-bottom:5px;} .battle-log .inner {padding:4px 8px 0px 8px;} .battle-log .inner-preempt {padding:0 8px 4px 8px;} .battle-log .inner-after {margin-top:0.5em;} .battle-log h2 {margin:0.5em -8px;padding:4px 8px;border:1px solid #AAAAAA;background:#E0E7EA;border-left:0;border-right:0;font-family:Verdana, sans-serif;font-size:13pt;} .battle-log .chat {vertical-align:middle;padding:3px 0 3px 0;font-size:8pt;} .battle-log .chat strong {color:#40576A;} .battle-log .chat em {padding:1px 4px 1px 3px;color:#000000;font-style:normal;} .chat.mine {background:rgba(0,0,0,0.05);margin-left:-8px;margin-right:-8px;padding-left:8px;padding-right:8px;} .spoiler {color:#BBBBBB;background:#BBBBBB;padding:0px 3px;} .spoiler:hover, .spoiler:active, .spoiler-shown {color:#000000;background:#E2E2E2;padding:0px 3px;} .spoiler a {color:#BBBBBB;} .spoiler:hover a, .spoiler:active a, .spoiler-shown a {color:#2288CC;} .chat code, .chat .spoiler:hover code, .chat .spoiler:active code, .chat .spoiler-shown code {border:1px solid #C0C0C0;background:#EEEEEE;color:black;padding:0 2px;} .chat .spoiler code {border:1px solid #CCCCCC;background:#CCCCCC;color:#CCCCCC;} .battle-log .rated {padding:3px 4px;} .battle-log .rated strong {color:white;background:#89A;padding:1px 4px;border-radius:4px;} .spacer {margin-top:0.5em;} .message-announce {background:#6688AA;color:white;padding:1px 4px 2px;} .message-announce a, .broadcast-green a, .broadcast-blue a, .broadcast-red a {color:#DDEEFF;} .broadcast-green {background-color:#559955;color:white;padding:2px 4px;} .broadcast-blue {background-color:#6688AA;color:white;padding:2px 4px;} .infobox {border:1px solid #6688AA;padding:2px 4px;} .infobox-limited {max-height:200px;overflow:auto;overflow-x:hidden;} .broadcast-red {background-color:#AA5544;color:white;padding:2px 4px;} .message-learn-canlearn {font-weight:bold;color:#228822;text-decoration:underline;} .message-learn-cannotlearn {font-weight:bold;color:#CC2222;text-decoration:underline;} .message-effect-weak {font-weight:bold;color:#CC2222;} .message-effect-resist {font-weight:bold;color:#6688AA;} .message-effect-immune {font-weight:bold;color:#666666;} .message-learn-list {margin-top:0;margin-bottom:0;} .message-throttle-notice, .message-error {color:#992222;} .message-overflow, .chat small.message-overflow {font-size:0pt;} .message-overflow::before {font-size:9pt;content:'...';} .subtle {color:#3A4A66;}
</style>
<div class="wrapper replay-wrapper" style="max-width:1180px;margin:0 auto">
<input type="hidden" name="replayid" value="uu-537347566" />
<div class="battle"></div><div class="battle-log"></div><div class="replay-controls"></div><div class="replay-controls-2"></div>
<h1 style="font-weight:normal;text-align:center"><strong>UU</strong><br /><a href="http://pokemonshowdown.com/users/ileslieknope" class="subtle" target="_blank">ileslieknope</a> vs. <a href="http://pokemonshowdown.com/users/altervisi" class="subtle" target="_blank">altervisi</a></h1>
<script type="text/plain" class="battle-log-data">|j|ileslieknope
|j|altervisi
|player|p1|ileslieknope|70
|player|p2|altervisi|264
|gametype|singles
|gen|6
|tier|UU
|rated
|seed|22629,36508,50237,1525
|rule|Sleep Clause Mod: Limit one foe put to sleep
|rule|Species Clause: Limit one of each Pokémon
|rule|OHKO Clause: OHKO moves are banned
|rule|Moody Clause: Moody is banned
|rule|Evasion Moves Clause: Evasion moves are banned
|rule|Endless Battle Clause: Forcing endless battles is banned
|rule|HP Percentage Mod: HP is shown in percentages
|clearpoke
|poke|p1|Forretress, M, shiny|item
|poke|p1|Sylveon, F|item
|poke|p1|Gyarados, F, shiny|item
|poke|p1|Darmanitan, M|item
|poke|p1|Goodra, M|item
|poke|p1|Meloetta|item
|poke|p2|Umbreon, M, shiny|item
|poke|p2|Beedrill, F, shiny|item
|poke|p2|Cloyster, F, shiny|item
|poke|p2|Whimsicott, F, shiny|item
|poke|p2|Porygon-Z|item
|poke|p2|Chesnaught, F|item
|rule|Swagger Clause: Swagger is banned
|rule|Baton Pass Clause: Limit one Baton Passer, can't pass Spe and other stats simultaneously
|teampreview
|choice|team 1, team 2, team 3, team 4, team 5, team 6|team 6, team 2, team 3, team 4, team 5, team 1
|
|start
|switch|p1a: Forretress|Forretress, M, shiny|354\/354
|switch|p2a: Chesnaught|Chesnaught, F|380\/380
|turn|1
|choice|move stealthrock|move leechseed
|
|move|p2a: Chesnaught|Leech Seed|p1a: Forretress
|-start|p1a: Forretress|move: Leech Seed
|move|p1a: Forretress|Stealth Rock|p2a: Chesnaught
|-sidestart|p2: altervisi|move: Stealth Rock
|
|-damage|p1a: Forretress|310\/354|[from] Leech Seed|[of] p2a: Chesnaught
|upkeep
|turn|2
|choice|move voltswitch|move spikes
|
|move|p2a: Chesnaught|Spikes|p1a: Forretress
|-sidestart|p1: ileslieknope|Spikes
|move|p1a: Forretress|Volt Switch|p2a: Chesnaught
|-resisted|p2a: Chesnaught
|-damage|p2a: Chesnaught|356\/380
|choice|switch 5|
|
|switch|p1a: Goodra|Goodra, M|350\/350
|-damage|p1a: Goodra|307\/350|[from] Spikes
|
|-heal|p2a: Chesnaught|379\/380|[from] item: Leftovers
|upkeep
|turn|3
|choice|move flamethrower|move spikes
|
|move|p1a: Goodra|Flamethrower|p2a: Chesnaught
|-supereffective|p2a: Chesnaught
|-damage|p2a: Chesnaught|93\/380
|-status|p2a: Chesnaught|brn
|move|p2a: Chesnaught|Spikes|p1a: Goodra
|-sidestart|p1: ileslieknope|Spikes
|
|-heal|p2a: Chesnaught|116\/380 brn|[from] item: Leftovers
|-damage|p2a: Chesnaught|69\/380 brn|[from] brn
|upkeep
|turn|4
|choice|move icebeam|switch 6
|
|switch|p2a: Umbreon|Umbreon, M, shiny|394\/394
|-damage|p2a: Umbreon|345\/394|[from] Stealth Rock
|move|p1a: Goodra|Ice Beam|p2a: Umbreon
|-damage|p2a: Umbreon|283\/394
|
|-heal|p2a: Umbreon|307\/394|[from] item: Leftovers
|upkeep
|turn|5
|choice|switch 5|move healbell
|
|switch|p1a: Forretress|Forretress, M, shiny|310\/354
|-damage|p1a: Forretress|251\/354|[from] Spikes
|move|p2a: Umbreon|Heal Bell|p2a: Umbreon
|-activate|p2a: Umbreon|move: Heal Bell
|-curestatus|p2: Chesnaught|brn|[msg]
|
|-heal|p2a: Umbreon|331\/394|[from] item: Leftovers
|upkeep
|turn|6
|choice|move spikes|move wish
|
|move|p2a: Umbreon|Wish|p2a: Umbreon
|move|p1a: Forretress|Spikes|p2a: Umbreon
|-sidestart|p2: altervisi|Spikes
|
|-heal|p2a: Umbreon|355\/394|[from] item: Leftovers
|upkeep
|turn|7
|choice|move toxicspikes|switch 6
|
|switch|p2a: Chesnaught|Chesnaught, F|69\/380
|-damage|p2a: Chesnaught|46\/380|[from] Stealth Rock
|-damage|p2a: Chesnaught|0 fnt|[from] Spikes
|faint|p2a: Chesnaught
|move|p1a: Forretress|Toxic Spikes|p2: Chesnaught
|-sidestart|p2: altervisi|move: Toxic Spikes
|
|upkeep
|choice||switch 3
|
|switch|p2a: Cloyster|Cloyster, F, shiny|241\/241
|-status|p2a: Cloyster|psn
|-damage|p2a: Cloyster|211\/241 psn|[from] Spikes
|-damage|p2a: Cloyster|151\/241 psn|[from] Stealth Rock
|turn|8
|choice|move spikes|move shellsmash
|
|move|p2a: Cloyster|Shell Smash|p2a: Cloyster
|-unboost|p2a: Cloyster|def|1
|-unboost|p2a: Cloyster|spd|1
|-boost|p2a: Cloyster|atk|2
|-boost|p2a: Cloyster|spa|2
|-boost|p2a: Cloyster|spe|2
|move|p1a: Forretress|Spikes|p2a: Cloyster
|-sidestart|p2: altervisi|Spikes
|
|-damage|p2a: Cloyster|121\/241 psn|[from] psn
|upkeep
|turn|9
|choice|move voltswitch|move rockblast
|
|move|p2a: Cloyster|Rock Blast|p1a: Forretress
|-damage|p1a: Forretress|212\/354
|-damage|p1a: Forretress|174\/354
|-damage|p1a: Forretress|140\/354
|-damage|p1a: Forretress|106\/354
|-damage|p1a: Forretress|66\/354
|-hitcount|p1a: Forretress|5
|move|p1a: Forretress|Volt Switch|p2a: Cloyster
|-supereffective|p2a: Cloyster
|-damage|p2a: Cloyster|0 fnt
|faint|p2a: Cloyster
|choice|switch 5|
|
|switch|p1a: Goodra|Goodra, M|307\/350
|-damage|p1a: Goodra|249\/350|[from] Spikes
|
|upkeep
|choice||switch 4
|
|switch|p2a: Whimsicott|Whimsicott, F, shiny|323\/323
|-damage|p2a: Whimsicott|283\/323|[from] Stealth Rock
|-damage|p2a: Whimsicott|230\/323|[from] Spikes
|-status|p2a: Whimsicott|psn
|turn|10
|choice|move sludgewave|move moonblast
|
|move|p2a: Whimsicott|Moonblast|p1a: Goodra
|-supereffective|p1a: Goodra
|-damage|p1a: Goodra|105\/350
|-enditem|p1a: Goodra|Weakness Policy
|-boost|p1a: Goodra|atk|2
|-boost|p1a: Goodra|spa|2
|-unboost|p1a: Goodra|spa|1
|move|p1a: Goodra|Sludge Wave|p2a: Whimsicott
|-supereffective|p2a: Whimsicott
|-damage|p2a: Whimsicott|0 fnt
|faint|p2a: Whimsicott
|
|upkeep
|choice||switch 2
|
|switch|p2a: Beedrill|Beedrill, F, shiny|271\/271
|-damage|p2a: Beedrill|204\/271|[from] Stealth Rock
|-damage|p2a: Beedrill|159\/271|[from] Spikes
|-sideend|p2: altervisi|move: Toxic Spikes|[of] p2a: Beedrill
|turn|11
|choice|move flamethrower|move protect mega
|
|detailschange|p2a: Beedrill|Beedrill-Mega, F, shiny
|-mega|p2a: Beedrill|Beedrill|Beedrillite
|move|p2a: Beedrill|Protect|p2a: Beedrill
|-singleturn|p2a: Beedrill|Protect
|move|p1a: Goodra|Flamethrower|p2a: Beedrill
|-activate|p2a: Beedrill|move: Protect
|
|upkeep
|turn|12
|choice|move flamethrower|move uturn
|
|move|p2a: Beedrill|U-turn|p1a: Goodra
|-damage|p1a: Goodra|0 fnt
|-ability|p1a: Goodra|Gooey
|-unboost|p2a: Beedrill|spe|1
|faint|p1a: Goodra
|choice||switch 6
|
|switch|p2a: Umbreon|Umbreon, M, shiny|355\/394
|-damage|p2a: Umbreon|306\/394|[from] Stealth Rock
|-damage|p2a: Umbreon|241\/394|[from] Spikes
|
|-heal|p2a: Umbreon|265\/394|[from] item: Leftovers
|upkeep
|choice|switch 5|
|
|switch|p1a: Forretress|Forretress, M, shiny|66\/354
|-damage|p1a: Forretress|7\/354|[from] Spikes
|turn|13
|choice|move spikes|move foulplay
|
|move|p2a: Umbreon|Foul Play|p1a: Forretress
|-damage|p1a: Forretress|0 fnt
|-damage|p2a: Umbreon|200\/394|[from] item: Rocky Helmet|[of] p1a: Forretress
|faint|p1a: Forretress
|
|-heal|p2a: Umbreon|224\/394|[from] item: Leftovers
|upkeep
|choice|switch 2|
|
|switch|p1a: Sylveon|Sylveon, F|393\/393
|-damage|p1a: Sylveon|328\/393|[from] Spikes
|turn|14
|choice|move calmmind|move wish
|
|move|p2a: Umbreon|Wish|p2a: Umbreon
|move|p1a: Sylveon|Calm Mind|p1a: Sylveon
|-boost|p1a: Sylveon|spa|1
|-boost|p1a: Sylveon|spd|1
|
|-heal|p2a: Umbreon|248\/394|[from] item: Leftovers
|upkeep
|turn|15
|choice|move hypervoice|switch 6
|
|switch|p2a: Beedrill|Beedrill-Mega, F, shiny|159\/271
|-damage|p2a: Beedrill|114\/271|[from] Spikes
|-damage|p2a: Beedrill|47\/271|[from] Stealth Rock
|move|p1a: Sylveon|Hyper Voice|p2a: Beedrill
|-resisted|p2a: Beedrill
|-damage|p2a: Beedrill|0 fnt
|-damage|p1a: Sylveon|289\/393|[from] item: Life Orb
|faint|p2a: Beedrill
|
|upkeep
|choice||switch 5
|
|switch|p2a: Porygon-Z|Porygon-Z|311\/311
|-damage|p2a: Porygon-Z|260\/311|[from] Spikes
|-damage|p2a: Porygon-Z|222\/311|[from] Stealth Rock
|turn|16
|choice|move hypervoice|move triattack
|
|move|p2a: Porygon-Z|Tri Attack|p1a: Sylveon
|-crit|p1a: Sylveon
|-damage|p1a: Sylveon|0 fnt
|faint|p1a: Sylveon
|
|upkeep
|choice|switch 6|
|
|switch|p1a: Meloetta|Meloetta|341\/341
|-damage|p1a: Meloetta|285\/341|[from] Spikes
|turn|17
|c|★altervisi|yeah motherfuka
|c|★ileslieknope|hehe
|choice|move psyshock|switch 6
|
|switch|p2a: Umbreon|Umbreon, M, shiny|248\/394
|-damage|p2a: Umbreon|183\/394|[from] Spikes
|-damage|p2a: Umbreon|134\/394|[from] Stealth Rock
|move|p1a: Meloetta|Psyshock|p2a: Umbreon
|-immune|p2a: Umbreon|[msg]
|
|-heal|p2a: Umbreon|158\/394|[from] item: Leftovers
|upkeep
|turn|18
|choice|move dazzlinggleam|move wish
|
|move|p1a: Meloetta|Dazzling Gleam|p2a: Umbreon
|-supereffective|p2a: Umbreon
|-damage|p2a: Umbreon|7\/394
|move|p2a: Umbreon|Wish|p2a: Umbreon
|
|-heal|p2a: Umbreon|31\/394|[from] item: Leftovers
|upkeep
|turn|19
|choice|move calmmind|move protect
|
|move|p2a: Umbreon|Protect|p2a: Umbreon
|-singleturn|p2a: Umbreon|Protect
|move|p1a: Meloetta|Calm Mind|p1a: Meloetta
|-boost|p1a: Meloetta|spa|1
|-boost|p1a: Meloetta|spd|1
|
|-heal|p2a: Umbreon|228\/394|[from] move: Wish|[wisher] Umbreon
|-heal|p2a: Umbreon|252\/394|[from] item: Leftovers
|upkeep
|turn|20
|choice|move dazzlinggleam|move wish
|
|move|p1a: Meloetta|Dazzling Gleam|p2a: Umbreon
|-supereffective|p2a: Umbreon
|-damage|p2a: Umbreon|41\/394
|move|p2a: Umbreon|Wish|p2a: Umbreon
|
|-heal|p2a: Umbreon|65\/394|[from] item: Leftovers
|upkeep
|turn|21
|choice|move calmmind|move protect
|
|move|p2a: Umbreon|Protect|p2a: Umbreon
|-singleturn|p2a: Umbreon|Protect
|move|p1a: Meloetta|Calm Mind|p1a: Meloetta
|-boost|p1a: Meloetta|spa|1
|-boost|p1a: Meloetta|spd|1
|
|-heal|p2a: Umbreon|262\/394|[from] move: Wish|[wisher] Umbreon
|-heal|p2a: Umbreon|286\/394|[from] item: Leftovers
|upkeep
|turn|22
|choice|move hypervoice|switch 6
|
|switch|p2a: Porygon-Z|Porygon-Z|222\/311
|-damage|p2a: Porygon-Z|171\/311|[from] Spikes
|-damage|p2a: Porygon-Z|133\/311|[from] Stealth Rock
|move|p1a: Meloetta|Hyper Voice|p2a: Porygon-Z
|-damage|p2a: Porygon-Z|0 fnt
|faint|p2a: Porygon-Z
|
|upkeep
|-message|altervisi forfeited.
|
|win|ileslieknope
|player|p1
|player|p2
|l|altervisi
|raw|ileslieknope's rating: 1165 &rarr; <strong>1190<\/strong><br \/>(+25 for winning)
|raw|altervisi's rating: 1171 &rarr; <strong>1145<\/strong><br \/>(-26 for losing)</script>
</div>
<div class="battle-log battle-log-inline"><div class="inner"><div class="battle-options"></div><div class="inner"><div class="chat"><small>ileslieknope joined.</small></div><div class="chat"><small>altervisi joined.</small></div><div class=""><small>Format:</small> <br><strong>UU</strong></div><div class="rated"><strong>Rated battle</strong></div><div class=""><small><em>Sleep Clause Mod:</em> Limit one foe put to sleep</small></div><div class=""><small><em>Species Clause:</em> Limit one of each Pokémon</small></div><div class=""><small><em>OHKO Clause:</em> OHKO moves are banned</small></div><div class=""><small><em>Moody Clause:</em> Moody is banned</small></div><div class=""><small><em>Evasion Moves Clause:</em> Evasion moves are banned</small></div><div class=""><small><em>Endless Battle Clause:</em> Forcing endless battles is banned</small></div><div class=""><small><em>HP Percentage Mod:</em> HP is shown in percentages</small></div><div class=""><small><em>Swagger Clause:</em> Swagger is banned</small></div><div class=""><small><em>Baton Pass Clause:</em> Limit one Baton Passer, can't pass Spe and other stats simultaneously</small></div><div class="chat battle-history"><strong>ileslieknope's team:</strong> <em style="color:#445566;display:block;">Forretress / Sylveon / Gyarados / Darmanitan / Goodra / Meloetta</em></div><div class="chat battle-history"><strong>altervisi's team:</strong> <em style="color:#445566;display:block;">Umbreon / Beedrill / Cloyster / Whimsicott / Porygon-Z / Chesnaught</em></div><div class="spacer battle-history"><br></div><div class="battle-history">Battle started between ileslieknope and altervisi!<br></div><div class="spacer battle-history"><br></div><div class="battle-history">Go! <strong>Forretress</strong>!<br></div><div class="spacer battle-history"><br></div><div class="battle-history">altervisi sent out <strong>Chesnaught</strong>!<br></div><div class="spacer battle-history"><br></div><h2 class="battle-history">Turn 1</h2><div class="spacer battle-history"><br></div><div class="battle-history">The opposing Chesnaught used <strong>Leech Seed</strong>!<br></div><div class="battle-history"><small>Forretress was seeded!</small><br></div><div class="spacer battle-history"><br></div><div class="battle-history">Forretress used <strong>Stealth Rock</strong>!<br></div><div class="battle-history"><small>Pointed stones float in the air around the opposing team!</small><br></div><div class="spacer battle-history"><br></div><div class="battle-history"><small>Forretress's health is sapped by Leech Seed!</small><br></div><div class="spacer battle-history"><br></div><h2 class="battle-history">Turn 2</h2><div class="spacer battle-history"><br></div><div class="battle-history">The opposing Chesnaught used <strong>Spikes</strong>!<br></div><div class="battle-history"><small>Spikes were scattered on the ground all around your team!</small><br></div><div class="spacer battle-history"><br></div><div class="battle-history">Forretress used <strong>Volt Switch</strong>!<br></div><div class="battle-history"><small>It's not very effective...</small><br></div><div class="battle-history"><small>(The opposing Chesnaught lost <abbr title="−24/380">6.3%</abbr> of its health!)</small><br></div><div class="spacer battle-history"><br></div><div class="battle-history">Forretress went back to ileslieknope!<br></div><div class="battle-history">Go! <strong>Goodra</strong>!<br></div><div class="battle-history"><small>Goodra is hurt by the spikes!</small><br></div><div class="spacer battle-history"><br></div><div class="battle-history"><small>The opposing Chesnaught restored a little HP using its Leftovers!</small><br></div><div class="spacer battle-history"><br></div><h2 class="battle-history">Turn 3</h2><div class="spacer battle-history"><br></div><div class="battle-history">Goodra used <strong>Flamethrower</strong>!<br></div><div class="battle-history"><small>It's super effective!</small><br></div><div class="battle-history"><small>(The opposing Chesnaught lost <abbr title="−286/380">75.3%</abbr> of its health!)</small><br></div><div class="battle-history"><small>The opposing Chesnaught was burned!</small><br></div><div class="spacer battle-history"><br></div><div class="battle-history">The opposing Chesnaught used <strong>Spikes</strong>!<br></div><div class="battle-history"><small>Spikes were scattered on the ground all around your team!</small><br></div><div class="spacer battle-history"><br></div><div class="battle-history"><small>The opposing Chesnaught restored a little HP using its Leftovers!</small><br></div><div class="battle-history"><small>The opposing Chesnaught was hurt by its burn!</small><br></div><div class="spacer battle-history"><br></div><h2 class="battle-history">Turn 4</h2><div class="spacer battle-history"><br></div><div class="battle-history">altervisi withdrew Chesnaught!<br></div><div class="battle-history">altervisi sent out <strong>Umbreon</strong>!<br></div><div class="battle-history"><small>Pointed stones dug into the opposing Umbreon!</small><br></div><div class="spacer battle-history"><br></div><div class="battle-history">Goodra used <strong>Ice Beam</strong>!<br></div><div class="battle-history"><small>(The opposing Umbreon lost <abbr title="−62/394">15.7%</abbr> of its health!)</small><br></div><div class="spacer battle-history"><br></div><div class="battle-history"><small>The opposing Umbreon restored a little HP using its Leftovers!</small><br></div><div class="spacer battle-history"><br></div><h2 class="battle-history">Turn 5</h2><div class="spacer battle-history"><br></div><div class="battle-history">Goodra, come back!<br></div><div class="battle-history">Go! <strong>Forretress</strong>!<br></div><div class="battle-history"><small>Forretress is hurt by the spikes!</small><br></div><div class="spacer battle-history"><br></div><div class="battle-history">The opposing Umbreon used <strong>Heal Bell</strong>!<br></div><div class="battle-history"><small>A bell chimed!</small><br></div><div class="battle-history"><small>The opposing Chesnaught's burn was healed.</small><br></div><div class="spacer battle-history"><br></div><div class="battle-history"><small>The opposing Umbreon restored a little HP using its Leftovers!</small><br></div><div class="spacer battle-history"><br></div><h2 class="battle-history">Turn 6</h2><div class="spacer battle-history"><br></div><div class="battle-history">The opposing Umbreon used <strong>Wish</strong>!<br></div><div class="spacer battle-history"><br></div><div class="battle-history">Forretress used <strong>Spikes</strong>!<br></div><div class="battle-history"><small>Spikes were scattered on the ground all around the opposing team!</small><br></div><div class="spacer battle-history"><br></div><div class="battle-history"><small>The opposing Umbreon restored a little HP using its Leftovers!</small><br></div><div class="spacer battle-history"><br></div><h2 class="battle-history">Turn 7</h2><div class="spacer battle-history"><br></div><div class="battle-history">altervisi withdrew Umbreon!<br></div><div class="battle-history">altervisi sent out <strong>Chesnaught</strong>!<br></div><div class="battle-history"><small>Pointed stones dug into the opposing Chesnaught!</small><br></div><div class="battle-history"><small>The opposing Chesnaught is hurt by the spikes!</small><br></div><div class="spacer battle-history"><br></div><div class="battle-history">The opposing Chesnaught fainted!<br></div><div class="battle-history">Forretress used <strong>Toxic Spikes</strong>!<br></div><div class="battle-history"><small>Poison spikes were scattered on the ground all around the opposing team!</small><br></div><div class="spacer battle-history"><br></div><div class="battle-history">altervisi sent out <strong>Cloyster</strong>!<br></div><div class="battle-history"><small>The opposing Cloyster was poisoned!</small><br></div><div class="battle-history"><small>The opposing Cloyster is hurt by the spikes!</small><br></div><div class="battle-history"><small>Pointed stones dug into the opposing Cloyster!</small><br></div><div class="spacer battle-history"><br></div><h2 class="battle-history">Turn 8</h2><div class="spacer battle-history"><br></div><div class="battle-history">The opposing Cloyster used <strong>Shell Smash</strong>!<br></div><div class="battle-history"><small>The opposing Cloyster's Defense fell!</small><br></div><div class="battle-history"><small>The opposing Cloyster's Special Defense fell!</small><br></div><div class="battle-history"><small>The opposing Cloyster's Attack rose sharply!</small><br></div><div class="battle-history"><small>The opposing Cloyster's Special Attack rose sharply!</small><br></div><div class="battle-history"><small>The opposing Cloyster's Speed rose sharply!</small><br></div><div class="spacer battle-history"><br></div><div class="battle-history">Forretress used <strong>Spikes</strong>!<br></div><div class="battle-history"><small>Spikes were scattered on the ground all around the opposing team!</small><br></div><div class="spacer battle-history"><br></div><div class="battle-history"><small>The opposing Cloyster was hurt by poison!</small><br></div><div class="spacer battle-history"><br></div><h2 class="battle-history">Turn 9</h2><div class="spacer battle-history"><br></div><div class="battle-history">The opposing Cloyster used <strong>Rock Blast</strong>!<br></div><div class="battle-history"><small>(Forretress lost <abbr title="−39/354">11.0%</abbr> of its health!)</small><br></div><div class="battle-history"><small>(Forretress lost <abbr title="−38/354">10.7%</abbr> of its health!)</small><br></div><div class="battle-history"><small>(Forretress lost <abbr title="−34/354">9.6%</abbr> of its health!)</small><br></div><div class="battle-history"><small>(Forretress lost <abbr title="−34/354">9.6%</abbr> of its health!)</small><br></div><div class="battle-history"><small>(Forretress lost <abbr title="−40/354">11.3%</abbr> of its health!)</small><br></div><div class="battle-history"><small>Hit 5 times!</small><br></div><div class="spacer battle-history"><br></div><div class="battle-history">Forretress used <strong>Volt Switch</strong>!<br></div><div class="battle-history"><small>It's super effective!</small><br></div><div class="battle-history"><small>(The opposing Cloyster lost <abbr title="−121/241">50.2%</abbr> of its health!)</small><br></div><div class="spacer battle-history"><br></div><div class="battle-history">The opposing Cloyster fainted!<br></div><div class="spacer battle-history"><br></div><div class="battle-history">Forretress went back to ileslieknope!<br></div><div class="battle-history">Go! <strong>Goodra</strong>!<br></div><div class="battle-history"><small>Goodra is hurt by the spikes!</small><br></div><div class="spacer battle-history"><br></div><div class="battle-history">altervisi sent out <strong>Whimsicott</strong>!<br></div><div class="battle-history"><small>Pointed stones dug into the opposing Whimsicott!</small><br></div><div class="battle-history"><small>The opposing Whimsicott is hurt by the spikes!</small><br></div><div class="battle-history"><small>The opposing Whimsicott was poisoned!</small><br></div><div class="spacer battle-history"><br></div><h2 class="battle-history">Turn 10</h2><div class="spacer battle-history"><br></div><div class="battle-history">The opposing Whimsicott used <strong>Moonblast</strong>!<br></div><div class="battle-history"><small>It's super effective!</small><br></div><div class="battle-history"><small>(Goodra lost <abbr title="−144/350">41.1%</abbr> of its health!)</small><br></div><div class="battle-history"><small>(Goodra used its Weakness Policy!)</small><br></div><div class="battle-history"><small>Goodra's Attack rose sharply!</small><br></div><div class="battle-history"><small>Goodra's Special Attack rose sharply!</small><br></div><div class="battle-history"><small>Goodra's Special Attack fell!</small><br></div><div class="spacer battle-history"><br></div><div class="battle-history">Goodra used <strong>Sludge Wave</strong>!<br></div><div class="battle-history"><small>It's super effective!</small><br></div><div class="battle-history"><small>(The opposing Whimsicott lost <abbr title="−230/323">71.2%</abbr> of its health!)</small><br></div><div class="spacer battle-history"><br></div><div class="battle-history">The opposing Whimsicott fainted!<br></div><div class="spacer battle-history"><br></div><div class="battle-history">altervisi sent out <strong>Beedrill</strong>!<br></div><div class="battle-history"><small>Pointed stones dug into the opposing Beedrill!</small><br></div><div class="battle-history"><small>The opposing Beedrill is hurt by the spikes!</small><br></div><div class="battle-history"><small>The poison spikes disappeared from the ground around the opposing team!</small><br></div><div class="spacer battle-history"><br></div><h2 class="battle-history">Turn 11</h2><div class="spacer battle-history"><br></div><div class="battle-history"><small>The opposing Beedrill's Beedrillite is reacting to altervisi's Mega Bracelet!</small><br>The opposing Beedrill has Mega Evolved into Mega Beedrill!<br></div><div class="spacer battle-history"><br></div><div class="battle-history">The opposing Beedrill used <strong>Protect</strong>!<br></div><div class="battle-history"><small>The opposing Beedrill protected itself!</small><br></div><div class="spacer battle-history"><br></div><div class="battle-history">Goodra used <strong>Flamethrower</strong>!<br></div><div class="battle-history"><small>The opposing Beedrill protected itself!</small><br></div><div class="spacer battle-history"><br></div><h2 class="battle-history">Turn 12</h2><div class="spacer battle-history"><br></div><div class="battle-history">The opposing Beedrill used <strong>U-turn</strong>!<br></div><div class="battle-history"><small>(Goodra lost <abbr title="−105/350">30%</abbr> of its health!)</small><br></div><div class="battle-history"><small>[Goodra's Gooey]</small><br></div><div class="battle-history"><small>The opposing Beedrill's Speed fell!</small><br></div><div class="spacer battle-history"><br></div><div class="battle-history">Goodra fainted!<br></div><div class="spacer battle-history"><br></div><div class="battle-history">The opposing Beedrill went back to altervisi!<br></div><div class="battle-history">altervisi sent out <strong>Umbreon</strong>!<br></div><div class="battle-history"><small>Pointed stones dug into the opposing Umbreon!</small><br></div><div class="battle-history"><small>The opposing Umbreon is hurt by the spikes!</small><br></div><div class="spacer battle-history"><br></div><div class="battle-history"><small>The opposing Umbreon restored a little HP using its Leftovers!</small><br></div><div class="spacer battle-history"><br></div><div class="battle-history">Go! <strong>Forretress</strong>!<br></div><div class="battle-history"><small>Forretress is hurt by the spikes!</small><br></div><div class="spacer battle-history"><br></div><h2 class="battle-history">Turn 13</h2><div class="spacer battle-history"><br></div><div class="battle-history">The opposing Umbreon used <strong>Foul Play</strong>!<br></div><div class="battle-history"><small>(Forretress lost <abbr title="−7/354">2.0%</abbr> of its health!)</small><br></div><div class="battle-history"><small>The opposing Umbreon was hurt by the Rocky Helmet!</small><br></div><div class="spacer battle-history"><br></div><div class="battle-history">Forretress fainted!<br></div><div class="spacer battle-history"><br></div><div class="battle-history"><small>The opposing Umbreon restored a little HP using its Leftovers!</small><br></div><div class="spacer battle-history"><br></div><div class="battle-history">Go! <strong>Sylveon</strong>!<br></div><div class="battle-history"><small>Sylveon is hurt by the spikes!</small><br></div><div class="spacer battle-history"><br></div><h2 class="battle-history">Turn 14</h2><div class="spacer battle-history"><br></div><div class="battle-history">The opposing Umbreon used <strong>Wish</strong>!<br></div><div class="spacer battle-history"><br></div><div class="battle-history">Sylveon used <strong>Calm Mind</strong>!<br></div><div class="battle-history"><small>Sylveon's Special Attack rose!</small><br></div><div class="battle-history"><small>Sylveon's Special Defense rose!</small><br></div><div class="spacer battle-history"><br></div><div class="battle-history"><small>The opposing Umbreon restored a little HP using its Leftovers!</small><br></div><div class="spacer battle-history"><br></div><h2 class="battle-history">Turn 15</h2><div class="spacer battle-history"><br></div><div class="battle-history">altervisi withdrew Umbreon!<br></div><div class="battle-history">altervisi sent out Beedrill (<strong>Beedrill-Mega</strong>)!<br></div><div class="battle-history"><small>The opposing Beedrill is hurt by the spikes!</small><br></div><div class="battle-history"><small>Pointed stones dug into the opposing Beedrill!</small><br></div><div class="spacer battle-history"><br></div><div class="battle-history">Sylveon used <strong>Hyper Voice</strong>!<br></div><div class="battle-history"><small>It's not very effective...</small><br></div><div class="battle-history"><small>(The opposing Beedrill lost <abbr title="−47/271">17.3%</abbr> of its health!)</small><br></div><div class="battle-history"><small>Sylveon lost some of its HP!</small><br></div><div class="spacer battle-history"><br></div><div class="battle-history">The opposing Beedrill fainted!<br></div><div class="spacer battle-history"><br></div><div class="battle-history">altervisi sent out <strong>Porygon-Z</strong>!<br></div><div class="battle-history"><small>The opposing Porygon-Z is hurt by the spikes!</small><br></div><div class="battle-history"><small>Pointed stones dug into the opposing Porygon-Z!</small><br></div><div class="spacer battle-history"><br></div><h2 class="battle-history">Turn 16</h2><div class="spacer battle-history"><br></div><div class="battle-history">The opposing Porygon-Z used <strong>Tri Attack</strong>!<br></div><div class="battle-history"><small>A critical hit!</small><br></div><div class="battle-history"><small>(Sylveon lost <abbr title="−289/393">73.5%</abbr> of its health!)</small><br></div><div class="spacer battle-history"><br></div><div class="battle-history">Sylveon fainted!<br></div><div class="spacer battle-history"><br></div><div class="battle-history">Go! <strong>Meloetta</strong>!<br></div><div class="battle-history"><small>Meloetta is hurt by the spikes!</small><br></div><div class="spacer battle-history"><br></div><h2 class="battle-history">Turn 17</h2><div class="chat chatmessage-altervisi"><strong style="color:hsl(63,71%,35.27847136462451%)"><small>★</small><span class="username" data-name="altervisi">altervisi</span>:</strong> <em>yeah motherfuka</em></div><div class="chat chatmessage-ileslieknope"><strong style="color:hsl(7,42%,49.14190831262144%)"><small>★</small><span class="username" data-name="ileslieknope">ileslieknope</span>:</strong> <em>hehe</em></div><div class="spacer battle-history"><br></div><div class="battle-history">altervisi withdrew Porygon-Z!<br></div><div class="battle-history">altervisi sent out <strong>Umbreon</strong>!<br></div><div class="battle-history"><small>The opposing Umbreon is hurt by the spikes!</small><br></div><div class="battle-history"><small>Pointed stones dug into the opposing Umbreon!</small><br></div><div class="spacer battle-history"><br></div><div class="battle-history">Meloetta used <strong>Psyshock</strong>!<br></div><div class="battle-history"><small>It doesn't affect the opposing Umbreon...</small><br></div><div class="spacer battle-history"><br></div><div class="battle-history"><small>The opposing Umbreon restored a little HP using its Leftovers!</small><br></div><div class="spacer battle-history"><br></div><h2 class="battle-history">Turn 18</h2><div class="spacer battle-history"><br></div><div class="battle-history">Meloetta used <strong>Dazzling Gleam</strong>!<br></div><div class="battle-history"><small>It's super effective!</small><br></div><div class="battle-history"><small>(The opposing Umbreon lost <abbr title="−151/394">38.3%</abbr> of its health!)</small><br></div><div class="spacer battle-history"><br></div><div class="battle-history">The opposing Umbreon used <strong>Wish</strong>!<br></div><div class="spacer battle-history"><br></div><div class="battle-history"><small>The opposing Umbreon restored a little HP using its Leftovers!</small><br></div><div class="spacer battle-history"><br></div><h2 class="battle-history">Turn 19</h2><div class="spacer battle-history"><br></div><div class="battle-history">The opposing Umbreon used <strong>Protect</strong>!<br></div><div class="battle-history"><small>The opposing Umbreon protected itself!</small><br></div><div class="spacer battle-history"><br></div><div class="battle-history">Meloetta used <strong>Calm Mind</strong>!<br></div><div class="battle-history"><small>Meloetta's Special Attack rose!</small><br></div><div class="battle-history"><small>Meloetta's Special Defense rose!</small><br></div><div class="spacer battle-history"><br></div><div class="battle-history"><small>Umbreon's wish came true!</small><br></div><div class="battle-history"><small>The opposing Umbreon restored a little HP using its Leftovers!</small><br></div><div class="spacer battle-history"><br></div><h2 class="battle-history">Turn 20</h2><div class="spacer battle-history"><br></div><div class="battle-history">Meloetta used <strong>Dazzling Gleam</strong>!<br></div><div class="battle-history"><small>It's super effective!</small><br></div><div class="battle-history"><small>(The opposing Umbreon lost <abbr title="−211/394">53.6%</abbr> of its health!)</small><br></div><div class="spacer battle-history"><br></div><div class="battle-history">The opposing Umbreon used <strong>Wish</strong>!<br></div><div class="spacer battle-history"><br></div><div class="battle-history"><small>The opposing Umbreon restored a little HP using its Leftovers!</small><br></div><div class="spacer battle-history"><br></div><h2 class="battle-history">Turn 21</h2><div class="spacer battle-history"><br></div><div class="battle-history">The opposing Umbreon used <strong>Protect</strong>!<br></div><div class="battle-history"><small>The opposing Umbreon protected itself!</small><br></div><div class="spacer battle-history"><br></div><div class="battle-history">Meloetta used <strong>Calm Mind</strong>!<br></div><div class="battle-history"><small>Meloetta's Special Attack rose!</small><br></div><div class="battle-history"><small>Meloetta's Special Defense rose!</small><br></div><div class="spacer battle-history"><br></div><div class="battle-history"><small>Umbreon's wish came true!</small><br></div><div class="battle-history"><small>The opposing Umbreon restored a little HP using its Leftovers!</small><br></div><div class="spacer battle-history"><br></div><h2 class="battle-history">Turn 22</h2><div class="spacer battle-history"><br></div><div class="battle-history">altervisi withdrew Umbreon!<br></div><div class="battle-history">altervisi sent out <strong>Porygon-Z</strong>!<br></div><div class="battle-history"><small>The opposing Porygon-Z is hurt by the spikes!</small><br></div><div class="battle-history"><small>Pointed stones dug into the opposing Porygon-Z!</small><br></div><div class="spacer battle-history"><br></div><div class="battle-history">Meloetta used <strong>Hyper Voice</strong>!<br></div><div class="battle-history"><small>(The opposing Porygon-Z lost <abbr title="−133/311">42.8%</abbr> of its health!)</small><br></div><div class="spacer battle-history"><br></div><div class="battle-history">The opposing Porygon-Z fainted!<br></div><div class="spacer battle-history"><br></div><div class="battle-history"><small>altervisi forfeited.</small><br></div><div class="spacer battle-history"><br></div><div class="battle-history"><strong>ileslieknope</strong> won the battle!<br></div><div class="chat"><small>altervisi left.</small></div><div class="chat">ileslieknope's rating: 1165 → <strong>1190</strong><br>(+25 for winning)</div><div class="chat">altervisi's rating: 1171 → <strong>1145</strong><br>(-26 for losing)</div></div><div class="inner-preempt"></div></div></div>
</div>
<script>
let daily = Math.floor(Date.now()/1000/60/60/24);document.write('<script src="https://play.pokemonshowdown.com/js/replay-embed.js?version'+daily+'"></'+'script>');
</script>
