<!DOCTYPE html>
<meta charset="utf-8" />
<!-- version 1 -->
<title>UU replay: wiimanlymen vs. Krooknotch</title>
<style>
html,body {font-family:Verdana, sans-serif;font-size:10pt;margin:0;padding:0;}body{padding:12px 0;} .battle-log {font-family:Verdana, sans-serif;font-size:10pt;} .battle-log-inline {border:1px solid #AAAAAA;background:#EEF2F5;color:black;max-width:640px;margin:0 auto 80px;padding-bottom:5px;} .battle-log .inner {padding:4px 8px 0px 8px;} .battle-log .inner-preempt {padding:0 8px 4px 8px;} .battle-log .inner-after {margin-top:0.5em;} .battle-log h2 {margin:0.5em -8px;padding:4px 8px;border:1px solid #AAAAAA;background:#E0E7EA;border-left:0;border-right:0;font-family:Verdana, sans-serif;font-size:13pt;} .battle-log .chat {vertical-align:middle;padding:3px 0 3px 0;font-size:8pt;} .battle-log .chat strong {color:#40576A;} .battle-log .chat em {padding:1px 4px 1px 3px;color:#000000;font-style:normal;} .chat.mine {background:rgba(0,0,0,0.05);margin-left:-8px;margin-right:-8px;padding-left:8px;padding-right:8px;} .spoiler {color:#BBBBBB;background:#BBBBBB;padding:0px 3px;} .spoiler:hover, .spoiler:active, .spoiler-shown {color:#000000;background:#E2E2E2;padding:0px 3px;} .spoiler a {color:#BBBBBB;} .spoiler:hover a, .spoiler:active a, .spoiler-shown a {color:#2288CC;} .chat code, .chat .spoiler:hover code, .chat .spoiler:active code, .chat .spoiler-shown code {border:1px solid #C0C0C0;background:#EEEEEE;color:black;padding:0 2px;} .chat .spoiler code {border:1px solid #CCCCCC;background:#CCCCCC;color:#CCCCCC;} .battle-log .rated {padding:3px 4px;} .battle-log .rated strong {color:white;background:#89A;padding:1px 4px;border-radius:4px;} .spacer {margin-top:0.5em;} .message-announce {background:#6688AA;color:white;padding:1px 4px 2px;} .message-announce a, .broadcast-green a, .broadcast-blue a, .broadcast-red a {color:#DDEEFF;} .broadcast-green {background-color:#559955;color:white;padding:2px 4px;} .broadcast-blue {background-color:#6688AA;color:white;padding:2px 4px;} .infobox {border:1px solid #6688AA;padding:2px 4px;} .infobox-limited {max-height:200px;overflow:auto;overflow-x:hidden;} .broadcast-red {background-color:#AA5544;color:white;padding:2px 4px;} .message-learn-canlearn {font-weight:bold;color:#228822;text-decoration:underline;} .message-learn-cannotlearn {font-weight:bold;color:#CC2222;text-decoration:underline;} .message-effect-weak {font-weight:bold;color:#CC2222;} .message-effect-resist {font-weight:bold;color:#6688AA;} .message-effect-immune {font-weight:bold;color:#666666;} .message-learn-list {margin-top:0;margin-bottom:0;} .message-throttle-notice, .message-error {color:#992222;} .message-overflow, .chat small.message-overflow {font-size:0pt;} .message-overflow::before {font-size:9pt;content:'...';} .subtle {color:#3A4A66;}
</style>
<div class="wrapper replay-wrapper" style="max-width:1180px;margin:0 auto">
<input type="hidden" name="replayid" value="uu-537637551" />
<div class="battle"></div><div class="battle-log"></div><div class="replay-controls"></div><div class="replay-controls-2"></div>
<h1 style="font-weight:normal;text-align:center"><strong>UU</strong><br /><a href="http://pokemonshowdown.com/users/wiimanlymen" class="subtle" target="_blank">wiimanlymen</a> vs. <a href="http://pokemonshowdown.com/users/krooknotch" class="subtle" target="_blank">Krooknotch</a></h1>
<script type="text/plain" class="battle-log-data">|j|wiimanlymen
|j|Krooknotch
|player|p1|wiimanlymen|165
|player|p2|Krooknotch|161
|gametype|singles
|gen|6
|tier|UU
|rated
|seed|21840,58856,23172,37960
|rule|Sleep Clause Mod: Limit one foe put to sleep
|rule|Species Clause: Limit one of each Pokémon
|rule|OHKO Clause: OHKO moves are banned
|rule|Moody Clause: Moody is banned
|rule|Evasion Moves Clause: Evasion moves are banned
|rule|Endless Battle Clause: Forcing endless battles is banned
|rule|HP Percentage Mod: HP is shown in percentages
|clearpoke
|poke|p1|Hitmonlee, M|item
|poke|p1|Beedrill, M|item
|poke|p1|Pangoro, M|item
|poke|p1|Blissey, F|item
|poke|p1|Gogoat, F|item
|poke|p1|Vespiquen, F|item
|poke|p2|Jellicent, M|item
|poke|p2|Chandelure, M|item
|poke|p2|Haunter, F|item
|poke|p2|Golurk|item
|poke|p2|Shedinja|item
|poke|p2|Banette, F|item
|rule|Swagger Clause: Swagger is banned
|rule|Baton Pass Clause: Limit one Baton Passer, can't pass Spe and other stats simultaneously
|teampreview
|choice|team 2, team 1, team 3, team 4, team 5, team 6|team 6, team 2, team 3, team 4, team 5, team 1
|
|start
|switch|p1a: Berry|Beedrill, M|271\/271
|switch|p2a: Banette|Banette, F|332\/332
|turn|1
|choice|move toxicspikes mega|move shadowsneak mega
|
|detailschange|p1a: Berry|Beedrill-Mega, M
|-mega|p1a: Berry|Beedrill|Beedrillite
|detailschange|p2a: Banette|Banette-Mega, F
|-mega|p2a: Banette|Banette|Banettite
|move|p2a: Banette|Shadow Sneak|p1a: Berry
|-damage|p1a: Berry|130\/271
|move|p1a: Berry|Toxic Spikes|p2a: Banette
|-sidestart|p2: Krooknotch|move: Toxic Spikes
|
|upkeep
|turn|2
|choice|move toxicspikes|move shadowsneak
|
|move|p2a: Banette|Shadow Sneak|p1a: Berry
|-damage|p1a: Berry|0 fnt
|faint|p1a: Berry
|
|upkeep
|c|★Krooknotch|That was unexpected
|choice|switch 3|
|
|switch|p1a: Desiigner|Pangoro, M|394\/394
|turn|3
|l|Krooknotch
|player|p2
|-message|Krooknotch lost due to inactivity.
|
|win|wiimanlymen
|player|p1
|raw|wiimanlymen's rating: 1045 &rarr; <strong>1094<\/strong><br \/>(+49 for winning)
|raw|Krooknotch's rating: 1226 &rarr; <strong>1189<\/strong><br \/>(-37 for losing)</script>
</div>
<div class="battle-log battle-log-inline"><div class="inner"><div class="battle-options"></div><div class="inner"><div class="chat"><small>wiimanlymen joined.</small></div><div class="chat"><small>Krooknotch joined.</small></div><div class=""><small>Format:</small> <br><strong>UU</strong></div><div class="rated"><strong>Rated battle</strong></div><div class=""><small><em>Sleep Clause Mod:</em> Limit one foe put to sleep</small></div><div class=""><small><em>Species Clause:</em> Limit one of each Pokémon</small></div><div class=""><small><em>OHKO Clause:</em> OHKO moves are banned</small></div><div class=""><small><em>Moody Clause:</em> Moody is banned</small></div><div class=""><small><em>Evasion Moves Clause:</em> Evasion moves are banned</small></div><div class=""><small><em>Endless Battle Clause:</em> Forcing endless battles is banned</small></div><div class=""><small><em>HP Percentage Mod:</em> HP is shown in percentages</small></div><div class=""><small><em>Swagger Clause:</em> Swagger is banned</small></div><div class=""><small><em>Baton Pass Clause:</em> Limit one Baton Passer, can't pass Spe and other stats simultaneously</small></div><div class="chat battle-history"><strong>wiimanlymen's team:</strong> <em style="color:#445566;display:block;">Hitmonlee / Beedrill / Pangoro / Blissey / Gogoat / Vespiquen</em></div><div class="chat battle-history"><strong>Krooknotch's team:</strong> <em style="color:#445566;display:block;">Jellicent / Chandelure / Haunter / Golurk / Shedinja / Banette</em></div><div class="spacer battle-history"><br></div><div class="battle-history">Battle started between wiimanlymen and Krooknotch!<br></div><div class="spacer battle-history"><br></div><div class="battle-history">Go! Berry (<strong>Beedrill</strong>)!<br></div><div class="spacer battle-history"><br></div><div class="battle-history">Krooknotch sent out <strong>Banette</strong>!<br></div><div class="spacer battle-history"><br></div><h2 class="battle-history">Turn 1</h2><div class="spacer battle-history"><br></div><div class="battle-history"><small>Berry's Beedrillite is reacting to wiimanlymen's Mega Bracelet!</small><br>Berry has Mega Evolved into Mega Beedrill!<br></div><div class="spacer battle-history"><br></div><div class="battle-history"><small>The opposing Banette's Banettite is reacting to Krooknotch's Mega Bracelet!</small><br>The opposing Banette has Mega Evolved into Mega Banette!<br></div><div class="spacer battle-history"><br></div><div class="battle-history">The opposing Banette used <strong>Shadow Sneak</strong>!<br></div><div class="battle-history"><small>(Berry lost <abbr title="−141/271">52.0%</abbr> of its health!)</small><br></div><div class="spacer battle-history"><br></div><div class="battle-history">Berry used <strong>Toxic Spikes</strong>!<br></div><div class="battle-history"><small>Poison spikes were scattered on the ground all around the opposing team!</small><br></div><div class="spacer battle-history"><br></div><h2 class="battle-history">Turn 2</h2><div class="spacer battle-history"><br></div><div class="battle-history">The opposing Banette used <strong>Shadow Sneak</strong>!<br></div><div class="battle-history"><small>(Berry lost <abbr title="−130/271">48.0%</abbr> of its health!)</small><br></div><div class="spacer battle-history"><br></div><div class="battle-history">Berry fainted!<br></div><div class="chat chatmessage-krooknotch"><strong style="color:hsl(183,76%,40.920871171268274%)"><small>★</small><span class="username" data-name="Krooknotch">Krooknotch</span>:</strong> <em>That was unexpected</em></div><div class="spacer battle-history"><br></div><div class="battle-history">Go! Desiigner (<strong>Pangoro</strong>)!<br></div><div class="spacer battle-history"><br></div><h2 class="battle-history">Turn 3</h2><div class="chat"><small>Krooknotch left.</small></div><div class="spacer battle-history"><br></div><div class="battle-history"><small>Krooknotch lost due to inactivity.</small><br></div><div class="spacer battle-history"><br></div><div class="battle-history"><strong>wiimanlymen</strong> won the battle!<br></div><div class="chat">wiimanlymen's rating: 1045 → <strong>1094</strong><br>(+49 for winning)</div><div class="chat">Krooknotch's rating: 1226 → <strong>1189</strong><br>(-37 for losing)</div></div><div class="inner-preempt"></div></div></div>
</div>
<script>
let daily = Math.floor(Date.now()/1000/60/60/24);document.write('<script src="https://play.pokemonshowdown.com/js/replay-embed.js?version'+daily+'"></'+'script>');
</script>
