<!DOCTYPE html>
<meta charset="utf-8" />
<!-- version 1 -->
<title>UU replay: Z Strike vs. BlackDJFoxy0</title>
<style>
html,body {font-family:Verdana, sans-serif;font-size:10pt;margin:0;padding:0;}body{padding:12px 0;} .battle-log {font-family:Verdana, sans-serif;font-size:10pt;} .battle-log-inline {border:1px solid #AAAAAA;background:#EEF2F5;color:black;max-width:640px;margin:0 auto 80px;padding-bottom:5px;} .battle-log .inner {padding:4px 8px 0px 8px;} .battle-log .inner-preempt {padding:0 8px 4px 8px;} .battle-log .inner-after {margin-top:0.5em;} .battle-log h2 {margin:0.5em -8px;padding:4px 8px;border:1px solid #AAAAAA;background:#E0E7EA;border-left:0;border-right:0;font-family:Verdana, sans-serif;font-size:13pt;} .battle-log .chat {vertical-align:middle;padding:3px 0 3px 0;font-size:8pt;} .battle-log .chat strong {color:#40576A;} .battle-log .chat em {padding:1px 4px 1px 3px;color:#000000;font-style:normal;} .chat.mine {background:rgba(0,0,0,0.05);margin-left:-8px;margin-right:-8px;padding-left:8px;padding-right:8px;} .spoiler {color:#BBBBBB;background:#BBBBBB;padding:0px 3px;} .spoiler:hover, .spoiler:active, .spoiler-shown {color:#000000;background:#E2E2E2;padding:0px 3px;} .spoiler a {color:#BBBBBB;} .spoiler:hover a, .spoiler:active a, .spoiler-shown a {color:#2288CC;} .chat code, .chat .spoiler:hover code, .chat .spoiler:active code, .chat .spoiler-shown code {border:1px solid #C0C0C0;background:#EEEEEE;color:black;padding:0 2px;} .chat .spoiler code {border:1px solid #CCCCCC;background:#CCCCCC;color:#CCCCCC;} .battle-log .rated {padding:3px 4px;} .battle-log .rated strong {color:white;background:#89A;padding:1px 4px;border-radius:4px;} .spacer {margin-top:0.5em;} .message-announce {background:#6688AA;color:white;padding:1px 4px 2px;} .message-announce a, .broadcast-green a, .broadcast-blue a, .broadcast-red a {color:#DDEEFF;} .broadcast-green {background-color:#559955;color:white;padding:2px 4px;} .broadcast-blue {background-color:#6688AA;color:white;padding:2px 4px;} .infobox {border:1px solid #6688AA;padding:2px 4px;} .infobox-limited {max-height:200px;overflow:auto;overflow-x:hidden;} .broadcast-red {background-color:#AA5544;color:white;padding:2px 4px;} .message-learn-canlearn {font-weight:bold;color:#228822;text-decoration:underline;} .message-learn-cannotlearn {font-weight:bold;color:#CC2222;text-decoration:underline;} .message-effect-weak {font-weight:bold;color:#CC2222;} .message-effect-resist {font-weight:bold;color:#6688AA;} .message-effect-immune {font-weight:bold;color:#666666;} .message-learn-list {margin-top:0;margin-bottom:0;} .message-throttle-notice, .message-error {color:#992222;} .message-overflow, .chat small.message-overflow {font-size:0pt;} .message-overflow::before {font-size:9pt;content:'...';} .subtle {color:#3A4A66;}
</style>
<div class="wrapper replay-wrapper" style="max-width:1180px;margin:0 auto">
<input type="hidden" name="replayid" value="destiny-uu-53959" />
<div class="battle"></div><div class="battle-log"></div><div class="replay-controls"></div><div class="replay-controls-2"></div>
<h1 style="font-weight:normal;text-align:center"><strong>UU</strong><br /><a href="http://pokemonshowdown.com/users/zstrike" class="subtle" target="_blank">Z Strike</a> vs. <a href="http://pokemonshowdown.com/users/blackdjfoxy0" class="subtle" target="_blank">BlackDJFoxy0</a></h1>
<script type="text/plain" class="battle-log-data">|j|Z Strike
|j|BlackDJFoxy0
|player|p1|Z Strike|238
|player|p2|BlackDJFoxy0|94
|gametype|singles
|gen|7
|tier|UU
|seed|56922,56188,27433,53771
|rule|Cláusula-Mod de Dormir: solo puedes dormir a uno de tus oponentes a la vez.
|rule|Cláusula de Especie: Hasta un Pokémon de cada especie
|rule|Cláusula de Golpe Fulminante: los movimientos fulminantes (OHKO) estan prohibidos
|rule|Cláusula de Moody: la habilidad Moody está prohibida
|rule|Cláusula de Movimientos Evasivos: los movimientos de evasion estan prohibidos
|rule|Cláusula de Batallas Eternas: forzar batallas eternas está prohibido
|clearpoke
|poke|p1|Golem-Alola, undefined|item
|poke|p1|Cresselia, undefined|item
|poke|p1|Conkeldurr, undefined|item
|poke|p1|Feraligatr, undefined, shiny|item
|poke|p1|Nidoking, undefined|item
|poke|p1|Forretress, undefined|item
|poke|p2|Florges-Blue, undefined, shiny|item
|poke|p2|Blastoise, undefined|item
|poke|p2|Chandelure, undefined, shiny|item
|poke|p2|Bisharp, undefined, shiny|item
|poke|p2|Gliscor, undefined|item
|poke|p2|Conkeldurr, undefined|item
|rule|Cláusula de Relevo: se prohibe más de 1 Pokémon con Relevo, o transferir Velocidad junto a otros stats
|teampreview
|choice|*team 623451|*
|c|☆BlackDJFoxy0|sorry
|c|☆BlackDJFoxy0|Gl
|c|☆Z Strike|Jejej np
|c|☆Z Strike|=
|choice|*|*team 623451
|choice|team 6, team 2, team 3, team 4, team 5, team 1|team 6, team 2, team 3, team 4, team 5, team 1
|
|start
|switch|p1a: The Joker|Forretress, undefined|353\/353
|switch|p2a: Conkeldurr|Conkeldurr, undefined|351\/351
|turn|1
|choice|*move 1|*
|choice|*|*switch 2
|choice|move stealthrock|switch 2
|
|switch|p2a: Blastoise|Blastoise, undefined|345\/345
|move|p1a: The Joker|Stealth Rock|p2a: Blastoise
|-sidestart|p2: BlackDJFoxy0|move: Stealth Rock
|
|upkeep
|turn|2
|choice|*move 3|*
|choice|*|*move 1 mega
|choice|move voltswitch|move rapidspin mega
|
|detailschange|p2a: Blastoise|Blastoise-Mega, M
|-mega|p2a: Blastoise|Blastoise|Blastoisinite
|move|p2a: Blastoise|Rapid Spin|p1a: The Joker
|-resisted|p1a: The Joker
|-damage|p1a: The Joker|349\/353
|-sideend|p2: BlackDJFoxy0|Stealth Rock|[from] move: Rapid Spin|[of] p2a: Blastoise
|move|p1a: The Joker|Volt Switch|p2a: Blastoise
|-supereffective|p2a: Blastoise
|-damage|p2a: Blastoise|285\/345
|choice|*switch 6|*
|choice|switch 6|
|
|switch|p1a: Shock|Golem-Alola, undefined|364\/364
|
|upkeep
|turn|3
|choice|*move 1|*
|choice|*|*switch 5
|choice|move autotomize|switch 5
|
|switch|p2a: Gliscor|Gliscor, undefined|354\/354
|move|p1a: Shock|Autotomize|p1a: Shock
|-boost|p1a: Shock|spe|2
|-start|p1a: Shock|Autotomize
|
|-status|p2a: Gliscor|tox|[from] item: Toxic Orb
|upkeep
|turn|4
|choice|*move 3|*
|choice|*|*move 3
|choice|move stoneedge|move toxic
|
|move|p2a: Gliscor|Toxic|p1a: Shock
|-status|p1a: Shock|tox
|move|p1a: Shock|Stone Edge|p2a: Gliscor
|-damage|p2a: Gliscor|219\/354 tox
|
|-heal|p2a: Gliscor|263\/354 tox|[from] ability: Poison Heal
|-damage|p1a: Shock|342\/364 tox|[from] psn
|upkeep
|turn|5
|choice|*move 3|*
|choice|*|*move 2
|choice|move stoneedge|move earthquake
|
|move|p2a: Gliscor|Earthquake|p1a: Shock
|-supereffective|p1a: Shock
|-damage|p1a: Shock|2\/364 tox
|-enditem|p1a: Shock|Weakness Policy
|-boost|p1a: Shock|atk|2
|-boost|p1a: Shock|spa|2
|move|p1a: Shock|Stone Edge|p2a: Gliscor
|-damage|p2a: Gliscor|10\/354 tox
|
|-heal|p2a: Gliscor|54\/354 tox|[from] ability: Poison Heal
|-damage|p1a: Shock|0 fnt|[from] psn
|upkeep
|faint|p1a: Shock
|c|☆BlackDJFoxy0|lol
|c|☆Z Strike|LOL
|c|☆BlackDJFoxy0|Aguanta
|c|☆Z Strike|xDD
|choice|*switch 4|*
|choice|switch 4|
|
|switch|p1a: Artorias|Feraligatr, undefined, shiny|311\/311
|turn|6
|choice|*move 3|*
|choice|*|*move 1
|choice|move crunch|move uturn
|
|move|p1a: Artorias|Crunch|p2a: Gliscor
|-damage|p2a: Gliscor|0 fnt
|faint|p2a: Gliscor
|
|upkeep
|choice|*|*switch 3
|choice||switch 3
|
|switch|p2a: Chandelure|Chandelure, undefined, shiny|261\/261
|turn|7
|choice|*switch 3|*
|choice|*|*move 4
|choice|switch 3|move trick
|
|switch|p1a: Abobo|Conkeldurr, undefined|352\/352
|move|p2a: Chandelure|Trick|p1a: Abobo
|-activate|p2a: Chandelure|move: Trick|[of] p1a: Abobo
|-item|p1a: Abobo|Choice Scarf|[from] move: Trick
|-item|p2a: Chandelure|Assault Vest|[from] move: Trick
|
|upkeep
|turn|8
|choice|*|*switch 4
|c|☆BlackDJFoxy0|Trick uwu
|choice|*|*undo
|choice|*move 2|*
|choice|*|*switch 5
|choice|move knockoff|switch 5
|
|switch|p2a: Blastoise|Blastoise-Mega, M|285\/345
|move|p1a: Abobo|Knock Off|p2a: Blastoise
|-damage|p2a: Blastoise|204\/345
|
|upkeep
|turn|9
|choice|*|*move 2
|choice|*switch 2|*
|choice|switch 2|move scald
|
|switch|p1a: Princess Moon|Cresselia, undefined|381\/381
|move|p2a: Blastoise|Scald|p1a: Princess Moon
|-damage|p1a: Princess Moon|254\/381
|
|upkeep
|turn|10
|choice|*move 2|*
|choice|*|*move 3
|choice|move thunderwave|move darkpulse
|
|move|p2a: Blastoise|Dark Pulse|p1a: Princess Moon
|-supereffective|p1a: Princess Moon
|-damage|p1a: Princess Moon|4\/381
|move|p1a: Princess Moon|Thunder Wave|p2a: Blastoise
|-status|p2a: Blastoise|par
|
|upkeep
|turn|11
|choice|*|*move 2
|choice|*move 3 zmove|*
|choice|move moonblast zmove|move scald
|
|-zpower|p1a: Princess Moon
|move|p1a: Princess Moon|Twinkle Tackle|p2a: Blastoise|[zeffect]
|-damage|p2a: Blastoise|77\/345 par
|move|p2a: Blastoise|Scald|p1a: Princess Moon
|-damage|p1a: Princess Moon|0 fnt
|faint|p1a: Princess Moon
|
|upkeep
|choice|*switch 6|*
|choice|switch 6|
|
|switch|p1a: The Joker|Forretress, undefined|349\/353
|turn|12
|choice|*move 1|*
|choice|*|*switch 5
|choice|move stealthrock|switch 5
|
|switch|p2a: Chandelure|Chandelure, undefined, shiny|261\/261
|move|p1a: The Joker|Stealth Rock|p2a: Chandelure
|-sidestart|p2: BlackDJFoxy0|move: Stealth Rock
|
|upkeep
|turn|13
|choice|*move 3|*
|choice|*|*move 3
|choice|move voltswitch|move energyball
|
|move|p2a: Chandelure|Energy Ball|p1a: The Joker
|-resisted|p1a: The Joker
|-damage|p1a: The Joker|304\/353
|-unboost|p1a: The Joker|spd|1
|move|p1a: The Joker|Volt Switch|p2a: Chandelure
|-damage|p2a: Chandelure|239\/261
|c|☆BlackDJFoxy0|u.u
|choice|*switch 5|*
|choice|switch 5|
|
|switch|p1a: The King|Nidoking, undefined|303\/303
|
|upkeep
|turn|14
|choice|*move 4|*
|choice|*|*switch 6
|choice|move earthpower|switch 6
|
|switch|p2a: Florges|Florges-Blue, undefined, shiny|359\/359
|-damage|p2a: Florges|315\/359|[from] Stealth Rock
|move|p1a: The King|Earth Power|p2a: Florges
|-damage|p2a: Florges|179\/359
|
|-heal|p2a: Florges|201\/359|[from] item: Leftovers
|upkeep
|turn|15
|choice|*|*move 2
|choice|*move 4|*
|choice|move earthpower|move wish
|
|move|p1a: The King|Earth Power|p2a: Florges
|-damage|p2a: Florges|55\/359
|move|p2a: Florges|Wish|p2a: Florges
|
|-heal|p2a: Florges|77\/359|[from] item: Leftovers
|upkeep
|turn|16
|choice|*move 4|*
|choice|*|*switch 2
|choice|move earthpower|switch 2
|
|switch|p2a: Conkeldurr|Conkeldurr, undefined|351\/351
|-damage|p2a: Conkeldurr|330\/351|[from] Stealth Rock
|move|p1a: The King|Earth Power|p2a: Conkeldurr
|-damage|p2a: Conkeldurr|192\/351
|
|-heal|p2a: Conkeldurr|351\/351|[from] move: Wish|[wisher] Florges
|upkeep
|turn|17
|choice|*switch 5|*
|choice|*|*move 2
|choice|switch 5|move knockoff
|
|switch|p1a: The Joker|Forretress, undefined|304\/353
|move|p2a: Conkeldurr|Knock Off|p1a: The Joker
|-damage|p1a: The Joker|223\/353
|-enditem|p1a: The Joker|Occa Berry|[from] move: Knock Off|[of] p2a: Conkeldurr
|
|upkeep
|turn|18
|choice|*|*move 1
|choice|*move 3|*
|choice|move voltswitch|move drainpunch
|
|move|p2a: Conkeldurr|Drain Punch|p1a: The Joker
|-damage|p1a: The Joker|135\/353
|move|p1a: The Joker|Volt Switch|p2a: Conkeldurr
|-damage|p2a: Conkeldurr|327\/351
|choice|*switch 2|*
|choice|switch 2|
|
|switch|p1a: Abobo|Conkeldurr, undefined|352\/352
|
|upkeep
|turn|19
|choice|*move 2|*
|choice|*|*move 2
|choice|move knockoff|move knockoff
|
|move|p1a: Abobo|Knock Off|p2a: Conkeldurr
|-resisted|p2a: Conkeldurr
|-crit|p2a: Conkeldurr
|-damage|p2a: Conkeldurr|222\/351
|-enditem|p2a: Conkeldurr|Assault Vest|[from] move: Knock Off|[of] p1a: Abobo
|move|p2a: Conkeldurr|Knock Off|p1a: Abobo
|-resisted|p1a: Abobo
|-damage|p1a: Abobo|280\/352
|-enditem|p1a: Abobo|Choice Scarf|[from] move: Knock Off|[of] p2a: Conkeldurr
|
|upkeep
|turn|20
|c|☆Z Strike|Jejej, thx
|choice|*|*move 1
|c|☆BlackDJFoxy0|xd lo olvide
|choice|*switch 2|*
|choice|switch 2|move drainpunch
|
|switch|p1a: The Joker|Forretress, undefined|135\/353
|move|p2a: Conkeldurr|Drain Punch|p1a: The Joker
|-damage|p1a: The Joker|44\/353
|-heal|p2a: Conkeldurr|268\/351|[from] drain|[of] p1a: The Joker
|
|upkeep
|turn|21
|choice|*move 4|*
|choice|*|*move 3
|choice|move explosion|move machpunch
|
|move|p2a: Conkeldurr|Mach Punch|p1a: The Joker
|-crit|p1a: The Joker
|-damage|p1a: The Joker|0 fnt
|faint|p1a: The Joker
|
|upkeep
|choice|*switch 2|*
|choice|switch 2|
|
|switch|p1a: Abobo|Conkeldurr, undefined|280\/352
|turn|22
|choice|*move 1|*
|choice|*|*move 1
|choice|move drainpunch|move drainpunch
|
|move|p1a: Abobo|Drain Punch|p2a: Conkeldurr
|-damage|p2a: Conkeldurr|121\/351
|-heal|p1a: Abobo|352\/352|[from] drain|[of] p2a: Conkeldurr
|move|p2a: Conkeldurr|Drain Punch|p1a: Abobo
|-damage|p1a: Abobo|189\/352
|-heal|p2a: Conkeldurr|203\/351|[from] drain|[of] p1a: Abobo
|
|upkeep
|turn|23
|choice|*|*move 1
|choice|*move 1|*
|choice|move drainpunch|move drainpunch
|
|move|p2a: Conkeldurr|Drain Punch|p1a: Abobo
|-damage|p1a: Abobo|36\/352
|-heal|p2a: Conkeldurr|280\/351|[from] drain|[of] p1a: Abobo
|move|p1a: Abobo|Drain Punch|p2a: Conkeldurr
|-damage|p2a: Conkeldurr|115\/351
|-heal|p1a: Abobo|119\/352|[from] drain|[of] p2a: Conkeldurr
|
|upkeep
|turn|24
|choice|*|*move 1
|choice|*switch 5|*
|choice|switch 5|move drainpunch
|
|switch|p1a: The King|Nidoking, undefined|303\/303
|move|p2a: Conkeldurr|Drain Punch|p1a: The King
|-resisted|p1a: The King
|-damage|p1a: The King|210\/303
|-heal|p2a: Conkeldurr|162\/351|[from] drain|[of] p1a: The King
|
|upkeep
|turn|25
|choice|*move 4|*
|choice|*|*switch 6
|choice|move earthpower|switch 6
|
|switch|p2a: Chandelure|Chandelure, undefined, shiny|239\/261
|-damage|p2a: Chandelure|174\/261|[from] Stealth Rock
|move|p1a: The King|Earth Power|p2a: Chandelure
|-supereffective|p2a: Chandelure
|-damage|p2a: Chandelure|0 fnt
|faint|p2a: Chandelure
|
|upkeep
|choice|*|*switch 4
|choice||switch 4
|
|switch|p2a: Bisharp|Bisharp, undefined, shiny|271\/271
|-damage|p2a: Bisharp|255\/271|[from] Stealth Rock
|turn|26
|choice|*|*move 3
|choice|*move 4|*
|choice|move earthpower|move suckerpunch
|
|move|p2a: Bisharp|Sucker Punch|p1a: The King
|-damage|p1a: The King|7\/303
|-damage|p2a: Bisharp|228\/271|[from] item: Life Orb
|move|p1a: The King|Earth Power|p2a: Bisharp
|-supereffective|p2a: Bisharp
|-crit|p2a: Bisharp
|-damage|p2a: Bisharp|0 fnt
|faint|p2a: Bisharp
|
|upkeep
|choice|*|*switch 6
|choice||switch 6
|
|switch|p2a: Conkeldurr|Conkeldurr, undefined|162\/351
|-damage|p2a: Conkeldurr|141\/351|[from] Stealth Rock
|turn|27
|choice|*move 1|*
|choice|*|*move 3
|choice|move sludgewave|move machpunch
|
|move|p2a: Conkeldurr|Mach Punch|p1a: The King
|-resisted|p1a: The King
|-damage|p1a: The King|0 fnt
|faint|p1a: The King
|
|upkeep
|choice|*switch 5|*
|choice|switch 5|
|
|switch|p1a: Abobo|Conkeldurr, undefined|119\/352
|turn|28
|choice|*move 3|*
|choice|*|*move 1
|choice|move machpunch|move drainpunch
|
|move|p1a: Abobo|Mach Punch|p2a: Conkeldurr
|-damage|p2a: Conkeldurr|56\/351
|move|p2a: Conkeldurr|Drain Punch|p1a: Abobo
|-damage|p1a: Abobo|0 fnt
|-heal|p2a: Conkeldurr|116\/351|[from] drain|[of] p1a: Abobo
|faint|p1a: Abobo
|
|upkeep
|c|☆BlackDJFoxy0|lel
|choice|*switch 3|*
|choice|switch 3|
|
|switch|p1a: Artorias|Feraligatr, undefined, shiny|311\/311
|turn|29
|choice|*|*move 1
|choice|*move 2|*
|choice|move waterfall|move drainpunch
|
|move|p1a: Artorias|Waterfall|p2a: Conkeldurr
|-damage|p2a: Conkeldurr|0 fnt
|faint|p2a: Conkeldurr
|
|upkeep
|c|☆BlackDJFoxy0|gg
|choice|*|*switch 5
|choice||switch 5
|
|switch|p2a: Blastoise|Blastoise-Mega, M|77\/345 par
|-damage|p2a: Blastoise|34\/345 par|[from] Stealth Rock
|turn|30
|choice|*|*move 3
|c|☆Z Strike|Gg y gracias!
|choice|*move 3|*
|choice|move crunch|move darkpulse
|
|move|p1a: Artorias|Crunch|p2a: Blastoise
|-crit|p2a: Blastoise
|-damage|p2a: Blastoise|0 fnt
|faint|p2a: Blastoise
|
|upkeep
|c|☆BlackDJFoxy0|dnada
|choice|*|*switch 2
|choice||switch 2
|
|switch|p2a: Florges|Florges-Blue, undefined, shiny|77\/359
|-damage|p2a: Florges|33\/359|[from] Stealth Rock
|turn|31
|choice|*move 2|*
|choice|*|*move 2
|choice|move waterfall|move wish
|
|move|p1a: Artorias|Waterfall|p2a: Florges
|-damage|p2a: Florges|0 fnt
|faint|p2a: Florges
|
|win|Z Strike
|player|p1
|player|p2
|c|☆BlackDJFoxy0|Obviamente
|c|☆BlackDJFoxy0|tenia que estar feraligatr
|c|☆Z Strike|Sep <3</script>
</div>
<div class="battle-log battle-log-inline"><div class="inner"><div class="battle-options"></div><div class="inner"><div class="chat"><small>Z Strike joined.</small></div><div class="chat"><small>BlackDJFoxy0 joined.</small></div><div class=""><small>Format:</small> <br><strong>UU</strong></div><div class=""><small><em>Cláusula-Mod de Dormir:</em> solo puedes dormir a uno de tus oponentes a la vez.</small></div><div class=""><small><em>Cláusula de Especie:</em> Hasta un Pokémon de cada especie</small></div><div class=""><small><em>Cláusula de Golpe Fulminante:</em> los movimientos fulminantes (OHKO) estan prohibidos</small></div><div class=""><small><em>Cláusula de Moody:</em> la habilidad Moody está prohibida</small></div><div class=""><small><em>Cláusula de Movimientos Evasivos:</em> los movimientos de evasion estan prohibidos</small></div><div class=""><small><em>Cláusula de Batallas Eternas:</em> forzar batallas eternas está prohibido</small></div><div class=""><small><em>Cláusula de Relevo:</em> se prohibe más de 1 Pokémon con Relevo, o transferir Velocidad junto a otros stats</small></div><div class="chat battle-history"><strong>Z Strike's team:</strong> <em style="color:#445566;display:block;">Golem-Alola / Cresselia / Conkeldurr / Feraligatr / Nidoking / Forretress</em></div><div class="chat battle-history"><strong>BlackDJFoxy0's team:</strong> <em style="color:#445566;display:block;">Florges-Blue / Blastoise / Chandelure / Bisharp / Gliscor / Conkeldurr</em></div><div class="chat chatmessage-blackdjfoxy0"><strong style="color:hsl(0,62%,47.9325368511276%)"><small>☆</small><span class="username" data-name="BlackDJFoxy0">BlackDJFoxy0</span>:</strong> <em>sorry</em></div><div class="chat chatmessage-blackdjfoxy0"><strong style="color:hsl(0,62%,47.9325368511276%)"><small>☆</small><span class="username" data-name="BlackDJFoxy0">BlackDJFoxy0</span>:</strong> <em>Gl</em></div><div class="chat chatmessage-zstrike"><strong style="color:hsl(34,83%,41%)"><small>☆</small><span class="username" data-name="Z Strike">Z Strike</span>:</strong> <em>Jejej np</em></div><div class="chat chatmessage-zstrike"><strong style="color:hsl(34,83%,41%)"><small>☆</small><span class="username" data-name="Z Strike">Z Strike</span>:</strong> <em>=</em></div><div class="spacer battle-history"><br></div><div class="battle-history">Battle started between Z Strike and BlackDJFoxy0!<br></div><div class="spacer battle-history"><br></div><div class="battle-history">Go! The Joker (<strong>Forretress</strong>)!<br></div><div class="spacer battle-history"><br></div><div class="battle-history">BlackDJFoxy0 sent out <strong>Conkeldurr</strong>!<br></div><div class="spacer battle-history"><br></div><h2 class="battle-history">Turn 1</h2><div class="spacer battle-history"><br></div><div class="battle-history">BlackDJFoxy0 withdrew Conkeldurr!<br></div><div class="battle-history">BlackDJFoxy0 sent out <strong>Blastoise</strong>!<br></div><div class="spacer battle-history"><br></div><div class="battle-history">The Joker used <strong>Stealth Rock</strong>!<br></div><div class="battle-history"><small>Pointed stones float in the air around the opposing team!</small><br></div><div class="spacer battle-history"><br></div><h2 class="battle-history">Turn 2</h2><div class="spacer battle-history"><br></div><div class="battle-history"><small>The opposing Blastoise's Blastoisinite is reacting to the Key Stone!</small><br>The opposing Blastoise has Mega Evolved into Mega Blastoise!<br></div><div class="spacer battle-history"><br></div><div class="battle-history">The opposing Blastoise used <strong>Rapid Spin</strong>!<br></div><div class="battle-history"><small>It's not very effective...</small><br></div><div class="battle-history"><small>(The Joker lost <abbr title="−4/353">1.1%</abbr> of its health!)</small><br></div><div class="battle-history"><small>The pointed stones disappeared from around the opposing team!</small><br></div><div class="spacer battle-history"><br></div><div class="battle-history">The Joker used <strong>Volt Switch</strong>!<br></div><div class="battle-history"><small>It's super effective!</small><br></div><div class="battle-history"><small>(The opposing Blastoise lost <abbr title="−60/345">17.4%</abbr> of its health!)</small><br></div><div class="spacer battle-history"><br></div><div class="battle-history">The Joker went back to Z Strike!<br></div><div class="battle-history">Go! Shock (<strong>Golem-Alola</strong>)!<br></div><div class="spacer battle-history"><br></div><h2 class="battle-history">Turn 3</h2><div class="spacer battle-history"><br></div><div class="battle-history">BlackDJFoxy0 withdrew Blastoise!<br></div><div class="battle-history">BlackDJFoxy0 sent out <strong>Gliscor</strong>!<br></div><div class="spacer battle-history"><br></div><div class="battle-history">Shock used <strong>Autotomize</strong>!<br></div><div class="battle-history"><small>Shock's Speed rose sharply!</small><br></div><div class="battle-history"><small>Shock became nimble!</small><br></div><div class="spacer battle-history"><br></div><div class="battle-history"><small>The opposing Gliscor was badly poisoned!</small><br></div><div class="spacer battle-history"><br></div><h2 class="battle-history">Turn 4</h2><div class="spacer battle-history"><br></div><div class="battle-history">The opposing Gliscor used <strong>Toxic</strong>!<br></div><div class="battle-history"><small>Shock was badly poisoned!</small><br></div><div class="spacer battle-history"><br></div><div class="battle-history">Shock used <strong>Stone Edge</strong>!<br></div><div class="battle-history"><small>(The opposing Gliscor lost <abbr title="−135/354">38.1%</abbr> of its health!)</small><br></div><div class="spacer battle-history"><br></div><div class="battle-history"><small>[The opposing Gliscor's Poison Heal]</small><br><small>The opposing Gliscor restored its HP.</small><br></div><div class="battle-history"><small>Shock was hurt by poison!</small><br></div><div class="spacer battle-history"><br></div><h2 class="battle-history">Turn 5</h2><div class="spacer battle-history"><br></div><div class="battle-history">The opposing Gliscor used <strong>Earthquake</strong>!<br></div><div class="battle-history"><small>It's super effective!</small><br></div><div class="battle-history"><small>(Shock lost <abbr title="−340/364">93.4%</abbr> of its health!)</small><br></div><div class="battle-history"><small>(Shock used its Weakness Policy!)</small><br></div><div class="battle-history"><small>Shock's Attack rose sharply!</small><br></div><div class="battle-history"><small>Shock's Special Attack rose sharply!</small><br></div><div class="spacer battle-history"><br></div><div class="battle-history">Shock used <strong>Stone Edge</strong>!<br></div><div class="battle-history"><small>(The opposing Gliscor lost <abbr title="−253/354">71.5%</abbr> of its health!)</small><br></div><div class="spacer battle-history"><br></div><div class="battle-history"><small>[The opposing Gliscor's Poison Heal]</small><br><small>The opposing Gliscor restored its HP.</small><br></div><div class="battle-history"><small>Shock was hurt by poison!</small><br></div><div class="spacer battle-history"><br></div><div class="battle-history">Shock fainted!<br></div><div class="chat chatmessage-blackdjfoxy0"><strong style="color:hsl(0,62%,47.9325368511276%)"><small>☆</small><span class="username" data-name="BlackDJFoxy0">BlackDJFoxy0</span>:</strong> <em>lol</em></div><div class="chat chatmessage-zstrike"><strong style="color:hsl(34,83%,41%)"><small>☆</small><span class="username" data-name="Z Strike">Z Strike</span>:</strong> <em>LOL</em></div><div class="chat chatmessage-blackdjfoxy0"><strong style="color:hsl(0,62%,47.9325368511276%)"><small>☆</small><span class="username" data-name="BlackDJFoxy0">BlackDJFoxy0</span>:</strong> <em>Aguanta</em></div><div class="chat chatmessage-zstrike"><strong style="color:hsl(34,83%,41%)"><small>☆</small><span class="username" data-name="Z Strike">Z Strike</span>:</strong> <em>xDD</em></div><div class="spacer battle-history"><br></div><div class="battle-history">Go! Artorias (<strong>Feraligatr</strong>)!<br></div><div class="spacer battle-history"><br></div><h2 class="battle-history">Turn 6</h2><div class="spacer battle-history"><br></div><div class="battle-history">Artorias used <strong>Crunch</strong>!<br></div><div class="battle-history"><small>(The opposing Gliscor lost <abbr title="−54/354">15.3%</abbr> of its health!)</small><br></div><div class="spacer battle-history"><br></div><div class="battle-history">The opposing Gliscor fainted!<br></div><div class="spacer battle-history"><br></div><div class="battle-history">BlackDJFoxy0 sent out <strong>Chandelure</strong>!<br></div><div class="spacer battle-history"><br></div><h2 class="battle-history">Turn 7</h2><div class="spacer battle-history"><br></div><div class="battle-history">Artorias, come back!<br></div><div class="battle-history">Go! Abobo (<strong>Conkeldurr</strong>)!<br></div><div class="spacer battle-history"><br></div><div class="battle-history">The opposing Chandelure used <strong>Trick</strong>!<br></div><div class="battle-history"><small>The opposing Chandelure switched items with its target!</small><br></div><div class="battle-history"><small>Abobo obtained one Choice Scarf.</small><br></div><div class="battle-history"><small>The opposing Chandelure obtained one Assault Vest.</small><br></div><div class="spacer battle-history"><br></div><h2 class="battle-history">Turn 8</h2><div class="chat chatmessage-blackdjfoxy0"><strong style="color:hsl(0,62%,47.9325368511276%)"><small>☆</small><span class="username" data-name="BlackDJFoxy0">BlackDJFoxy0</span>:</strong> <em>Trick uwu</em></div><div class="spacer battle-history"><br></div><div class="battle-history">BlackDJFoxy0 withdrew Chandelure!<br></div><div class="battle-history">BlackDJFoxy0 sent out Blastoise (<strong>Blastoise-Mega</strong>)!<br></div><div class="spacer battle-history"><br></div><div class="battle-history">Abobo used <strong>Knock Off</strong>!<br></div><div class="battle-history"><small>(The opposing Blastoise lost <abbr title="−81/345">23.5%</abbr> of its health!)</small><br></div><div class="spacer battle-history"><br></div><h2 class="battle-history">Turn 9</h2><div class="spacer battle-history"><br></div><div class="battle-history">Abobo, come back!<br></div><div class="battle-history">Go! Princess Moon (<strong>Cresselia</strong>)!<br></div><div class="spacer battle-history"><br></div><div class="battle-history">The opposing Blastoise used <strong>Scald</strong>!<br></div><div class="battle-history"><small>(Princess Moon lost <abbr title="−127/381">33.3%</abbr> of its health!)</small><br></div><div class="spacer battle-history"><br></div><h2 class="battle-history">Turn 10</h2><div class="spacer battle-history"><br></div><div class="battle-history">The opposing Blastoise used <strong>Dark Pulse</strong>!<br></div><div class="battle-history"><small>It's super effective!</small><br></div><div class="battle-history"><small>(Princess Moon lost <abbr title="−250/381">65.6%</abbr> of its health!)</small><br></div><div class="spacer battle-history"><br></div><div class="battle-history">Princess Moon used <strong>Thunder Wave</strong>!<br></div><div class="battle-history"><small>The opposing Blastoise is paralyzed! It may be unable to move!</small><br></div><div class="spacer battle-history"><br></div><h2 class="battle-history">Turn 11</h2><div class="spacer battle-history"><br></div><div class="battle-history"><small>Princess Moon surrounded itself with its Z-Power!</small><br></div><div class="spacer battle-history"><br></div><div class="battle-history">Princess Moon used <strong>Twinkle Tackle</strong>!<br></div><div class="battle-history"><small>(The opposing Blastoise lost <abbr title="−127/345">36.8%</abbr> of its health!)</small><br></div><div class="spacer battle-history"><br></div><div class="battle-history">The opposing Blastoise used <strong>Scald</strong>!<br></div><div class="battle-history"><small>(Princess Moon lost <abbr title="−4/381">1.0%</abbr> of its health!)</small><br></div><div class="spacer battle-history"><br></div><div class="battle-history">Princess Moon fainted!<br></div><div class="spacer battle-history"><br></div><div class="battle-history">Go! The Joker (<strong>Forretress</strong>)!<br></div><div class="spacer battle-history"><br></div><h2 class="battle-history">Turn 12</h2><div class="spacer battle-history"><br></div><div class="battle-history">BlackDJFoxy0 withdrew Blastoise!<br></div><div class="battle-history">BlackDJFoxy0 sent out <strong>Chandelure</strong>!<br></div><div class="spacer battle-history"><br></div><div class="battle-history">The Joker used <strong>Stealth Rock</strong>!<br></div><div class="battle-history"><small>Pointed stones float in the air around the opposing team!</small><br></div><div class="spacer battle-history"><br></div><h2 class="battle-history">Turn 13</h2><div class="spacer battle-history"><br></div><div class="battle-history">The opposing Chandelure used <strong>Energy Ball</strong>!<br></div><div class="battle-history"><small>It's not very effective...</small><br></div><div class="battle-history"><small>(The Joker lost <abbr title="−45/353">12.7%</abbr> of its health!)</small><br></div><div class="battle-history"><small>The Joker's Special Defense fell!</small><br></div><div class="spacer battle-history"><br></div><div class="battle-history">The Joker used <strong>Volt Switch</strong>!<br></div><div class="battle-history"><small>(The opposing Chandelure lost <abbr title="−22/261">8.4%</abbr> of its health!)</small><br></div><div class="chat chatmessage-blackdjfoxy0"><strong style="color:hsl(0,62%,47.9325368511276%)"><small>☆</small><span class="username" data-name="BlackDJFoxy0">BlackDJFoxy0</span>:</strong> <em>u.u</em></div><div class="spacer battle-history"><br></div><div class="battle-history">The Joker went back to Z Strike!<br></div><div class="battle-history">Go! The King (<strong>Nidoking</strong>)!<br></div><div class="spacer battle-history"><br></div><h2 class="battle-history">Turn 14</h2><div class="spacer battle-history"><br></div><div class="battle-history">BlackDJFoxy0 withdrew Chandelure!<br></div><div class="battle-history">BlackDJFoxy0 sent out Florges (<strong>Florges-Blue</strong>)!<br></div><div class="battle-history"><small>Pointed stones dug into the opposing Florges!</small><br></div><div class="spacer battle-history"><br></div><div class="battle-history">The King used <strong>Earth Power</strong>!<br></div><div class="battle-history"><small>(The opposing Florges lost <abbr title="−136/359">37.9%</abbr> of its health!)</small><br></div><div class="spacer battle-history"><br></div><div class="battle-history"><small>The opposing Florges restored a little HP using its Leftovers!</small><br></div><div class="spacer battle-history"><br></div><h2 class="battle-history">Turn 15</h2><div class="spacer battle-history"><br></div><div class="battle-history">The King used <strong>Earth Power</strong>!<br></div><div class="battle-history"><small>(The opposing Florges lost <abbr title="−146/359">40.7%</abbr> of its health!)</small><br></div><div class="spacer battle-history"><br></div><div class="battle-history">The opposing Florges used <strong>Wish</strong>!<br></div><div class="spacer battle-history"><br></div><div class="battle-history"><small>The opposing Florges restored a little HP using its Leftovers!</small><br></div><div class="spacer battle-history"><br></div><h2 class="battle-history">Turn 16</h2><div class="spacer battle-history"><br></div><div class="battle-history">BlackDJFoxy0 withdrew Florges!<br></div><div class="battle-history">BlackDJFoxy0 sent out <strong>Conkeldurr</strong>!<br></div><div class="battle-history"><small>Pointed stones dug into the opposing Conkeldurr!</small><br></div><div class="spacer battle-history"><br></div><div class="battle-history">The King used <strong>Earth Power</strong>!<br></div><div class="battle-history"><small>(The opposing Conkeldurr lost <abbr title="−138/351">39.3%</abbr> of its health!)</small><br></div><div class="spacer battle-history"><br></div><div class="battle-history"><small>Florges's wish came true!</small><br></div><div class="spacer battle-history"><br></div><h2 class="battle-history">Turn 17</h2><div class="spacer battle-history"><br></div><div class="battle-history">The King, come back!<br></div><div class="battle-history">Go! The Joker (<strong>Forretress</strong>)!<br></div><div class="spacer battle-history"><br></div><div class="battle-history">The opposing Conkeldurr used <strong>Knock Off</strong>!<br></div><div class="battle-history"><small>(The Joker lost <abbr title="−81/353">22.9%</abbr> of its health!)</small><br></div><div class="battle-history"><small>The opposing Conkeldurr knocked off The Joker's Occa Berry!</small><br></div><div class="spacer battle-history"><br></div><h2 class="battle-history">Turn 18</h2><div class="spacer battle-history"><br></div><div class="battle-history">The opposing Conkeldurr used <strong>Drain Punch</strong>!<br></div><div class="battle-history"><small>(The Joker lost <abbr title="−88/353">24.9%</abbr> of its health!)</small><br></div><div class="spacer battle-history"><br></div><div class="battle-history">The Joker used <strong>Volt Switch</strong>!<br></div><div class="battle-history"><small>(The opposing Conkeldurr lost <abbr title="−24/351">6.8%</abbr> of its health!)</small><br></div><div class="spacer battle-history"><br></div><div class="battle-history">The Joker went back to Z Strike!<br></div><div class="battle-history">Go! Abobo (<strong>Conkeldurr</strong>)!<br></div><div class="spacer battle-history"><br></div><h2 class="battle-history">Turn 19</h2><div class="spacer battle-history"><br></div><div class="battle-history">Abobo used <strong>Knock Off</strong>!<br></div><div class="battle-history"><small>It's not very effective...</small><br></div><div class="battle-history"><small>A critical hit!</small><br></div><div class="battle-history"><small>(The opposing Conkeldurr lost <abbr title="−105/351">29.9%</abbr> of its health!)</small><br></div><div class="battle-history"><small>Abobo knocked off the opposing Conkeldurr's Assault Vest!</small><br></div><div class="spacer battle-history"><br></div><div class="battle-history">The opposing Conkeldurr used <strong>Knock Off</strong>!<br></div><div class="battle-history"><small>It's not very effective...</small><br></div><div class="battle-history"><small>(Abobo lost <abbr title="−72/352">20.5%</abbr> of its health!)</small><br></div><div class="battle-history"><small>The opposing Conkeldurr knocked off Abobo's Choice Scarf!</small><br></div><div class="spacer battle-history"><br></div><h2 class="battle-history">Turn 20</h2><div class="chat chatmessage-zstrike"><strong style="color:hsl(34,83%,41%)"><small>☆</small><span class="username" data-name="Z Strike">Z Strike</span>:</strong> <em>Jejej, thx</em></div><div class="chat chatmessage-blackdjfoxy0"><strong style="color:hsl(0,62%,47.9325368511276%)"><small>☆</small><span class="username" data-name="BlackDJFoxy0">BlackDJFoxy0</span>:</strong> <em>xd lo olvide</em></div><div class="spacer battle-history"><br></div><div class="battle-history">Abobo, come back!<br></div><div class="battle-history">Go! The Joker (<strong>Forretress</strong>)!<br></div><div class="spacer battle-history"><br></div><div class="battle-history">The opposing Conkeldurr used <strong>Drain Punch</strong>!<br></div><div class="battle-history"><small>(The Joker lost <abbr title="−91/353">25.8%</abbr> of its health!)</small><br></div><div class="battle-history"><small>The Joker had its energy drained!</small><br></div><div class="spacer battle-history"><br></div><h2 class="battle-history">Turn 21</h2><div class="spacer battle-history"><br></div><div class="battle-history">The opposing Conkeldurr used <strong>Mach Punch</strong>!<br></div><div class="battle-history"><small>A critical hit!</small><br></div><div class="battle-history"><small>(The Joker lost <abbr title="−44/353">12.5%</abbr> of its health!)</small><br></div><div class="spacer battle-history"><br></div><div class="battle-history">The Joker fainted!<br></div><div class="spacer battle-history"><br></div><div class="battle-history">Go! Abobo (<strong>Conkeldurr</strong>)!<br></div><div class="spacer battle-history"><br></div><h2 class="battle-history">Turn 22</h2><div class="spacer battle-history"><br></div><div class="battle-history">Abobo used <strong>Drain Punch</strong>!<br></div><div class="battle-history"><small>(The opposing Conkeldurr lost <abbr title="−147/351">41.9%</abbr> of its health!)</small><br></div><div class="battle-history"><small>The opposing Conkeldurr had its energy drained!</small><br></div><div class="spacer battle-history"><br></div><div class="battle-history">The opposing Conkeldurr used <strong>Drain Punch</strong>!<br></div><div class="battle-history"><small>(Abobo lost <abbr title="−163/352">46.3%</abbr> of its health!)</small><br></div><div class="battle-history"><small>Abobo had its energy drained!</small><br></div><div class="spacer battle-history"><br></div><h2 class="battle-history">Turn 23</h2><div class="spacer battle-history"><br></div><div class="battle-history">The opposing Conkeldurr used <strong>Drain Punch</strong>!<br></div><div class="battle-history"><small>(Abobo lost <abbr title="−153/352">43.5%</abbr> of its health!)</small><br></div><div class="battle-history"><small>Abobo had its energy drained!</small><br></div><div class="spacer battle-history"><br></div><div class="battle-history">Abobo used <strong>Drain Punch</strong>!<br></div><div class="battle-history"><small>(The opposing Conkeldurr lost <abbr title="−165/351">47.0%</abbr> of its health!)</small><br></div><div class="battle-history"><small>The opposing Conkeldurr had its energy drained!</small><br></div><div class="spacer battle-history"><br></div><h2 class="battle-history">Turn 24</h2><div class="spacer battle-history"><br></div><div class="battle-history">Abobo, come back!<br></div><div class="battle-history">Go! The King (<strong>Nidoking</strong>)!<br></div><div class="spacer battle-history"><br></div><div class="battle-history">The opposing Conkeldurr used <strong>Drain Punch</strong>!<br></div><div class="battle-history"><small>It's not very effective...</small><br></div><div class="battle-history"><small>(The King lost <abbr title="−93/303">30.7%</abbr> of its health!)</small><br></div><div class="battle-history"><small>The King had its energy drained!</small><br></div><div class="spacer battle-history"><br></div><h2 class="battle-history">Turn 25</h2><div class="spacer battle-history"><br></div><div class="battle-history">BlackDJFoxy0 withdrew Conkeldurr!<br></div><div class="battle-history">BlackDJFoxy0 sent out <strong>Chandelure</strong>!<br></div><div class="battle-history"><small>Pointed stones dug into the opposing Chandelure!</small><br></div><div class="spacer battle-history"><br></div><div class="battle-history">The King used <strong>Earth Power</strong>!<br></div><div class="battle-history"><small>It's super effective!</small><br></div><div class="battle-history"><small>(The opposing Chandelure lost <abbr title="−174/261">66.7%</abbr> of its health!)</small><br></div><div class="spacer battle-history"><br></div><div class="battle-history">The opposing Chandelure fainted!<br></div><div class="spacer battle-history"><br></div><div class="battle-history">BlackDJFoxy0 sent out <strong>Bisharp</strong>!<br></div><div class="battle-history"><small>Pointed stones dug into the opposing Bisharp!</small><br></div><div class="spacer battle-history"><br></div><h2 class="battle-history">Turn 26</h2><div class="spacer battle-history"><br></div><div class="battle-history">The opposing Bisharp used <strong>Sucker Punch</strong>!<br></div><div class="battle-history"><small>(The King lost <abbr title="−203/303">67.0%</abbr> of its health!)</small><br></div><div class="battle-history"><small>The opposing Bisharp lost some of its HP!</small><br></div><div class="spacer battle-history"><br></div><div class="battle-history">The King used <strong>Earth Power</strong>!<br></div><div class="battle-history"><small>It's super effective!</small><br></div><div class="battle-history"><small>A critical hit!</small><br></div><div class="battle-history"><small>(The opposing Bisharp lost <abbr title="−228/271">84.1%</abbr> of its health!)</small><br></div><div class="spacer battle-history"><br></div><div class="battle-history">The opposing Bisharp fainted!<br></div><div class="spacer battle-history"><br></div><div class="battle-history">BlackDJFoxy0 sent out <strong>Conkeldurr</strong>!<br></div><div class="battle-history"><small>Pointed stones dug into the opposing Conkeldurr!</small><br></div><div class="spacer battle-history"><br></div><h2 class="battle-history">Turn 27</h2><div class="spacer battle-history"><br></div><div class="battle-history">The opposing Conkeldurr used <strong>Mach Punch</strong>!<br></div><div class="battle-history"><small>It's not very effective...</small><br></div><div class="battle-history"><small>(The King lost <abbr title="−7/303">2.3%</abbr> of its health!)</small><br></div><div class="spacer battle-history"><br></div><div class="battle-history">The King fainted!<br></div><div class="spacer battle-history"><br></div><div class="battle-history">Go! Abobo (<strong>Conkeldurr</strong>)!<br></div><div class="spacer battle-history"><br></div><h2 class="battle-history">Turn 28</h2><div class="spacer battle-history"><br></div><div class="battle-history">Abobo used <strong>Mach Punch</strong>!<br></div><div class="battle-history"><small>(The opposing Conkeldurr lost <abbr title="−85/351">24.2%</abbr> of its health!)</small><br></div><div class="spacer battle-history"><br></div><div class="battle-history">The opposing Conkeldurr used <strong>Drain Punch</strong>!<br></div><div class="battle-history"><small>(Abobo lost <abbr title="−119/352">33.8%</abbr> of its health!)</small><br></div><div class="battle-history"><small>Abobo had its energy drained!</small><br></div><div class="spacer battle-history"><br></div><div class="battle-history">Abobo fainted!<br></div><div class="chat chatmessage-blackdjfoxy0"><strong style="color:hsl(0,62%,47.9325368511276%)"><small>☆</small><span class="username" data-name="BlackDJFoxy0">BlackDJFoxy0</span>:</strong> <em>lel</em></div><div class="spacer battle-history"><br></div><div class="battle-history">Go! Artorias (<strong>Feraligatr</strong>)!<br></div><div class="spacer battle-history"><br></div><h2 class="battle-history">Turn 29</h2><div class="spacer battle-history"><br></div><div class="battle-history">Artorias used <strong>Waterfall</strong>!<br></div><div class="battle-history"><small>(The opposing Conkeldurr lost <abbr title="−116/351">33.0%</abbr> of its health!)</small><br></div><div class="spacer battle-history"><br></div><div class="battle-history">The opposing Conkeldurr fainted!<br></div><div class="chat chatmessage-blackdjfoxy0"><strong style="color:hsl(0,62%,47.9325368511276%)"><small>☆</small><span class="username" data-name="BlackDJFoxy0">BlackDJFoxy0</span>:</strong> <em>gg</em></div><div class="spacer battle-history"><br></div><div class="battle-history">BlackDJFoxy0 sent out Blastoise (<strong>Blastoise-Mega</strong>)!<br></div><div class="battle-history"><small>Pointed stones dug into the opposing Blastoise!</small><br></div><div class="spacer battle-history"><br></div><h2 class="battle-history">Turn 30</h2><div class="chat chatmessage-zstrike"><strong style="color:hsl(34,83%,41%)"><small>☆</small><span class="username" data-name="Z Strike">Z Strike</span>:</strong> <em>Gg y gracias!</em></div><div class="spacer battle-history"><br></div><div class="battle-history">Artorias used <strong>Crunch</strong>!<br></div><div class="battle-history"><small>A critical hit!</small><br></div><div class="battle-history"><small>(The opposing Blastoise lost <abbr title="−34/345">9.9%</abbr> of its health!)</small><br></div><div class="spacer battle-history"><br></div><div class="battle-history">The opposing Blastoise fainted!<br></div><div class="chat chatmessage-blackdjfoxy0"><strong style="color:hsl(0,62%,47.9325368511276%)"><small>☆</small><span class="username" data-name="BlackDJFoxy0">BlackDJFoxy0</span>:</strong> <em>dnada</em></div><div class="spacer battle-history"><br></div><div class="battle-history">BlackDJFoxy0 sent out Florges (<strong>Florges-Blue</strong>)!<br></div><div class="battle-history"><small>Pointed stones dug into the opposing Florges!</small><br></div><div class="spacer battle-history"><br></div><h2 class="battle-history">Turn 31</h2><div class="spacer battle-history"><br></div><div class="battle-history">Artorias used <strong>Waterfall</strong>!<br></div><div class="battle-history"><small>(The opposing Florges lost <abbr title="−33/359">9.2%</abbr> of its health!)</small><br></div><div class="spacer battle-history"><br></div><div class="battle-history">The opposing Florges fainted!<br></div><div class="spacer battle-history"><br></div><div class="battle-history"><strong>Z Strike</strong> won the battle!<br></div><div class="chat chatmessage-blackdjfoxy0"><strong style="color:hsl(0,62%,47.9325368511276%)"><small>☆</small><span class="username" data-name="BlackDJFoxy0">BlackDJFoxy0</span>:</strong> <em>Obviamente</em></div><div class="chat chatmessage-blackdjfoxy0"><strong style="color:hsl(0,62%,47.9325368511276%)"><small>☆</small><span class="username" data-name="BlackDJFoxy0">BlackDJFoxy0</span>:</strong> <em>tenia que estar feraligatr</em></div><div class="chat chatmessage-zstrike"><strong style="color:hsl(34,83%,41%)"><small>☆</small><span class="username" data-name="Z Strike">Z Strike</span>:</strong> <em>Sep &lt;3</em></div></div><div class="inner-preempt"></div></div></div>
</div>
<script>
let daily = Math.floor(Date.now()/1000/60/60/24);document.write('<script src="https://play.pokemonshowdown.com/js/replay-embed.js?version'+daily+'"></'+'script>');
</script>
