<!DOCTYPE html>
<meta charset="utf-8" />
<!-- version 1 -->
<title>UU replay: blunderr vs. Pak</title>
<style>
html,body {font-family:Verdana, sans-serif;font-size:10pt;margin:0;padding:0;}body{padding:12px 0;} .battle-log {font-family:Verdana, sans-serif;font-size:10pt;} .battle-log-inline {border:1px solid #AAAAAA;background:#EEF2F5;color:black;max-width:640px;margin:0 auto 80px;padding-bottom:5px;} .battle-log .inner {padding:4px 8px 0px 8px;} .battle-log .inner-preempt {padding:0 8px 4px 8px;} .battle-log .inner-after {margin-top:0.5em;} .battle-log h2 {margin:0.5em -8px;padding:4px 8px;border:1px solid #AAAAAA;background:#E0E7EA;border-left:0;border-right:0;font-family:Verdana, sans-serif;font-size:13pt;} .battle-log .chat {vertical-align:middle;padding:3px 0 3px 0;font-size:8pt;} .battle-log .chat strong {color:#40576A;} .battle-log .chat em {padding:1px 4px 1px 3px;color:#000000;font-style:normal;} .chat.mine {background:rgba(0,0,0,0.05);margin-left:-8px;margin-right:-8px;padding-left:8px;padding-right:8px;} .spoiler {color:#BBBBBB;background:#BBBBBB;padding:0px 3px;} .spoiler:hover, .spoiler:active, .spoiler-shown {color:#000000;background:#E2E2E2;padding:0px 3px;} .spoiler a {color:#BBBBBB;} .spoiler:hover a, .spoiler:active a, .spoiler-shown a {color:#2288CC;} .chat code, .chat .spoiler:hover code, .chat .spoiler:active code, .chat .spoiler-shown code {border:1px solid #C0C0C0;background:#EEEEEE;color:black;padding:0 2px;} .chat .spoiler code {border:1px solid #CCCCCC;background:#CCCCCC;color:#CCCCCC;} .battle-log .rated {padding:3px 4px;} .battle-log .rated strong {color:white;background:#89A;padding:1px 4px;border-radius:4px;} .spacer {margin-top:0.5em;} .message-announce {background:#6688AA;color:white;padding:1px 4px 2px;} .message-announce a, .broadcast-green a, .broadcast-blue a, .broadcast-red a {color:#DDEEFF;} .broadcast-green {background-color:#559955;color:white;padding:2px 4px;} .broadcast-blue {background-color:#6688AA;color:white;padding:2px 4px;} .infobox {border:1px solid #6688AA;padding:2px 4px;} .infobox-limited {max-height:200px;overflow:auto;overflow-x:hidden;} .broadcast-red {background-color:#AA5544;color:white;padding:2px 4px;} .message-learn-canlearn {font-weight:bold;color:#228822;text-decoration:underline;} .message-learn-cannotlearn {font-weight:bold;color:#CC2222;text-decoration:underline;} .message-effect-weak {font-weight:bold;color:#CC2222;} .message-effect-resist {font-weight:bold;color:#6688AA;} .message-effect-immune {font-weight:bold;color:#666666;} .message-learn-list {margin-top:0;margin-bottom:0;} .message-throttle-notice, .message-error {color:#992222;} .message-overflow, .chat small.message-overflow {font-size:0pt;} .message-overflow::before {font-size:9pt;content:'...';} .subtle {color:#3A4A66;}
</style>
<div class="wrapper replay-wrapper" style="max-width:1180px;margin:0 auto">
<input type="hidden" name="replayid" value="smogtours-uu-270147" />
<div class="battle"></div><div class="battle-log"></div><div class="replay-controls"></div><div class="replay-controls-2"></div>
<h1 style="font-weight:normal;text-align:center"><strong>UU</strong><br /><a href="http://pokemonshowdown.com/users/blunderr" class="subtle" target="_blank">blunderr</a> vs. <a href="http://pokemonshowdown.com/users/pak" class="subtle" target="_blank">Pak</a></h1>
<script type="text/plain" class="battle-log-data">|inactive|Battle timer is ON: inactive players will automatically lose when time's up.
|J|blunderr
|J|Pak
|player|p1|blunderr|1
|player|p2|Pak|60
|gametype|singles
|gen|6
|tier|UU
|seed|28656,19034,55471,47993
|rule|Sleep Clause Mod: Limit one foe put to sleep
|rule|Species Clause: Limit one of each Pokémon
|rule|OHKO Clause: OHKO moves are banned
|rule|Moody Clause: Moody is banned
|rule|Evasion Moves Clause: Evasion moves are banned
|rule|Endless Battle Clause: Forcing endless battles is banned
|rule|HP Percentage Mod: HP is shown in percentages
|clearpoke
|poke|p1|Lucario, F|item
|poke|p1|Aerodactyl, F|item
|poke|p1|Tentacruel, M|item
|poke|p1|Gligar, M|item
|poke|p1|Hydreigon, F|item
|poke|p1|Infernape, F|item
|poke|p2|Gyarados, M|
|poke|p2|Hydreigon, F|item
|poke|p2|Aggron, M|item
|poke|p2|Snorlax, M|item
|poke|p2|Gligar, M|item
|poke|p2|Roserade, M|item
|rule|Swagger Clause: Swagger is banned
|rule|Baton Pass Clause: Limit one Baton Passer, can't pass Spe and other stats simultaneously
|teampreview
|J|Blackoblivion♆
|J|Ict
|J|TSR
|J|Dibs The Dreamer
|c|☆Pak|gl
|J|Evann
|J|Real Fv13 º✖º
|L|Blackoblivion♆
|J|bro fist
|J|Taskr
|c|☆blunderr|u2
|J|Low Ladder Heroes
|L|Ict
|c|+Real Fv13 º✖º|uupl?
|J|XclusFinchinator
|J|ChillShadow
|J|Baxstenias
|J|Ict
|c|☆Pak|y
|J|Sacri !!_!!
|J|LazerGoesPew
|J|Pearl ☆
|c|%Pearl ☆|in
|choice|team 5, team 2, team 3, team 4, team 1, team 6|team 2, team 1, team 3, team 4, team 5, team 6
|
|start
|switch|p1a: Hydreigon|Hydreigon, F|325\/325
|switch|p2a: Hydreigon|Hydreigon, F|325\/325
|turn|1
|J|Amaroq
|c|%Pearl ☆|in
|J|Aquadext
|c|+Low Ladder Heroes|may the best player win speed tie
|J|byronthewellwell
|choice|move uturn|move dracometeor
|
|move|p2a: Hydreigon|Draco Meteor|p1a: Hydreigon
|-supereffective|p1a: Hydreigon
|-damage|p1a: Hydreigon|0 fnt
|-unboost|p2a: Hydreigon|spa|2
|faint|p1a: Hydreigon
|
|upkeep
|J|Omfuga
|choice|switch 6|
|
|switch|p1a: Infernape|Infernape, F|293\/293
|turn|2
|c|+Real Fv13 º✖º|LOL
|c|%Pearl ☆|feel like "pak!" when it hits
|c|+Omfuga|UU is hot fire
|choice|move uturn|switch 5
|
|switch|p2a: Gligar|Gligar, M|333\/333
|move|p1a: Infernape|U-turn|p2a: Gligar
|-resisted|p2a: Gligar
|-damage|p2a: Gligar|312\/333
|J|trc
|c|+meeps|omfuga!!
|J|Becks
|c|+Omfuga|meeps :D
|c|+Omfuga|when u play
|c|+meeps|i schedule to play
|L|Baxstenias
|J|GOD SNOO
|c|+meeps|in 20 mins
|J|LUCK>SKILL
|c|+meeps|my opponent isn't on yet tho
|c|+Omfuga|nice..
|choice|switch 2|
|
|switch|p1a: Aerodactyl|Aerodactyl, F|301\/301
|
|upkeep
|turn|3
|c|+Omfuga|whos ur opp
|c|+meeps|lord esche
|c|+Omfuga|LMFAO
|c|+Omfuga|plz dont lose to etch a sketch
|choice|move aquatail mega|move uturn
|
|detailschange|p1a: Aerodactyl|Aerodactyl-Mega, F
|-mega|p1a: Aerodactyl|Aerodactyl|Aerodactylite
|move|p1a: Aerodactyl|Aqua Tail|p2a: Gligar
|-supereffective|p2a: Gligar
|-damage|p2a: Gligar|158\/333
|move|p2a: Gligar|U-turn|p1a: Aerodactyl
|-resisted|p1a: Aerodactyl
|-damage|p1a: Aerodactyl|279\/301
|choice||switch 3
|
|switch|p2a: Aggron|Aggron, M|344\/344
|
|upkeep
|turn|4
|c|+meeps|i will try my best
|J|hogg
|J|Manipulative
|c|+LUCK>SKILL|I hope meeps wins
|c|+LUCK>SKILL|=3
|c|+meeps|thanks LUCK>SKILL
|choice|switch 4|move stealthrock mega
|
|switch|p1a: Gligar|Gligar, M|333\/333
|detailschange|p2a: Aggron|Aggron-Mega, M
|-mega|p2a: Aggron|Aggron|Aggronite
|move|p2a: Aggron|Stealth Rock|p1a: Gligar
|-sidestart|p1: blunderr|move: Stealth Rock
|
|upkeep
|turn|5
|choice|move stealthrock|move heavyslam
|
|move|p1a: Gligar|Stealth Rock|p2a: Aggron
|-sidestart|p2: Pak|move: Stealth Rock
|move|p2a: Aggron|Heavy Slam|p1a: Gligar
|-damage|p1a: Gligar|224\/333
|
|upkeep
|turn|6
|choice|move uturn|move heavyslam
|
|move|p1a: Gligar|U-turn|p2a: Aggron
|-resisted|p2a: Aggron
|-damage|p2a: Aggron|335\/344
|choice|switch 3|
|
|switch|p1a: Tentacruel|Tentacruel, M|361\/361
|-damage|p1a: Tentacruel|316\/361|[from] Stealth Rock
|move|p2a: Aggron|Heavy Slam|p1a: Tentacruel
|-resisted|p1a: Tentacruel
|-damage|p1a: Tentacruel|211\/361
|
|-heal|p1a: Tentacruel|233\/361|[from] item: Black Sludge
|upkeep
|turn|7
|choice|switch 3|switch 6
|
|switch|p1a: Gligar|Gligar, M|224\/333
|-damage|p1a: Gligar|183\/333|[from] Stealth Rock
|switch|p2a: Roserade|Roserade, M|261\/261
|-damage|p2a: Roserade|229\/261|[from] Stealth Rock
|
|-heal|p2a: Roserade|245\/261|[from] item: Black Sludge
|upkeep
|turn|8
|J|Advantage
|c|+Advantage|oo
|c|+Omfuga|wh-what..
|choice|move roost|move leafstorm
|
|move|p2a: Roserade|Leaf Storm|p1a: Gligar
|-damage|p1a: Gligar|36\/333
|-unboost|p2a: Roserade|spa|2
|move|p1a: Gligar|Roost|p1a: Gligar
|-heal|p1a: Gligar|203\/333
|
|-heal|p2a: Roserade|261\/261|[from] item: Black Sludge
|upkeep
|turn|9
|L|hogg
|c|☆Pak|0
|c|+Low Ladder Heroes|weak
|c|+Omfuga|goatgar
|J|ABR
|c|+Omfuga|wait
|c|+Omfuga|not gengar
|choice|move roost|switch 4
|
|switch|p2a: Snorlax|Snorlax, M|497\/497
|-damage|p2a: Snorlax|435\/497|[from] Stealth Rock
|move|p1a: Gligar|Roost|p1a: Gligar
|-heal|p1a: Gligar|333\/333
|
|-heal|p2a: Snorlax|466\/497|[from] item: Leftovers
|upkeep
|turn|10
|J|hogg
|c|+ABR|blunder :warning:
|c|+Omfuga|gligoat.
|J|ZoroDark
|J|Disjunction
|J|MetalGro$$
|L|Disjunction
|L|hogg
|c|%Pearl ☆|when u bring lax
|c|%Pearl ☆|into double fighting
|J|Curtain
|c|☆blunderr|1sec calcing
|L|ABR
|J|Xdevo
|c|+Omfuga|pearl
|c|+Omfuga|is it me or
|c|+Omfuga|is it the most lax-weak
|c|+Omfuga|double fighting
|c|+Omfuga|possible
|c|+Advantage|LOL
|c|%Pearl ☆|LOL
|c|%Pearl ☆|probably
|J|Bee Lou
|J|ABR
|L|trc
|L|Curtain
|choice|move uturn|move bodyslam
|
|move|p1a: Gligar|U-turn|p2a: Snorlax
|-damage|p2a: Snorlax|419\/497
|choice|switch 5|
|
|switch|p1a: Lucario|Lucario, F|281\/281
|-damage|p1a: Lucario|273\/281|[from] Stealth Rock
|move|p2a: Snorlax|Body Slam|p1a: Lucario
|-resisted|p1a: Lucario
|-damage|p1a: Lucario|201\/281
|
|-heal|p2a: Snorlax|450\/497|[from] item: Leftovers
|upkeep
|turn|11
|choice|move closecombat|switch 2
|
|switch|p2a: Gyarados|Gyarados, M|385\/385
|-damage|p2a: Gyarados|289\/385|[from] Stealth Rock
|-ability|p2a: Gyarados|Intimidate|boost
|-unboost|p1a: Lucario|atk|1
|move|p1a: Lucario|Close Combat|p2a: Gyarados
|-resisted|p2a: Gyarados
|-damage|p2a: Gyarados|215\/385
|-unboost|p1a: Lucario|def|1
|-unboost|p1a: Lucario|spd|1
|-damage|p1a: Lucario|173\/281|[from] item: Life Orb
|
|upkeep
|turn|12
|c|+Advantage|0
|c|☆blunderr|ungodly gyarados
|c|+Omfuga|whys it not helmet
|c|+Omfuga|and not lefties
|c|+Omfuga|fat dd resto chesto
|c|+Sacri !!_!!|twave ?
|c|+Omfuga|thats my guess
|c|+Omfuga|lol.
|J|Feliburn
|c|+Omfuga|gyarados highkey
|c|+Omfuga|ruined ORAS UU too
|c|+Omfuga|goat
|choice|switch 3|move waterfall
|
|switch|p1a: Tentacruel|Tentacruel, M|233\/361
|-damage|p1a: Tentacruel|188\/361|[from] Stealth Rock
|move|p2a: Gyarados|Waterfall|p1a: Tentacruel
|-resisted|p1a: Tentacruel
|-damage|p1a: Tentacruel|125\/361
|
|-heal|p1a: Tentacruel|147\/361|[from] item: Black Sludge
|upkeep
|turn|13
|choice|move rapidspin|move waterfall
|
|move|p1a: Tentacruel|Rapid Spin|p2a: Gyarados
|-damage|p2a: Gyarados|205\/385
|-sideend|p1: blunderr|Stealth Rock|[from] move: Rapid Spin|[of] p1a: Tentacruel
|move|p2a: Gyarados|Waterfall|p1a: Tentacruel
|-resisted|p1a: Tentacruel
|-damage|p1a: Tentacruel|84\/361
|
|-heal|p1a: Tentacruel|106\/361|[from] item: Black Sludge
|upkeep
|turn|14
|choice|move scald|move waterfall
|
|move|p1a: Tentacruel|Scald|p2a: Gyarados
|-resisted|p2a: Gyarados
|-damage|p2a: Gyarados|170\/385
|move|p2a: Gyarados|Waterfall|p1a: Tentacruel
|-resisted|p1a: Tentacruel
|-damage|p1a: Tentacruel|45\/361
|
|-heal|p1a: Tentacruel|67\/361|[from] item: Black Sludge
|upkeep
|turn|15
|choice|move knockoff|move rest
|
|move|p1a: Tentacruel|Knock Off|p2a: Gyarados
|-damage|p2a: Gyarados|141\/385
|move|p2a: Gyarados|Rest|p2a: Gyarados
|-status|p2a: Gyarados|slp
|-heal|p2a: Gyarados|385\/385 slp|[silent]
|-status|p2a: Gyarados|slp|[from] move: Rest
|
|-heal|p1a: Tentacruel|89\/361|[from] item: Black Sludge
|upkeep
|turn|16
|c|+Omfuga|didnt this guys name used to be pakmasta
|J|hogg
|c|+Omfuga|doesnt seem like a masta to me
|c|+Advantage|huh
|c|+Omfuga|lol...
|c|+Omfuga|its for daunt
|c|☆Pak|trust
|c|+Advantage|that's hot
|c|+Sacri !!_!!|z !ove
|choice|move scald|switch 5
|
|switch|p2a: Hydreigon|Hydreigon, F|325\/325
|-damage|p2a: Hydreigon|285\/325|[from] Stealth Rock
|move|p1a: Tentacruel|Scald|p2a: Hydreigon
|-resisted|p2a: Hydreigon
|-damage|p2a: Hydreigon|242\/325
|-status|p2a: Hydreigon|brn
|
|-heal|p1a: Tentacruel|111\/361|[from] item: Black Sludge
|-damage|p2a: Hydreigon|202\/325 brn|[from] brn
|upkeep
|turn|17
|J|hamhamhamham
|c|+Omfuga|ORAS burn :weary:
|J|Sas0 (つ^^)つ
|c|+Advantage|dragon resist luke 
|c|☆blunderr|:weary:
|choice|switch 5|move darkpulse
|
|switch|p1a: Gligar|Gligar, M|333\/333
|move|p2a: Hydreigon|Dark Pulse|p1a: Gligar
|-damage|p1a: Gligar|240\/333
|
|-damage|p2a: Hydreigon|162\/325 brn|[from] brn
|upkeep
|turn|18
|c|+ABR|,
|choice|move uturn|switch 3
|
|switch|p2a: Gligar|Gligar, M|158\/333
|-damage|p2a: Gligar|117\/333|[from] Stealth Rock
|move|p1a: Gligar|U-turn|p2a: Gligar
|-resisted|p2a: Gligar
|-damage|p2a: Gligar|104\/333
|J|amberrlamps
|c|+ABR|27?
|J|magnetica
|c|+Manipulative|lmao
|c|+Omfuga|its spdef glig 
|c|+Advantage|dragon resist gligar 
|c|+Advantage|jk
|choice|switch 4|
|
|switch|p1a: Aerodactyl|Aerodactyl-Mega, F|279\/301
|
|upkeep
|turn|19
|choice|move aquatail|switch 6
|
|switch|p2a: Aggron|Aggron-Mega, M|335\/344
|-damage|p2a: Aggron|314\/344|[from] Stealth Rock
|move|p1a: Aerodactyl|Aqua Tail|p2a: Aggron|[miss]
|-miss|p1a: Aerodactyl|p2a: Aggron
|
|upkeep
|turn|20
|L|Dibs The Dreamer
|J|Matame♬
|c|+Omfuga|damn
|choice|move earthquake|move heavyslam
|
|move|p1a: Aerodactyl|Earthquake|p2a: Aggron
|-supereffective|p2a: Aggron
|-damage|p2a: Aggron|235\/344
|move|p2a: Aggron|Heavy Slam|p1a: Aerodactyl
|-supereffective|p1a: Aerodactyl
|-damage|p1a: Aerodactyl|0 fnt
|faint|p1a: Aerodactyl
|
|upkeep
|c|+Omfuga|,
|c|+ABR|.
|c|+ABR|23
|c|+Advantage|LOL
|c|+ABR|this is so gross
|c|☆blunderr|aids miss
|c|+Advantage|.
|c|+Omfuga|yeah
|c|+Omfuga|woulda been in luke cc range
|c|☆blunderr|shut the fuck up iplaytimerlol
|c|+Omfuga|lol.
|c|+Omfuga|,
|c|+Omfuga|a,s
|c|+Omfuga|dbauspfhgobuapsdh
|c|+Omfuga|abudp;
|c|+Omfuga|ajosdbspdj
|c|+Advantage|wqegwsh4eyj75rk
|c|+ABR|LOL
|choice|switch 4|
|
|switch|p1a: Gligar|Gligar, M|240\/333
|turn|21
|J|Bouff
|c|%Pearl ☆|iplaytimerLO
|choice|move earthquake|move stealthrock
|
|move|p1a: Gligar|Earthquake|p2a: Aggron
|-supereffective|p2a: Aggron
|-damage|p2a: Aggron|177\/344
|move|p2a: Aggron|Stealth Rock|p1a: Gligar
|-sidestart|p1: blunderr|move: Stealth Rock
|
|upkeep
|turn|22
|choice|move uturn|move heavyslam
|
|move|p1a: Gligar|U-turn|p2a: Aggron
|-resisted|p2a: Aggron
|-damage|p2a: Aggron|167\/344
|choice|switch 2|
|
|switch|p1a: Infernape|Infernape, F|293\/293
|-damage|p1a: Infernape|257\/293|[from] Stealth Rock
|move|p2a: Aggron|Heavy Slam|p1a: Infernape
|-resisted|p1a: Infernape
|-damage|p1a: Infernape|137\/293
|
|upkeep
|turn|23
|choice|move uturn|move earthquake
|
|move|p1a: Infernape|U-turn|p2a: Aggron
|-resisted|p2a: Aggron
|-damage|p2a: Aggron|153\/344
|L|Real Fv13 º✖º
|choice|switch 2|
|
|switch|p1a: Gligar|Gligar, M|240\/333
|-damage|p1a: Gligar|199\/333|[from] Stealth Rock
|move|p2a: Aggron|Earthquake|p1a: Gligar
|-immune|p1a: Gligar|[msg]
|
|upkeep
|turn|24
|choice|move roost|move heavyslam
|
|move|p1a: Gligar|Roost|p1a: Gligar
|-heal|p1a: Gligar|333\/333
|move|p2a: Aggron|Heavy Slam|p1a: Gligar
|-damage|p1a: Gligar|216\/333
|
|upkeep
|turn|25
|J|Dibs The Dreamer
|choice|move roost|switch 6
|
|switch|p2a: Gligar|Gligar, M|104\/333
|-damage|p2a: Gligar|63\/333|[from] Stealth Rock
|move|p1a: Gligar|Roost|p1a: Gligar
|-heal|p1a: Gligar|333\/333
|
|upkeep
|turn|26
|choice|move uturn|move roost
|
|move|p1a: Gligar|U-turn|p2a: Gligar
|-resisted|p2a: Gligar
|-damage|p2a: Gligar|50\/333
|choice|switch 5|
|
|switch|p1a: Tentacruel|Tentacruel, M|111\/361
|-damage|p1a: Tentacruel|66\/361|[from] Stealth Rock
|move|p2a: Gligar|Roost|p2a: Gligar
|-heal|p2a: Gligar|217\/333
|
|-heal|p1a: Tentacruel|88\/361|[from] item: Black Sludge
|upkeep
|turn|27
|choice|move rapidspin|switch 4
|
|switch|p2a: Roserade|Roserade, M|261\/261
|-damage|p2a: Roserade|229\/261|[from] Stealth Rock
|move|p1a: Tentacruel|Rapid Spin|p2a: Roserade
|-damage|p2a: Roserade|213\/261
|-sideend|p1: blunderr|Stealth Rock|[from] move: Rapid Spin|[of] p1a: Tentacruel
|
|-heal|p2a: Roserade|229\/261|[from] item: Black Sludge
|-heal|p1a: Tentacruel|110\/361|[from] item: Black Sludge
|upkeep
|turn|28
|L|ABR
|L|ChillShadow
|choice|switch 5|switch 4
|
|switch|p2a: Gligar|Gligar, M|217\/333
|-damage|p2a: Gligar|176\/333|[from] Stealth Rock
|switch|p1a: Gligar|Gligar, M|333\/333
|
|upkeep
|turn|29
|choice|move uturn|move roost
|
|move|p1a: Gligar|U-turn|p2a: Gligar
|-resisted|p2a: Gligar
|-crit|p2a: Gligar
|-damage|p2a: Gligar|158\/333
|choice|switch 5|
|
|switch|p1a: Tentacruel|Tentacruel, M|110\/361
|move|p2a: Gligar|Roost|p2a: Gligar
|-heal|p2a: Gligar|325\/333
|
|-heal|p1a: Tentacruel|132\/361|[from] item: Black Sludge
|upkeep
|turn|30
|J|tvnoise
|L|tvnoise
|choice|switch 5|switch 2
|
|switch|p1a: Gligar|Gligar, M|333\/333
|switch|p2a: Snorlax|Snorlax, M|450\/497
|-damage|p2a: Snorlax|388\/497|[from] Stealth Rock
|
|-heal|p2a: Snorlax|419\/497|[from] item: Leftovers
|upkeep
|turn|31
|choice|move earthquake|move bodyslam
|
|move|p1a: Gligar|Earthquake|p2a: Snorlax
|-damage|p2a: Snorlax|313\/497
|move|p2a: Snorlax|Body Slam|p1a: Gligar
|-damage|p1a: Gligar|260\/333
|
|-heal|p2a: Snorlax|344\/497|[from] item: Leftovers
|upkeep
|turn|32
|choice|move earthquake|move curse
|
|move|p1a: Gligar|Earthquake|p2a: Snorlax
|-damage|p2a: Snorlax|242\/497
|move|p2a: Snorlax|Curse|p2a: Snorlax
|-unboost|p2a: Snorlax|spe|1
|-boost|p2a: Snorlax|atk|1
|-boost|p2a: Snorlax|def|1
|
|-heal|p2a: Snorlax|273\/497|[from] item: Leftovers
|upkeep
|turn|33
|choice|move uturn|move bodyslam
|
|move|p1a: Gligar|U-turn|p2a: Snorlax
|-damage|p2a: Snorlax|243\/497
|choice|switch 3|
|
|switch|p1a: Lucario|Lucario, F|173\/281
|move|p2a: Snorlax|Body Slam|p1a: Lucario
|-resisted|p1a: Lucario
|-damage|p1a: Lucario|56\/281
|
|-heal|p2a: Snorlax|274\/497|[from] item: Leftovers
|upkeep
|turn|34
|choice|switch 2|switch 2
|
|switch|p1a: Infernape|Infernape, F|137\/293
|switch|p2a: Gligar|Gligar, M|325\/333
|-damage|p2a: Gligar|284\/333|[from] Stealth Rock
|
|upkeep
|turn|35
|J|Isa
|choice|move uturn|move earthquake
|
|move|p1a: Infernape|U-turn|p2a: Gligar
|-resisted|p2a: Gligar
|-damage|p2a: Gligar|263\/333
|choice|switch 3|
|
|switch|p1a: Gligar|Gligar, M|260\/333
|move|p2a: Gligar|Earthquake|p1a: Gligar
|-immune|p1a: Gligar|[msg]
|
|upkeep
|turn|36
|J|gully=$
|choice|move earthquake|move defog
|
|move|p1a: Gligar|Earthquake|p2a: Gligar
|-immune|p2a: Gligar|[msg]
|move|p2a: Gligar|Defog|p1a: Gligar
|-unboost|p1a: Gligar|evasion|1
|-sideend|p2: Pak|Stealth Rock|[from] move: Defog|[of] p2a: Gligar
|
|upkeep
|turn|37
|choice|move stealthrock|move uturn
|
|move|p1a: Gligar|Stealth Rock|p2a: Gligar
|-sidestart|p2: Pak|move: Stealth Rock
|move|p2a: Gligar|U-turn|p1a: Gligar
|-resisted|p1a: Gligar
|-damage|p1a: Gligar|247\/333
|L|Evann
|J|starmaster
|choice||switch 6
|
|switch|p2a: Aggron|Aggron-Mega, M|153\/344
|-damage|p2a: Aggron|132\/344|[from] Stealth Rock
|
|upkeep
|turn|38
|choice|move earthquake|move stealthrock
|
|move|p1a: Gligar|Earthquake|p2a: Aggron
|-supereffective|p2a: Aggron
|-damage|p2a: Aggron|72\/344
|move|p2a: Aggron|Stealth Rock|p1a: Gligar
|-sidestart|p1: blunderr|move: Stealth Rock
|
|upkeep
|turn|39
|L|LUCK>SKILL
|L|Sas0 (つ^^)つ
|choice|move earthquake|move roar
|
|move|p1a: Gligar|Earthquake|p2a: Aggron
|-supereffective|p2a: Aggron
|-damage|p2a: Aggron|5\/344
|move|p2a: Aggron|Roar|p1a: Gligar
|drag|p1a: Infernape|Infernape, F|137\/293
|-damage|p1a: Infernape|101\/293|[from] Stealth Rock
|
|upkeep
|turn|40
|choice|move uturn|move heavyslam
|
|move|p1a: Infernape|U-turn|p2a: Aggron
|-resisted|p2a: Aggron
|-damage|p2a: Aggron|0 fnt
|faint|p2a: Aggron
|choice|switch 3|
|
|switch|p1a: Gligar|Gligar, M|247\/333
|-damage|p1a: Gligar|206\/333|[from] Stealth Rock
|
|upkeep
|c|+Omfuga|omfg
|c|+Omfuga|guns-a-blazin
|J|sc slurmz
|c|+Omfuga|lol.
|choice||switch 2
|
|switch|p2a: Snorlax|Snorlax, M|274\/497
|-damage|p2a: Snorlax|212\/497|[from] Stealth Rock
|turn|41
|choice|move earthquake|move rest
|
|move|p1a: Gligar|Earthquake|p2a: Snorlax
|-damage|p2a: Snorlax|113\/497
|move|p2a: Snorlax|Rest|p2a: Snorlax
|-status|p2a: Snorlax|slp
|-heal|p2a: Snorlax|497\/497 slp|[silent]
|-status|p2a: Snorlax|slp|[from] move: Rest
|
|upkeep
|turn|42
|choice|move uturn|move sleeptalk
|
|move|p1a: Gligar|U-turn|p2a: Snorlax
|-damage|p2a: Snorlax|450\/497 slp
|choice|switch 5|
|
|switch|p1a: Tentacruel|Tentacruel, M|132\/361
|-damage|p1a: Tentacruel|87\/361|[from] Stealth Rock
|cant|p2a: Snorlax|slp
|move|p2a: Snorlax|Sleep Talk|p2a: Snorlax
|move|p2a: Snorlax|Rest|p2a: Snorlax|[from]Sleep Talk
|-fail|p2a: Snorlax
|
|-heal|p1a: Tentacruel|109\/361|[from] item: Black Sludge
|-heal|p2a: Snorlax|481\/497 slp|[from] item: Leftovers
|upkeep
|turn|43
|choice|move rapidspin|move sleeptalk
|
|move|p1a: Tentacruel|Rapid Spin|p2a: Snorlax
|-damage|p2a: Snorlax|468\/497 slp
|-sideend|p1: blunderr|Stealth Rock|[from] move: Rapid Spin|[of] p1a: Tentacruel
|cant|p2a: Snorlax|slp
|move|p2a: Snorlax|Sleep Talk|p2a: Snorlax
|move|p2a: Snorlax|Curse|p2a: Snorlax|[from]Sleep Talk
|-unboost|p2a: Snorlax|spe|1
|-boost|p2a: Snorlax|atk|1
|-boost|p2a: Snorlax|def|1
|
|-heal|p1a: Tentacruel|131\/361|[from] item: Black Sludge
|-heal|p2a: Snorlax|497\/497 slp|[from] item: Leftovers
|upkeep
|turn|44
|c|+Omfuga|o no.
|J|r0ady
|J|ERZ竜
|L|ERZ竜
|choice|move knockoff|move bodyslam
|
|move|p1a: Tentacruel|Knock Off|p2a: Snorlax
|-damage|p2a: Snorlax|458\/497 slp
|-enditem|p2a: Snorlax|Leftovers|[from] move: Knock Off|[of] p1a: Tentacruel
|-curestatus|p2a: Snorlax|slp|[msg]
|move|p2a: Snorlax|Body Slam|p1a: Tentacruel
|-damage|p1a: Tentacruel|0 fnt
|faint|p1a: Tentacruel
|
|upkeep
|choice|switch 2|
|
|switch|p1a: Lucario|Lucario, F|56\/281
|turn|45
|choice|move swordsdance|switch 6
|
|switch|p2a: Gligar|Gligar, M|263\/333
|-damage|p2a: Gligar|222\/333|[from] Stealth Rock
|move|p1a: Lucario|Swords Dance|p1a: Lucario
|-boost|p1a: Lucario|atk|2
|
|upkeep
|turn|46
|choice|move closecombat|move earthquake
|
|move|p1a: Lucario|Close Combat|p2a: Gligar
|-resisted|p2a: Gligar
|-damage|p2a: Gligar|69\/333
|-unboost|p1a: Lucario|def|1
|-unboost|p1a: Lucario|spd|1
|-damage|p1a: Lucario|28\/281|[from] item: Life Orb
|move|p2a: Gligar|Earthquake|p1a: Lucario
|-supereffective|p1a: Lucario
|-damage|p1a: Lucario|0 fnt
|faint|p1a: Lucario
|
|upkeep
|choice|switch 3|
|
|switch|p1a: Infernape|Infernape, F|101\/293
|turn|47
|choice|move flareblitz|move roost
|
|move|p1a: Infernape|Flare Blitz|p2a: Gligar
|-damage|p2a: Gligar|0 fnt
|-damage|p1a: Infernape|78\/293|[from] recoil|[of] p2a: Gligar
|faint|p2a: Gligar
|
|upkeep
|choice||switch 6
|
|switch|p2a: Snorlax|Snorlax, M|458\/497
|-damage|p2a: Snorlax|396\/497|[from] Stealth Rock
|turn|48
|choice|switch 5|move curse
|
|switch|p1a: Gligar|Gligar, M|206\/333
|move|p2a: Snorlax|Curse|p2a: Snorlax
|-unboost|p2a: Snorlax|spe|1
|-boost|p2a: Snorlax|atk|1
|-boost|p2a: Snorlax|def|1
|
|upkeep
|turn|49
|choice|move earthquake|move curse
|
|move|p1a: Gligar|Earthquake|p2a: Snorlax
|-damage|p2a: Snorlax|329\/497
|move|p2a: Snorlax|Curse|p2a: Snorlax
|-unboost|p2a: Snorlax|spe|1
|-boost|p2a: Snorlax|atk|1
|-boost|p2a: Snorlax|def|1
|
|upkeep
|turn|50
|L|hogg
|choice|move earthquake|move curse
|
|move|p1a: Gligar|Earthquake|p2a: Snorlax
|-damage|p2a: Snorlax|280\/497
|move|p2a: Snorlax|Curse|p2a: Snorlax
|-unboost|p2a: Snorlax|spe|1
|-boost|p2a: Snorlax|atk|1
|-boost|p2a: Snorlax|def|1
|
|upkeep
|turn|51
|J|Christo
|choice|move uturn|move bodyslam
|
|move|p1a: Gligar|U-turn|p2a: Snorlax
|-damage|p2a: Snorlax|260\/497
|J|hogg
|choice|switch 5|
|
|switch|p1a: Infernape|Infernape, F|78\/293
|move|p2a: Snorlax|Body Slam|p1a: Infernape
|-damage|p1a: Infernape|0 fnt
|faint|p1a: Infernape
|
|upkeep
|c|☆blunderr|gg
|choice|switch 5|
|
|switch|p1a: Gligar|Gligar, M|206\/333
|turn|52
|c|☆Pak|gg
|L|LazerGoesPew
|L|Aquadext
|choice|move earthquake|move bodyslam
|
|move|p1a: Gligar|Earthquake|p2a: Snorlax
|-damage|p2a: Snorlax|215\/497
|move|p2a: Snorlax|Body Slam|p1a: Gligar
|-damage|p1a: Gligar|25\/333
|
|upkeep
|turn|53
|J|Bushtush
|choice|move earthquake|move bodyslam
|
|move|p1a: Gligar|Earthquake|p2a: Snorlax
|-damage|p2a: Snorlax|173\/497
|move|p2a: Snorlax|Body Slam|p1a: Gligar
|-damage|p1a: Gligar|0 fnt
|faint|p1a: Gligar
|
|win|Pak</script>
</div>
<div class="battle-log battle-log-inline"><div class="inner"><div class="battle-options"></div><div class="inner"><div class="chat message-error">Battle timer is ON: inactive players will automatically lose when time's up.</div><div class=""><small>Format:</small> <br><strong>UU</strong></div><div class=""><small><em>Sleep Clause Mod:</em> Limit one foe put to sleep</small></div><div class=""><small><em>Species Clause:</em> Limit one of each Pokémon</small></div><div class=""><small><em>OHKO Clause:</em> OHKO moves are banned</small></div><div class=""><small><em>Moody Clause:</em> Moody is banned</small></div><div class=""><small><em>Evasion Moves Clause:</em> Evasion moves are banned</small></div><div class=""><small><em>Endless Battle Clause:</em> Forcing endless battles is banned</small></div><div class=""><small><em>HP Percentage Mod:</em> HP is shown in percentages</small></div><div class=""><small><em>Swagger Clause:</em> Swagger is banned</small></div><div class=""><small><em>Baton Pass Clause:</em> Limit one Baton Passer, can't pass Spe and other stats simultaneously</small></div><div class="chat battle-history"><strong>blunderr's team:</strong> <em style="color:#445566;display:block;">Lucario / Aerodactyl / Tentacruel / Gligar / Hydreigon / Infernape</em></div><div class="chat battle-history"><strong>Pak's team:</strong> <em style="color:#445566;display:block;">Gyarados / Hydreigon / Aggron / Snorlax / Gligar / Roserade</em></div><div class="chat chatmessage-pak"><strong style="color:hsl(243,72%,62.21702959220603%)"><small>☆</small><span class="username" data-name="Pak">Pak</span>:</strong> <em>gl</em></div><div class="chat chatmessage-blunderr"><strong style="color:hsl(252,82%,60.01687145142231%)"><small>☆</small><span class="username" data-name="blunderr">blunderr</span>:</strong> <em>u2</em></div><div class="chat chatmessage-realfv13"><strong style="color:hsl(125,49%,44.67918745872897%)"><small>+</small><span class="username" data-name="Real Fv13 º✖º">Real Fv13 º✖º</span>:</strong> <em>uupl?</em></div><div class="chat chatmessage-pak"><strong style="color:hsl(243,72%,62.21702959220603%)"><small>☆</small><span class="username" data-name="Pak">Pak</span>:</strong> <em>y</em></div><div class="chat chatmessage-pearl"><strong style="color:hsl(137,70%,38.48887992080507%)"><small>%</small><span class="username" data-name="Pearl ☆">Pearl ☆</span>:</strong> <em>in</em></div><div class="spacer battle-history"><br></div><div class="battle-history">Battle started between blunderr and Pak!<br></div><div class="spacer battle-history"><br></div><div class="battle-history">Go! <strong>Hydreigon</strong>!<br></div><div class="spacer battle-history"><br></div><div class="battle-history">Pak sent out <strong>Hydreigon</strong>!<br></div><div class="spacer battle-history"><br></div><h2 class="battle-history">Turn 1</h2><div class="chat chatmessage-pearl"><strong style="color:hsl(137,70%,38.48887992080507%)"><small>%</small><span class="username" data-name="Pearl ☆">Pearl ☆</span>:</strong> <em>in</em></div><div class="chat chatmessage-lowladderheroes"><strong style="color:hsl(247,57%,61.151201614512736%)"><small>+</small><span class="username" data-name="Low Ladder Heroes">Low Ladder Heroes</span>:</strong> <em>may the best player win speed tie</em></div><div class="spacer battle-history"><br></div><div class="battle-history">The opposing Hydreigon used <strong>Draco Meteor</strong>!<br></div><div class="battle-history"><small>It's super effective!</small><br></div><div class="battle-history"><small>(Hydreigon lost <abbr title="−325/325">100%</abbr> of its health!)</small><br></div><div class="battle-history"><small>The opposing Hydreigon's Special Attack fell harshly!</small><br></div><div class="spacer battle-history"><br></div><div class="battle-history">Hydreigon fainted!<br></div><div class="spacer battle-history"><br></div><div class="battle-history">Go! <strong>Infernape</strong>!<br></div><div class="spacer battle-history"><br></div><h2 class="battle-history">Turn 2</h2><div class="chat chatmessage-realfv13"><strong style="color:hsl(125,49%,44.67918745872897%)"><small>+</small><span class="username" data-name="Real Fv13 º✖º">Real Fv13 º✖º</span>:</strong> <em>LOL</em></div><div class="chat chatmessage-pearl"><strong style="color:hsl(137,70%,38.48887992080507%)"><small>%</small><span class="username" data-name="Pearl ☆">Pearl ☆</span>:</strong> <em>feel like "pak!" when it hits</em></div><div class="chat chatmessage-omfuga"><strong style="color:hsl(319,50%,48.93417352725278%)"><small>+</small><span class="username" data-name="Omfuga">Omfuga</span>:</strong> <em>UU is hot fire</em></div><div class="spacer battle-history"><br></div><div class="battle-history">Pak withdrew Hydreigon!<br></div><div class="battle-history">Pak sent out <strong>Gligar</strong>!<br></div><div class="spacer battle-history"><br></div><div class="battle-history">Infernape used <strong>U-turn</strong>!<br></div><div class="battle-history"><small>It's not very effective...</small><br></div><div class="battle-history"><small>(The opposing Gligar lost <abbr title="−21/333">6.3%</abbr> of its health!)</small><br></div><div class="chat chatmessage-meeps"><strong style="color:hsl(213,86%,49.702444779278984%)"><small>+</small><span class="username" data-name="meeps">meeps</span>:</strong> <em>omfuga!!</em></div><div class="chat chatmessage-omfuga"><strong style="color:hsl(319,50%,48.93417352725278%)"><small>+</small><span class="username" data-name="Omfuga">Omfuga</span>:</strong> <em>meeps :D</em></div><div class="chat chatmessage-omfuga"><strong style="color:hsl(319,50%,48.93417352725278%)"><small>+</small><span class="username" data-name="Omfuga">Omfuga</span>:</strong> <em>when u play</em></div><div class="chat chatmessage-meeps"><strong style="color:hsl(213,86%,49.702444779278984%)"><small>+</small><span class="username" data-name="meeps">meeps</span>:</strong> <em>i schedule to play</em></div><div class="chat chatmessage-meeps"><strong style="color:hsl(213,86%,49.702444779278984%)"><small>+</small><span class="username" data-name="meeps">meeps</span>:</strong> <em>in 20 mins</em></div><div class="chat chatmessage-meeps"><strong style="color:hsl(213,86%,49.702444779278984%)"><small>+</small><span class="username" data-name="meeps">meeps</span>:</strong> <em>my opponent isn't on yet tho</em></div><div class="chat chatmessage-omfuga"><strong style="color:hsl(319,50%,48.93417352725278%)"><small>+</small><span class="username" data-name="Omfuga">Omfuga</span>:</strong> <em>nice..</em></div><div class="spacer battle-history"><br></div><div class="battle-history">Infernape went back to blunderr!<br></div><div class="battle-history">Go! <strong>Aerodactyl</strong>!<br></div><div class="spacer battle-history"><br></div><h2 class="battle-history">Turn 3</h2><div class="chat chatmessage-omfuga"><strong style="color:hsl(319,50%,48.93417352725278%)"><small>+</small><span class="username" data-name="Omfuga">Omfuga</span>:</strong> <em>whos ur opp</em></div><div class="chat chatmessage-meeps"><strong style="color:hsl(213,86%,49.702444779278984%)"><small>+</small><span class="username" data-name="meeps">meeps</span>:</strong> <em>lord esche</em></div><div class="chat chatmessage-omfuga"><strong style="color:hsl(319,50%,48.93417352725278%)"><small>+</small><span class="username" data-name="Omfuga">Omfuga</span>:</strong> <em>LMFAO</em></div><div class="chat chatmessage-omfuga"><strong style="color:hsl(319,50%,48.93417352725278%)"><small>+</small><span class="username" data-name="Omfuga">Omfuga</span>:</strong> <em>plz dont lose to etch a sketch</em></div><div class="spacer battle-history"><br></div><div class="battle-history"><small>Aerodactyl's Aerodactylite is reacting to blunderr's Mega Bracelet!</small><br>Aerodactyl has Mega Evolved into Mega Aerodactyl!<br></div><div class="spacer battle-history"><br></div><div class="battle-history">Aerodactyl used <strong>Aqua Tail</strong>!<br></div><div class="battle-history"><small>It's super effective!</small><br></div><div class="battle-history"><small>(The opposing Gligar lost <abbr title="−154/333">46.2%</abbr> of its health!)</small><br></div><div class="spacer battle-history"><br></div><div class="battle-history">The opposing Gligar used <strong>U-turn</strong>!<br></div><div class="battle-history"><small>It's not very effective...</small><br></div><div class="battle-history"><small>(Aerodactyl lost <abbr title="−22/301">7.3%</abbr> of its health!)</small><br></div><div class="spacer battle-history"><br></div><div class="battle-history">The opposing Gligar went back to Pak!<br></div><div class="battle-history">Pak sent out <strong>Aggron</strong>!<br></div><div class="spacer battle-history"><br></div><h2 class="battle-history">Turn 4</h2><div class="chat chatmessage-meeps"><strong style="color:hsl(213,86%,49.702444779278984%)"><small>+</small><span class="username" data-name="meeps">meeps</span>:</strong> <em>i will try my best</em></div><div class="chat chatmessage-luckskill"><strong style="color:hsl(24,85%,41%)"><small>+</small><span class="username" data-name="LUCK>SKILL">LUCK&gt;SKILL</span>:</strong> <em>I hope meeps wins</em></div><div class="chat chatmessage-luckskill"><strong style="color:hsl(24,85%,41%)"><small>+</small><span class="username" data-name="LUCK>SKILL">LUCK&gt;SKILL</span>:</strong> <em>=3</em></div><div class="chat chatmessage-meeps"><strong style="color:hsl(213,86%,49.702444779278984%)"><small>+</small><span class="username" data-name="meeps">meeps</span>:</strong> <em>thanks LUCK&gt;SKILL</em></div><div class="spacer battle-history"><br></div><div class="battle-history">Aerodactyl, come back!<br></div><div class="battle-history">Go! <strong>Gligar</strong>!<br></div><div class="spacer battle-history"><br></div><div class="battle-history"><small>The opposing Aggron's Aggronite is reacting to Pak's Mega Bracelet!</small><br>The opposing Aggron has Mega Evolved into Mega Aggron!<br></div><div class="spacer battle-history"><br></div><div class="battle-history">The opposing Aggron used <strong>Stealth Rock</strong>!<br></div><div class="battle-history"><small>Pointed stones float in the air around your team!</small><br></div><div class="spacer battle-history"><br></div><h2 class="battle-history">Turn 5</h2><div class="spacer battle-history"><br></div><div class="battle-history">Gligar used <strong>Stealth Rock</strong>!<br></div><div class="battle-history"><small>Pointed stones float in the air around the opposing team!</small><br></div><div class="spacer battle-history"><br></div><div class="battle-history">The opposing Aggron used <strong>Heavy Slam</strong>!<br></div><div class="battle-history"><small>(Gligar lost <abbr title="−109/333">32.7%</abbr> of its health!)</small><br></div><div class="spacer battle-history"><br></div><h2 class="battle-history">Turn 6</h2><div class="spacer battle-history"><br></div><div class="battle-history">Gligar used <strong>U-turn</strong>!<br></div><div class="battle-history"><small>It's not very effective...</small><br></div><div class="battle-history"><small>(The opposing Aggron lost <abbr title="−9/344">2.6%</abbr> of its health!)</small><br></div><div class="spacer battle-history"><br></div><div class="battle-history">Gligar went back to blunderr!<br></div><div class="battle-history">Go! <strong>Tentacruel</strong>!<br></div><div class="battle-history"><small>Pointed stones dug into Tentacruel!</small><br></div><div class="spacer battle-history"><br></div><div class="battle-history">The opposing Aggron used <strong>Heavy Slam</strong>!<br></div><div class="battle-history"><small>It's not very effective...</small><br></div><div class="battle-history"><small>(Tentacruel lost <abbr title="−105/361">29.1%</abbr> of its health!)</small><br></div><div class="spacer battle-history"><br></div><div class="battle-history"><small>Tentacruel restored a little HP using its Black Sludge!</small><br></div><div class="spacer battle-history"><br></div><h2 class="battle-history">Turn 7</h2><div class="spacer battle-history"><br></div><div class="battle-history">Tentacruel, come back!<br></div><div class="battle-history">Go! <strong>Gligar</strong>!<br></div><div class="battle-history"><small>Pointed stones dug into Gligar!</small><br></div><div class="spacer battle-history"><br></div><div class="battle-history">Pak withdrew Aggron!<br></div><div class="battle-history">Pak sent out <strong>Roserade</strong>!<br></div><div class="battle-history"><small>Pointed stones dug into the opposing Roserade!</small><br></div><div class="spacer battle-history"><br></div><div class="battle-history"><small>The opposing Roserade restored a little HP using its Black Sludge!</small><br></div><div class="spacer battle-history"><br></div><h2 class="battle-history">Turn 8</h2><div class="chat chatmessage-advantage"><strong style="color:hsl(307,88%,47%)"><small>+</small><span class="username" data-name="Advantage">Advantage</span>:</strong> <em>oo</em></div><div class="chat chatmessage-omfuga"><strong style="color:hsl(319,50%,48.93417352725278%)"><small>+</small><span class="username" data-name="Omfuga">Omfuga</span>:</strong> <em>wh-what..</em></div><div class="spacer battle-history"><br></div><div class="battle-history">The opposing Roserade used <strong>Leaf Storm</strong>!<br></div><div class="battle-history"><small>(Gligar lost <abbr title="−147/333">44.1%</abbr> of its health!)</small><br></div><div class="battle-history"><small>The opposing Roserade's Special Attack fell harshly!</small><br></div><div class="spacer battle-history"><br></div><div class="battle-history">Gligar used <strong>Roost</strong>!<br></div><div class="battle-history"><small>Gligar restored its HP.</small><br></div><div class="spacer battle-history"><br></div><div class="battle-history"><small>The opposing Roserade restored a little HP using its Black Sludge!</small><br></div><div class="spacer battle-history"><br></div><h2 class="battle-history">Turn 9</h2><div class="chat chatmessage-pak"><strong style="color:hsl(243,72%,62.21702959220603%)"><small>☆</small><span class="username" data-name="Pak">Pak</span>:</strong> <em>0</em></div><div class="chat chatmessage-lowladderheroes"><strong style="color:hsl(247,57%,61.151201614512736%)"><small>+</small><span class="username" data-name="Low Ladder Heroes">Low Ladder Heroes</span>:</strong> <em>weak</em></div><div class="chat chatmessage-omfuga"><strong style="color:hsl(319,50%,48.93417352725278%)"><small>+</small><span class="username" data-name="Omfuga">Omfuga</span>:</strong> <em>goatgar</em></div><div class="chat chatmessage-omfuga"><strong style="color:hsl(319,50%,48.93417352725278%)"><small>+</small><span class="username" data-name="Omfuga">Omfuga</span>:</strong> <em>wait</em></div><div class="chat chatmessage-omfuga"><strong style="color:hsl(319,50%,48.93417352725278%)"><small>+</small><span class="username" data-name="Omfuga">Omfuga</span>:</strong> <em>not gengar</em></div><div class="spacer battle-history"><br></div><div class="battle-history">Pak withdrew Roserade!<br></div><div class="battle-history">Pak sent out <strong>Snorlax</strong>!<br></div><div class="battle-history"><small>Pointed stones dug into the opposing Snorlax!</small><br></div><div class="spacer battle-history"><br></div><div class="battle-history">Gligar used <strong>Roost</strong>!<br></div><div class="battle-history"><small>Gligar restored its HP.</small><br></div><div class="spacer battle-history"><br></div><div class="battle-history"><small>The opposing Snorlax restored a little HP using its Leftovers!</small><br></div><div class="spacer battle-history"><br></div><h2 class="battle-history">Turn 10</h2><div class="chat chatmessage-abr"><strong style="color:hsl(345,82%,40.06701760144763%)"><small>+</small><span class="username" data-name="ABR">ABR</span>:</strong> <em>blunder :warning:</em></div><div class="chat chatmessage-omfuga"><strong style="color:hsl(319,50%,48.93417352725278%)"><small>+</small><span class="username" data-name="Omfuga">Omfuga</span>:</strong> <em>gligoat.</em></div><div class="chat chatmessage-pearl"><strong style="color:hsl(137,70%,38.48887992080507%)"><small>%</small><span class="username" data-name="Pearl ☆">Pearl ☆</span>:</strong> <em>when u bring lax</em></div><div class="chat chatmessage-pearl"><strong style="color:hsl(137,70%,38.48887992080507%)"><small>%</small><span class="username" data-name="Pearl ☆">Pearl ☆</span>:</strong> <em>into double fighting</em></div><div class="chat chatmessage-blunderr"><strong style="color:hsl(252,82%,60.01687145142231%)"><small>☆</small><span class="username" data-name="blunderr">blunderr</span>:</strong> <em>1sec calcing</em></div><div class="chat chatmessage-omfuga"><strong style="color:hsl(319,50%,48.93417352725278%)"><small>+</small><span class="username" data-name="Omfuga">Omfuga</span>:</strong> <em>pearl</em></div><div class="chat chatmessage-omfuga"><strong style="color:hsl(319,50%,48.93417352725278%)"><small>+</small><span class="username" data-name="Omfuga">Omfuga</span>:</strong> <em>is it me or</em></div><div class="chat chatmessage-omfuga"><strong style="color:hsl(319,50%,48.93417352725278%)"><small>+</small><span class="username" data-name="Omfuga">Omfuga</span>:</strong> <em>is it the most lax-weak</em></div><div class="chat chatmessage-omfuga"><strong style="color:hsl(319,50%,48.93417352725278%)"><small>+</small><span class="username" data-name="Omfuga">Omfuga</span>:</strong> <em>double fighting</em></div><div class="chat chatmessage-omfuga"><strong style="color:hsl(319,50%,48.93417352725278%)"><small>+</small><span class="username" data-name="Omfuga">Omfuga</span>:</strong> <em>possible</em></div><div class="chat chatmessage-advantage"><strong style="color:hsl(307,88%,47%)"><small>+</small><span class="username" data-name="Advantage">Advantage</span>:</strong> <em>LOL</em></div><div class="chat chatmessage-pearl"><strong style="color:hsl(137,70%,38.48887992080507%)"><small>%</small><span class="username" data-name="Pearl ☆">Pearl ☆</span>:</strong> <em>LOL</em></div><div class="chat chatmessage-pearl"><strong style="color:hsl(137,70%,38.48887992080507%)"><small>%</small><span class="username" data-name="Pearl ☆">Pearl ☆</span>:</strong> <em>probably</em></div><div class="spacer battle-history"><br></div><div class="battle-history">Gligar used <strong>U-turn</strong>!<br></div><div class="battle-history"><small>(The opposing Snorlax lost <abbr title="−47/497">9.5%</abbr> of its health!)</small><br></div><div class="spacer battle-history"><br></div><div class="battle-history">Gligar went back to blunderr!<br></div><div class="battle-history">Go! <strong>Lucario</strong>!<br></div><div class="battle-history"><small>Pointed stones dug into Lucario!</small><br></div><div class="spacer battle-history"><br></div><div class="battle-history">The opposing Snorlax used <strong>Body Slam</strong>!<br></div><div class="battle-history"><small>It's not very effective...</small><br></div><div class="battle-history"><small>(Lucario lost <abbr title="−72/281">25.6%</abbr> of its health!)</small><br></div><div class="spacer battle-history"><br></div><div class="battle-history"><small>The opposing Snorlax restored a little HP using its Leftovers!</small><br></div><div class="spacer battle-history"><br></div><h2 class="battle-history">Turn 11</h2><div class="spacer battle-history"><br></div><div class="battle-history">Pak withdrew Snorlax!<br></div><div class="battle-history">Pak sent out <strong>Gyarados</strong>!<br></div><div class="battle-history"><small>Pointed stones dug into the opposing Gyarados!</small><br></div><div class="battle-history"><small>[The opposing Gyarados's Intimidate]</small><br></div><div class="battle-history"><small>Lucario's Attack fell!</small><br></div><div class="spacer battle-history"><br></div><div class="battle-history">Lucario used <strong>Close Combat</strong>!<br></div><div class="battle-history"><small>It's not very effective...</small><br></div><div class="battle-history"><small>(The opposing Gyarados lost <abbr title="−74/385">19.2%</abbr> of its health!)</small><br></div><div class="battle-history"><small>Lucario's Defense fell!</small><br></div><div class="battle-history"><small>Lucario's Special Defense fell!</small><br></div><div class="battle-history"><small>Lucario lost some of its HP!</small><br></div><div class="spacer battle-history"><br></div><h2 class="battle-history">Turn 12</h2><div class="chat chatmessage-advantage"><strong style="color:hsl(307,88%,47%)"><small>+</small><span class="username" data-name="Advantage">Advantage</span>:</strong> <em>0</em></div><div class="chat chatmessage-blunderr"><strong style="color:hsl(252,82%,60.01687145142231%)"><small>☆</small><span class="username" data-name="blunderr">blunderr</span>:</strong> <em>ungodly gyarados</em></div><div class="chat chatmessage-omfuga"><strong style="color:hsl(319,50%,48.93417352725278%)"><small>+</small><span class="username" data-name="Omfuga">Omfuga</span>:</strong> <em>whys it not helmet</em></div><div class="chat chatmessage-omfuga"><strong style="color:hsl(319,50%,48.93417352725278%)"><small>+</small><span class="username" data-name="Omfuga">Omfuga</span>:</strong> <em>and not lefties</em></div><div class="chat chatmessage-omfuga"><strong style="color:hsl(319,50%,48.93417352725278%)"><small>+</small><span class="username" data-name="Omfuga">Omfuga</span>:</strong> <em>fat dd resto chesto</em></div><div class="chat chatmessage-sacri"><strong style="color:hsl(344,60%,48.0115088290176%)"><small>+</small><span class="username" data-name="Sacri !!_!!">Sacri !!_!!</span>:</strong> <em>twave ?</em></div><div class="chat chatmessage-omfuga"><strong style="color:hsl(319,50%,48.93417352725278%)"><small>+</small><span class="username" data-name="Omfuga">Omfuga</span>:</strong> <em>thats my guess</em></div><div class="chat chatmessage-omfuga"><strong style="color:hsl(319,50%,48.93417352725278%)"><small>+</small><span class="username" data-name="Omfuga">Omfuga</span>:</strong> <em>lol.</em></div><div class="chat chatmessage-omfuga"><strong style="color:hsl(319,50%,48.93417352725278%)"><small>+</small><span class="username" data-name="Omfuga">Omfuga</span>:</strong> <em>gyarados highkey</em></div><div class="chat chatmessage-omfuga"><strong style="color:hsl(319,50%,48.93417352725278%)"><small>+</small><span class="username" data-name="Omfuga">Omfuga</span>:</strong> <em>ruined ORAS UU too</em></div><div class="chat chatmessage-omfuga"><strong style="color:hsl(319,50%,48.93417352725278%)"><small>+</small><span class="username" data-name="Omfuga">Omfuga</span>:</strong> <em>goat</em></div><div class="spacer battle-history"><br></div><div class="battle-history">Lucario, come back!<br></div><div class="battle-history">Go! <strong>Tentacruel</strong>!<br></div><div class="battle-history"><small>Pointed stones dug into Tentacruel!</small><br></div><div class="spacer battle-history"><br></div><div class="battle-history">The opposing Gyarados used <strong>Waterfall</strong>!<br></div><div class="battle-history"><small>It's not very effective...</small><br></div><div class="battle-history"><small>(Tentacruel lost <abbr title="−63/361">17.5%</abbr> of its health!)</small><br></div><div class="spacer battle-history"><br></div><div class="battle-history"><small>Tentacruel restored a little HP using its Black Sludge!</small><br></div><div class="spacer battle-history"><br></div><h2 class="battle-history">Turn 13</h2><div class="spacer battle-history"><br></div><div class="battle-history">Tentacruel used <strong>Rapid Spin</strong>!<br></div><div class="battle-history"><small>(The opposing Gyarados lost <abbr title="−10/385">2.6%</abbr> of its health!)</small><br></div><div class="battle-history"><small>The pointed stones disappeared from around your team!</small><br></div><div class="spacer battle-history"><br></div><div class="battle-history">The opposing Gyarados used <strong>Waterfall</strong>!<br></div><div class="battle-history"><small>It's not very effective...</small><br></div><div class="battle-history"><small>(Tentacruel lost <abbr title="−63/361">17.5%</abbr> of its health!)</small><br></div><div class="spacer battle-history"><br></div><div class="battle-history"><small>Tentacruel restored a little HP using its Black Sludge!</small><br></div><div class="spacer battle-history"><br></div><h2 class="battle-history">Turn 14</h2><div class="spacer battle-history"><br></div><div class="battle-history">Tentacruel used <strong>Scald</strong>!<br></div><div class="battle-history"><small>It's not very effective...</small><br></div><div class="battle-history"><small>(The opposing Gyarados lost <abbr title="−35/385">9.1%</abbr> of its health!)</small><br></div><div class="spacer battle-history"><br></div><div class="battle-history">The opposing Gyarados used <strong>Waterfall</strong>!<br></div><div class="battle-history"><small>It's not very effective...</small><br></div><div class="battle-history"><small>(Tentacruel lost <abbr title="−61/361">16.9%</abbr> of its health!)</small><br></div><div class="spacer battle-history"><br></div><div class="battle-history"><small>Tentacruel restored a little HP using its Black Sludge!</small><br></div><div class="spacer battle-history"><br></div><h2 class="battle-history">Turn 15</h2><div class="spacer battle-history"><br></div><div class="battle-history">Tentacruel used <strong>Knock Off</strong>!<br></div><div class="battle-history"><small>(The opposing Gyarados lost <abbr title="−29/385">7.5%</abbr> of its health!)</small><br></div><div class="spacer battle-history"><br></div><div class="battle-history">The opposing Gyarados used <strong>Rest</strong>!<br></div><div class="battle-history"><small>The opposing Gyarados fell asleep!</small><br></div><div class="battle-history"><small>The opposing Gyarados slept and became healthy!</small><br></div><div class="spacer battle-history"><br></div><div class="battle-history"><small>Tentacruel restored a little HP using its Black Sludge!</small><br></div><div class="spacer battle-history"><br></div><h2 class="battle-history">Turn 16</h2><div class="chat chatmessage-omfuga"><strong style="color:hsl(319,50%,48.93417352725278%)"><small>+</small><span class="username" data-name="Omfuga">Omfuga</span>:</strong> <em>didnt this guys name used to be pakmasta</em></div><div class="chat chatmessage-omfuga"><strong style="color:hsl(319,50%,48.93417352725278%)"><small>+</small><span class="username" data-name="Omfuga">Omfuga</span>:</strong> <em>doesnt seem like a masta to me</em></div><div class="chat chatmessage-advantage"><strong style="color:hsl(307,88%,47%)"><small>+</small><span class="username" data-name="Advantage">Advantage</span>:</strong> <em>huh</em></div><div class="chat chatmessage-omfuga"><strong style="color:hsl(319,50%,48.93417352725278%)"><small>+</small><span class="username" data-name="Omfuga">Omfuga</span>:</strong> <em>lol...</em></div><div class="chat chatmessage-omfuga"><strong style="color:hsl(319,50%,48.93417352725278%)"><small>+</small><span class="username" data-name="Omfuga">Omfuga</span>:</strong> <em>its for daunt</em></div><div class="chat chatmessage-pak"><strong style="color:hsl(243,72%,62.21702959220603%)"><small>☆</small><span class="username" data-name="Pak">Pak</span>:</strong> <em>trust</em></div><div class="chat chatmessage-advantage"><strong style="color:hsl(307,88%,47%)"><small>+</small><span class="username" data-name="Advantage">Advantage</span>:</strong> <em>that's hot</em></div><div class="chat chatmessage-sacri"><strong style="color:hsl(344,60%,48.0115088290176%)"><small>+</small><span class="username" data-name="Sacri !!_!!">Sacri !!_!!</span>:</strong> <em>z !ove</em></div><div class="spacer battle-history"><br></div><div class="battle-history">Pak withdrew Gyarados!<br></div><div class="battle-history">Pak sent out <strong>Hydreigon</strong>!<br></div><div class="battle-history"><small>Pointed stones dug into the opposing Hydreigon!</small><br></div><div class="spacer battle-history"><br></div><div class="battle-history">Tentacruel used <strong>Scald</strong>!<br></div><div class="battle-history"><small>It's not very effective...</small><br></div><div class="battle-history"><small>(The opposing Hydreigon lost <abbr title="−43/325">13.2%</abbr> of its health!)</small><br></div><div class="battle-history"><small>The opposing Hydreigon was burned!</small><br></div><div class="spacer battle-history"><br></div><div class="battle-history"><small>Tentacruel restored a little HP using its Black Sludge!</small><br></div><div class="battle-history"><small>The opposing Hydreigon was hurt by its burn!</small><br></div><div class="spacer battle-history"><br></div><h2 class="battle-history">Turn 17</h2><div class="chat chatmessage-omfuga"><strong style="color:hsl(319,50%,48.93417352725278%)"><small>+</small><span class="username" data-name="Omfuga">Omfuga</span>:</strong> <em>ORAS burn :weary:</em></div><div class="chat chatmessage-advantage"><strong style="color:hsl(307,88%,47%)"><small>+</small><span class="username" data-name="Advantage">Advantage</span>:</strong> <em>dragon resist luke </em></div><div class="chat chatmessage-blunderr"><strong style="color:hsl(252,82%,60.01687145142231%)"><small>☆</small><span class="username" data-name="blunderr">blunderr</span>:</strong> <em>:weary:</em></div><div class="spacer battle-history"><br></div><div class="battle-history">Tentacruel, come back!<br></div><div class="battle-history">Go! <strong>Gligar</strong>!<br></div><div class="spacer battle-history"><br></div><div class="battle-history">The opposing Hydreigon used <strong>Dark Pulse</strong>!<br></div><div class="battle-history"><small>(Gligar lost <abbr title="−93/333">27.9%</abbr> of its health!)</small><br></div><div class="spacer battle-history"><br></div><div class="battle-history"><small>The opposing Hydreigon was hurt by its burn!</small><br></div><div class="spacer battle-history"><br></div><h2 class="battle-history">Turn 18</h2><div class="chat chatmessage-abr"><strong style="color:hsl(345,82%,40.06701760144763%)"><small>+</small><span class="username" data-name="ABR">ABR</span>:</strong> <em>,</em></div><div class="spacer battle-history"><br></div><div class="battle-history">Pak withdrew Hydreigon!<br></div><div class="battle-history">Pak sent out <strong>Gligar</strong>!<br></div><div class="battle-history"><small>Pointed stones dug into the opposing Gligar!</small><br></div><div class="spacer battle-history"><br></div><div class="battle-history">Gligar used <strong>U-turn</strong>!<br></div><div class="battle-history"><small>It's not very effective...</small><br></div><div class="battle-history"><small>(The opposing Gligar lost <abbr title="−13/333">3.9%</abbr> of its health!)</small><br></div><div class="chat chatmessage-abr"><strong style="color:hsl(345,82%,40.06701760144763%)"><small>+</small><span class="username" data-name="ABR">ABR</span>:</strong> <em>27?</em></div><div class="chat chatmessage-manipulative"><strong style="color:hsl(245,69%,64.06639321633334%)"><small>+</small><span class="username" data-name="Manipulative">Manipulative</span>:</strong> <em>lmao</em></div><div class="chat chatmessage-omfuga"><strong style="color:hsl(319,50%,48.93417352725278%)"><small>+</small><span class="username" data-name="Omfuga">Omfuga</span>:</strong> <em>its spdef glig </em></div><div class="chat chatmessage-advantage"><strong style="color:hsl(307,88%,47%)"><small>+</small><span class="username" data-name="Advantage">Advantage</span>:</strong> <em>dragon resist gligar </em></div><div class="chat chatmessage-advantage"><strong style="color:hsl(307,88%,47%)"><small>+</small><span class="username" data-name="Advantage">Advantage</span>:</strong> <em>jk</em></div><div class="spacer battle-history"><br></div><div class="battle-history">Gligar went back to blunderr!<br></div><div class="battle-history">Go! Aerodactyl (<strong>Aerodactyl-Mega</strong>)!<br></div><div class="spacer battle-history"><br></div><h2 class="battle-history">Turn 19</h2><div class="spacer battle-history"><br></div><div class="battle-history">Pak withdrew Gligar!<br></div><div class="battle-history">Pak sent out Aggron (<strong>Aggron-Mega</strong>)!<br></div><div class="battle-history"><small>Pointed stones dug into the opposing Aggron!</small><br></div><div class="spacer battle-history"><br></div><div class="battle-history">Aerodactyl used <strong>Aqua Tail</strong>!<br></div><div class="battle-history"><small>The opposing Aggron avoided the attack!</small><br></div><div class="spacer battle-history"><br></div><h2 class="battle-history">Turn 20</h2><div class="chat chatmessage-omfuga"><strong style="color:hsl(319,50%,48.93417352725278%)"><small>+</small><span class="username" data-name="Omfuga">Omfuga</span>:</strong> <em>damn</em></div><div class="spacer battle-history"><br></div><div class="battle-history">Aerodactyl used <strong>Earthquake</strong>!<br></div><div class="battle-history"><small>It's super effective!</small><br></div><div class="battle-history"><small>(The opposing Aggron lost <abbr title="−79/344">23.0%</abbr> of its health!)</small><br></div><div class="spacer battle-history"><br></div><div class="battle-history">The opposing Aggron used <strong>Heavy Slam</strong>!<br></div><div class="battle-history"><small>It's super effective!</small><br></div><div class="battle-history"><small>(Aerodactyl lost <abbr title="−279/301">92.7%</abbr> of its health!)</small><br></div><div class="spacer battle-history"><br></div><div class="battle-history">Aerodactyl fainted!<br></div><div class="chat chatmessage-omfuga"><strong style="color:hsl(319,50%,48.93417352725278%)"><small>+</small><span class="username" data-name="Omfuga">Omfuga</span>:</strong> <em>,</em></div><div class="chat chatmessage-abr"><strong style="color:hsl(345,82%,40.06701760144763%)"><small>+</small><span class="username" data-name="ABR">ABR</span>:</strong> <em>.</em></div><div class="chat chatmessage-abr"><strong style="color:hsl(345,82%,40.06701760144763%)"><small>+</small><span class="username" data-name="ABR">ABR</span>:</strong> <em>23</em></div><div class="chat chatmessage-advantage"><strong style="color:hsl(307,88%,47%)"><small>+</small><span class="username" data-name="Advantage">Advantage</span>:</strong> <em>LOL</em></div><div class="chat chatmessage-abr"><strong style="color:hsl(345,82%,40.06701760144763%)"><small>+</small><span class="username" data-name="ABR">ABR</span>:</strong> <em>this is so gross</em></div><div class="chat chatmessage-blunderr"><strong style="color:hsl(252,82%,60.01687145142231%)"><small>☆</small><span class="username" data-name="blunderr">blunderr</span>:</strong> <em>aids miss</em></div><div class="chat chatmessage-advantage"><strong style="color:hsl(307,88%,47%)"><small>+</small><span class="username" data-name="Advantage">Advantage</span>:</strong> <em>.</em></div><div class="chat chatmessage-omfuga"><strong style="color:hsl(319,50%,48.93417352725278%)"><small>+</small><span class="username" data-name="Omfuga">Omfuga</span>:</strong> <em>yeah</em></div><div class="chat chatmessage-omfuga"><strong style="color:hsl(319,50%,48.93417352725278%)"><small>+</small><span class="username" data-name="Omfuga">Omfuga</span>:</strong> <em>woulda been in luke cc range</em></div><div class="chat chatmessage-blunderr"><strong style="color:hsl(252,82%,60.01687145142231%)"><small>☆</small><span class="username" data-name="blunderr">blunderr</span>:</strong> <em>shut the fuck up iplaytimerlol</em></div><div class="chat chatmessage-omfuga"><strong style="color:hsl(319,50%,48.93417352725278%)"><small>+</small><span class="username" data-name="Omfuga">Omfuga</span>:</strong> <em>lol.</em></div><div class="chat chatmessage-omfuga"><strong style="color:hsl(319,50%,48.93417352725278%)"><small>+</small><span class="username" data-name="Omfuga">Omfuga</span>:</strong> <em>,</em></div><div class="chat chatmessage-omfuga"><strong style="color:hsl(319,50%,48.93417352725278%)"><small>+</small><span class="username" data-name="Omfuga">Omfuga</span>:</strong> <em>a,s</em></div><div class="chat chatmessage-omfuga"><strong style="color:hsl(319,50%,48.93417352725278%)"><small>+</small><span class="username" data-name="Omfuga">Omfuga</span>:</strong> <em>dbauspfhgobuapsdh</em></div><div class="chat chatmessage-omfuga"><strong style="color:hsl(319,50%,48.93417352725278%)"><small>+</small><span class="username" data-name="Omfuga">Omfuga</span>:</strong> <em>abudp;</em></div><div class="chat chatmessage-omfuga"><strong style="color:hsl(319,50%,48.93417352725278%)"><small>+</small><span class="username" data-name="Omfuga">Omfuga</span>:</strong> <em>ajosdbspdj</em></div><div class="chat chatmessage-advantage"><strong style="color:hsl(307,88%,47%)"><small>+</small><span class="username" data-name="Advantage">Advantage</span>:</strong> <em>wqegwsh4eyj75rk</em></div><div class="chat chatmessage-abr"><strong style="color:hsl(345,82%,40.06701760144763%)"><small>+</small><span class="username" data-name="ABR">ABR</span>:</strong> <em>LOL</em></div><div class="spacer battle-history"><br></div><div class="battle-history">Go! <strong>Gligar</strong>!<br></div><div class="spacer battle-history"><br></div><h2 class="battle-history">Turn 21</h2><div class="chat chatmessage-pearl"><strong style="color:hsl(137,70%,38.48887992080507%)"><small>%</small><span class="username" data-name="Pearl ☆">Pearl ☆</span>:</strong> <em>iplaytimerLO</em></div><div class="spacer battle-history"><br></div><div class="battle-history">Gligar used <strong>Earthquake</strong>!<br></div><div class="battle-history"><small>It's super effective!</small><br></div><div class="battle-history"><small>(The opposing Aggron lost <abbr title="−58/344">16.9%</abbr> of its health!)</small><br></div><div class="spacer battle-history"><br></div><div class="battle-history">The opposing Aggron used <strong>Stealth Rock</strong>!<br></div><div class="battle-history"><small>Pointed stones float in the air around your team!</small><br></div><div class="spacer battle-history"><br></div><h2 class="battle-history">Turn 22</h2><div class="spacer battle-history"><br></div><div class="battle-history">Gligar used <strong>U-turn</strong>!<br></div><div class="battle-history"><small>It's not very effective...</small><br></div><div class="battle-history"><small>(The opposing Aggron lost <abbr title="−10/344">2.9%</abbr> of its health!)</small><br></div><div class="spacer battle-history"><br></div><div class="battle-history">Gligar went back to blunderr!<br></div><div class="battle-history">Go! <strong>Infernape</strong>!<br></div><div class="battle-history"><small>Pointed stones dug into Infernape!</small><br></div><div class="spacer battle-history"><br></div><div class="battle-history">The opposing Aggron used <strong>Heavy Slam</strong>!<br></div><div class="battle-history"><small>It's not very effective...</small><br></div><div class="battle-history"><small>(Infernape lost <abbr title="−120/293">41.0%</abbr> of its health!)</small><br></div><div class="spacer battle-history"><br></div><h2 class="battle-history">Turn 23</h2><div class="spacer battle-history"><br></div><div class="battle-history">Infernape used <strong>U-turn</strong>!<br></div><div class="battle-history"><small>It's not very effective...</small><br></div><div class="battle-history"><small>(The opposing Aggron lost <abbr title="−14/344">4.1%</abbr> of its health!)</small><br></div><div class="spacer battle-history"><br></div><div class="battle-history">Infernape went back to blunderr!<br></div><div class="battle-history">Go! <strong>Gligar</strong>!<br></div><div class="battle-history"><small>Pointed stones dug into Gligar!</small><br></div><div class="spacer battle-history"><br></div><div class="battle-history">The opposing Aggron used <strong>Earthquake</strong>!<br></div><div class="battle-history"><small>It doesn't affect Gligar...</small><br></div><div class="spacer battle-history"><br></div><h2 class="battle-history">Turn 24</h2><div class="spacer battle-history"><br></div><div class="battle-history">Gligar used <strong>Roost</strong>!<br></div><div class="battle-history"><small>Gligar restored its HP.</small><br></div><div class="spacer battle-history"><br></div><div class="battle-history">The opposing Aggron used <strong>Heavy Slam</strong>!<br></div><div class="battle-history"><small>(Gligar lost <abbr title="−117/333">35.1%</abbr> of its health!)</small><br></div><div class="spacer battle-history"><br></div><h2 class="battle-history">Turn 25</h2><div class="spacer battle-history"><br></div><div class="battle-history">Pak withdrew Aggron!<br></div><div class="battle-history">Pak sent out <strong>Gligar</strong>!<br></div><div class="battle-history"><small>Pointed stones dug into the opposing Gligar!</small><br></div><div class="spacer battle-history"><br></div><div class="battle-history">Gligar used <strong>Roost</strong>!<br></div><div class="battle-history"><small>Gligar restored its HP.</small><br></div><div class="spacer battle-history"><br></div><h2 class="battle-history">Turn 26</h2><div class="spacer battle-history"><br></div><div class="battle-history">Gligar used <strong>U-turn</strong>!<br></div><div class="battle-history"><small>It's not very effective...</small><br></div><div class="battle-history"><small>(The opposing Gligar lost <abbr title="−13/333">3.9%</abbr> of its health!)</small><br></div><div class="spacer battle-history"><br></div><div class="battle-history">Gligar went back to blunderr!<br></div><div class="battle-history">Go! <strong>Tentacruel</strong>!<br></div><div class="battle-history"><small>Pointed stones dug into Tentacruel!</small><br></div><div class="spacer battle-history"><br></div><div class="battle-history">The opposing Gligar used <strong>Roost</strong>!<br></div><div class="battle-history"><small>The opposing Gligar restored its HP.</small><br></div><div class="spacer battle-history"><br></div><div class="battle-history"><small>Tentacruel restored a little HP using its Black Sludge!</small><br></div><div class="spacer battle-history"><br></div><h2 class="battle-history">Turn 27</h2><div class="spacer battle-history"><br></div><div class="battle-history">Pak withdrew Gligar!<br></div><div class="battle-history">Pak sent out <strong>Roserade</strong>!<br></div><div class="battle-history"><small>Pointed stones dug into the opposing Roserade!</small><br></div><div class="spacer battle-history"><br></div><div class="battle-history">Tentacruel used <strong>Rapid Spin</strong>!<br></div><div class="battle-history"><small>(The opposing Roserade lost <abbr title="−16/261">6.1%</abbr> of its health!)</small><br></div><div class="battle-history"><small>The pointed stones disappeared from around your team!</small><br></div><div class="spacer battle-history"><br></div><div class="battle-history"><small>The opposing Roserade restored a little HP using its Black Sludge!</small><br></div><div class="battle-history"><small>Tentacruel restored a little HP using its Black Sludge!</small><br></div><div class="spacer battle-history"><br></div><h2 class="battle-history">Turn 28</h2><div class="spacer battle-history"><br></div><div class="battle-history">Pak withdrew Roserade!<br></div><div class="battle-history">Pak sent out <strong>Gligar</strong>!<br></div><div class="battle-history"><small>Pointed stones dug into the opposing Gligar!</small><br></div><div class="spacer battle-history"><br></div><div class="battle-history">Tentacruel, come back!<br></div><div class="battle-history">Go! <strong>Gligar</strong>!<br></div><div class="spacer battle-history"><br></div><h2 class="battle-history">Turn 29</h2><div class="spacer battle-history"><br></div><div class="battle-history">Gligar used <strong>U-turn</strong>!<br></div><div class="battle-history"><small>It's not very effective...</small><br></div><div class="battle-history"><small>A critical hit!</small><br></div><div class="battle-history"><small>(The opposing Gligar lost <abbr title="−18/333">5.4%</abbr> of its health!)</small><br></div><div class="spacer battle-history"><br></div><div class="battle-history">Gligar went back to blunderr!<br></div><div class="battle-history">Go! <strong>Tentacruel</strong>!<br></div><div class="spacer battle-history"><br></div><div class="battle-history">The opposing Gligar used <strong>Roost</strong>!<br></div><div class="battle-history"><small>The opposing Gligar restored its HP.</small><br></div><div class="spacer battle-history"><br></div><div class="battle-history"><small>Tentacruel restored a little HP using its Black Sludge!</small><br></div><div class="spacer battle-history"><br></div><h2 class="battle-history">Turn 30</h2><div class="spacer battle-history"><br></div><div class="battle-history">Tentacruel, come back!<br></div><div class="battle-history">Go! <strong>Gligar</strong>!<br></div><div class="spacer battle-history"><br></div><div class="battle-history">Pak withdrew Gligar!<br></div><div class="battle-history">Pak sent out <strong>Snorlax</strong>!<br></div><div class="battle-history"><small>Pointed stones dug into the opposing Snorlax!</small><br></div><div class="spacer battle-history"><br></div><div class="battle-history"><small>The opposing Snorlax restored a little HP using its Leftovers!</small><br></div><div class="spacer battle-history"><br></div><h2 class="battle-history">Turn 31</h2><div class="spacer battle-history"><br></div><div class="battle-history">Gligar used <strong>Earthquake</strong>!<br></div><div class="battle-history"><small>(The opposing Snorlax lost <abbr title="−106/497">21.3%</abbr> of its health!)</small><br></div><div class="spacer battle-history"><br></div><div class="battle-history">The opposing Snorlax used <strong>Body Slam</strong>!<br></div><div class="battle-history"><small>(Gligar lost <abbr title="−73/333">21.9%</abbr> of its health!)</small><br></div><div class="spacer battle-history"><br></div><div class="battle-history"><small>The opposing Snorlax restored a little HP using its Leftovers!</small><br></div><div class="spacer battle-history"><br></div><h2 class="battle-history">Turn 32</h2><div class="spacer battle-history"><br></div><div class="battle-history">Gligar used <strong>Earthquake</strong>!<br></div><div class="battle-history"><small>(The opposing Snorlax lost <abbr title="−102/497">20.5%</abbr> of its health!)</small><br></div><div class="spacer battle-history"><br></div><div class="battle-history">The opposing Snorlax used <strong>Curse</strong>!<br></div><div class="battle-history"><small>The opposing Snorlax's Speed fell!</small><br></div><div class="battle-history"><small>The opposing Snorlax's Attack rose!</small><br></div><div class="battle-history"><small>The opposing Snorlax's Defense rose!</small><br></div><div class="spacer battle-history"><br></div><div class="battle-history"><small>The opposing Snorlax restored a little HP using its Leftovers!</small><br></div><div class="spacer battle-history"><br></div><h2 class="battle-history">Turn 33</h2><div class="spacer battle-history"><br></div><div class="battle-history">Gligar used <strong>U-turn</strong>!<br></div><div class="battle-history"><small>(The opposing Snorlax lost <abbr title="−30/497">6.0%</abbr> of its health!)</small><br></div><div class="spacer battle-history"><br></div><div class="battle-history">Gligar went back to blunderr!<br></div><div class="battle-history">Go! <strong>Lucario</strong>!<br></div><div class="spacer battle-history"><br></div><div class="battle-history">The opposing Snorlax used <strong>Body Slam</strong>!<br></div><div class="battle-history"><small>It's not very effective...</small><br></div><div class="battle-history"><small>(Lucario lost <abbr title="−117/281">41.6%</abbr> of its health!)</small><br></div><div class="spacer battle-history"><br></div><div class="battle-history"><small>The opposing Snorlax restored a little HP using its Leftovers!</small><br></div><div class="spacer battle-history"><br></div><h2 class="battle-history">Turn 34</h2><div class="spacer battle-history"><br></div><div class="battle-history">Lucario, come back!<br></div><div class="battle-history">Go! <strong>Infernape</strong>!<br></div><div class="spacer battle-history"><br></div><div class="battle-history">Pak withdrew Snorlax!<br></div><div class="battle-history">Pak sent out <strong>Gligar</strong>!<br></div><div class="battle-history"><small>Pointed stones dug into the opposing Gligar!</small><br></div><div class="spacer battle-history"><br></div><h2 class="battle-history">Turn 35</h2><div class="spacer battle-history"><br></div><div class="battle-history">Infernape used <strong>U-turn</strong>!<br></div><div class="battle-history"><small>It's not very effective...</small><br></div><div class="battle-history"><small>(The opposing Gligar lost <abbr title="−21/333">6.3%</abbr> of its health!)</small><br></div><div class="spacer battle-history"><br></div><div class="battle-history">Infernape went back to blunderr!<br></div><div class="battle-history">Go! <strong>Gligar</strong>!<br></div><div class="spacer battle-history"><br></div><div class="battle-history">The opposing Gligar used <strong>Earthquake</strong>!<br></div><div class="battle-history"><small>It doesn't affect Gligar...</small><br></div><div class="spacer battle-history"><br></div><h2 class="battle-history">Turn 36</h2><div class="spacer battle-history"><br></div><div class="battle-history">Gligar used <strong>Earthquake</strong>!<br></div><div class="battle-history"><small>It doesn't affect the opposing Gligar...</small><br></div><div class="spacer battle-history"><br></div><div class="battle-history">The opposing Gligar used <strong>Defog</strong>!<br></div><div class="battle-history"><small>Gligar's evasiveness fell!</small><br></div><div class="battle-history"><small>The pointed stones disappeared from around the opposing team!</small><br></div><div class="spacer battle-history"><br></div><h2 class="battle-history">Turn 37</h2><div class="spacer battle-history"><br></div><div class="battle-history">Gligar used <strong>Stealth Rock</strong>!<br></div><div class="battle-history"><small>Pointed stones float in the air around the opposing team!</small><br></div><div class="spacer battle-history"><br></div><div class="battle-history">The opposing Gligar used <strong>U-turn</strong>!<br></div><div class="battle-history"><small>It's not very effective...</small><br></div><div class="battle-history"><small>(Gligar lost <abbr title="−13/333">3.9%</abbr> of its health!)</small><br></div><div class="spacer battle-history"><br></div><div class="battle-history">The opposing Gligar went back to Pak!<br></div><div class="battle-history">Pak sent out Aggron (<strong>Aggron-Mega</strong>)!<br></div><div class="battle-history"><small>Pointed stones dug into the opposing Aggron!</small><br></div><div class="spacer battle-history"><br></div><h2 class="battle-history">Turn 38</h2><div class="spacer battle-history"><br></div><div class="battle-history">Gligar used <strong>Earthquake</strong>!<br></div><div class="battle-history"><small>It's super effective!</small><br></div><div class="battle-history"><small>(The opposing Aggron lost <abbr title="−60/344">17.4%</abbr> of its health!)</small><br></div><div class="spacer battle-history"><br></div><div class="battle-history">The opposing Aggron used <strong>Stealth Rock</strong>!<br></div><div class="battle-history"><small>Pointed stones float in the air around your team!</small><br></div><div class="spacer battle-history"><br></div><h2 class="battle-history">Turn 39</h2><div class="spacer battle-history"><br></div><div class="battle-history">Gligar used <strong>Earthquake</strong>!<br></div><div class="battle-history"><small>It's super effective!</small><br></div><div class="battle-history"><small>(The opposing Aggron lost <abbr title="−67/344">19.5%</abbr> of its health!)</small><br></div><div class="spacer battle-history"><br></div><div class="battle-history">The opposing Aggron used <strong>Roar</strong>!<br></div><div class="spacer battle-history"><br></div><div class="battle-history"><strong>Infernape</strong> was dragged out!<br></div><div class="battle-history"><small>Pointed stones dug into Infernape!</small><br></div><div class="spacer battle-history"><br></div><h2 class="battle-history">Turn 40</h2><div class="spacer battle-history"><br></div><div class="battle-history">Infernape used <strong>U-turn</strong>!<br></div><div class="battle-history"><small>It's not very effective...</small><br></div><div class="battle-history"><small>(The opposing Aggron lost <abbr title="−5/344">1.5%</abbr> of its health!)</small><br></div><div class="spacer battle-history"><br></div><div class="battle-history">The opposing Aggron fainted!<br></div><div class="spacer battle-history"><br></div><div class="battle-history">Infernape went back to blunderr!<br></div><div class="battle-history">Go! <strong>Gligar</strong>!<br></div><div class="battle-history"><small>Pointed stones dug into Gligar!</small><br></div><div class="chat chatmessage-omfuga"><strong style="color:hsl(319,50%,48.93417352725278%)"><small>+</small><span class="username" data-name="Omfuga">Omfuga</span>:</strong> <em>omfg</em></div><div class="chat chatmessage-omfuga"><strong style="color:hsl(319,50%,48.93417352725278%)"><small>+</small><span class="username" data-name="Omfuga">Omfuga</span>:</strong> <em>guns-a-blazin</em></div><div class="chat chatmessage-omfuga"><strong style="color:hsl(319,50%,48.93417352725278%)"><small>+</small><span class="username" data-name="Omfuga">Omfuga</span>:</strong> <em>lol.</em></div><div class="spacer battle-history"><br></div><div class="battle-history">Pak sent out <strong>Snorlax</strong>!<br></div><div class="battle-history"><small>Pointed stones dug into the opposing Snorlax!</small><br></div><div class="spacer battle-history"><br></div><h2 class="battle-history">Turn 41</h2><div class="spacer battle-history"><br></div><div class="battle-history">Gligar used <strong>Earthquake</strong>!<br></div><div class="battle-history"><small>(The opposing Snorlax lost <abbr title="−99/497">19.9%</abbr> of its health!)</small><br></div><div class="spacer battle-history"><br></div><div class="battle-history">The opposing Snorlax used <strong>Rest</strong>!<br></div><div class="battle-history"><small>The opposing Snorlax fell asleep!</small><br></div><div class="battle-history"><small>The opposing Snorlax slept and became healthy!</small><br></div><div class="spacer battle-history"><br></div><h2 class="battle-history">Turn 42</h2><div class="spacer battle-history"><br></div><div class="battle-history">Gligar used <strong>U-turn</strong>!<br></div><div class="battle-history"><small>(The opposing Snorlax lost <abbr title="−47/497">9.5%</abbr> of its health!)</small><br></div><div class="spacer battle-history"><br></div><div class="battle-history">Gligar went back to blunderr!<br></div><div class="battle-history">Go! <strong>Tentacruel</strong>!<br></div><div class="battle-history"><small>Pointed stones dug into Tentacruel!</small><br></div><div class="spacer battle-history"><br></div><div class="battle-history">The opposing Snorlax is fast asleep.<br></div><div class="spacer battle-history"><br></div><div class="battle-history">The opposing Snorlax used <strong>Sleep Talk</strong>!<br></div><div class="spacer battle-history"><br></div><div class="battle-history">The opposing Snorlax used <strong>Rest</strong>!<br></div><div class="battle-history"><small>But it failed!</small><br></div><div class="spacer battle-history"><br></div><div class="battle-history"><small>Tentacruel restored a little HP using its Black Sludge!</small><br></div><div class="battle-history"><small>The opposing Snorlax restored a little HP using its Leftovers!</small><br></div><div class="spacer battle-history"><br></div><h2 class="battle-history">Turn 43</h2><div class="spacer battle-history"><br></div><div class="battle-history">Tentacruel used <strong>Rapid Spin</strong>!<br></div><div class="battle-history"><small>(The opposing Snorlax lost <abbr title="−13/497">2.6%</abbr> of its health!)</small><br></div><div class="battle-history"><small>The pointed stones disappeared from around your team!</small><br></div><div class="spacer battle-history"><br></div><div class="battle-history">The opposing Snorlax is fast asleep.<br></div><div class="spacer battle-history"><br></div><div class="battle-history">The opposing Snorlax used <strong>Sleep Talk</strong>!<br></div><div class="spacer battle-history"><br></div><div class="battle-history">The opposing Snorlax used <strong>Curse</strong>!<br></div><div class="battle-history"><small>The opposing Snorlax's Speed fell!</small><br></div><div class="battle-history"><small>The opposing Snorlax's Attack rose!</small><br></div><div class="battle-history"><small>The opposing Snorlax's Defense rose!</small><br></div><div class="spacer battle-history"><br></div><div class="battle-history"><small>Tentacruel restored a little HP using its Black Sludge!</small><br></div><div class="battle-history"><small>The opposing Snorlax restored a little HP using its Leftovers!</small><br></div><div class="spacer battle-history"><br></div><h2 class="battle-history">Turn 44</h2><div class="chat chatmessage-omfuga"><strong style="color:hsl(319,50%,48.93417352725278%)"><small>+</small><span class="username" data-name="Omfuga">Omfuga</span>:</strong> <em>o no.</em></div><div class="spacer battle-history"><br></div><div class="battle-history">Tentacruel used <strong>Knock Off</strong>!<br></div><div class="battle-history"><small>(The opposing Snorlax lost <abbr title="−39/497">7.8%</abbr> of its health!)</small><br></div><div class="battle-history"><small>Tentacruel knocked off the opposing Snorlax's Leftovers!</small><br></div><div class="battle-history"><small>The opposing Snorlax woke up!</small><br></div><div class="spacer battle-history"><br></div><div class="battle-history">The opposing Snorlax used <strong>Body Slam</strong>!<br></div><div class="battle-history"><small>(Tentacruel lost <abbr title="−131/361">36.3%</abbr> of its health!)</small><br></div><div class="spacer battle-history"><br></div><div class="battle-history">Tentacruel fainted!<br></div><div class="spacer battle-history"><br></div><div class="battle-history">Go! <strong>Lucario</strong>!<br></div><div class="spacer battle-history"><br></div><h2 class="battle-history">Turn 45</h2><div class="spacer battle-history"><br></div><div class="battle-history">Pak withdrew Snorlax!<br></div><div class="battle-history">Pak sent out <strong>Gligar</strong>!<br></div><div class="battle-history"><small>Pointed stones dug into the opposing Gligar!</small><br></div><div class="spacer battle-history"><br></div><div class="battle-history">Lucario used <strong>Swords Dance</strong>!<br></div><div class="battle-history"><small>Lucario's Attack rose sharply!</small><br></div><div class="spacer battle-history"><br></div><h2 class="battle-history">Turn 46</h2><div class="spacer battle-history"><br></div><div class="battle-history">Lucario used <strong>Close Combat</strong>!<br></div><div class="battle-history"><small>It's not very effective...</small><br></div><div class="battle-history"><small>(The opposing Gligar lost <abbr title="−153/333">45.9%</abbr> of its health!)</small><br></div><div class="battle-history"><small>Lucario's Defense fell!</small><br></div><div class="battle-history"><small>Lucario's Special Defense fell!</small><br></div><div class="battle-history"><small>Lucario lost some of its HP!</small><br></div><div class="spacer battle-history"><br></div><div class="battle-history">The opposing Gligar used <strong>Earthquake</strong>!<br></div><div class="battle-history"><small>It's super effective!</small><br></div><div class="battle-history"><small>(Lucario lost <abbr title="−28/281">10.0%</abbr> of its health!)</small><br></div><div class="spacer battle-history"><br></div><div class="battle-history">Lucario fainted!<br></div><div class="spacer battle-history"><br></div><div class="battle-history">Go! <strong>Infernape</strong>!<br></div><div class="spacer battle-history"><br></div><h2 class="battle-history">Turn 47</h2><div class="spacer battle-history"><br></div><div class="battle-history">Infernape used <strong>Flare Blitz</strong>!<br></div><div class="battle-history"><small>(The opposing Gligar lost <abbr title="−69/333">20.7%</abbr> of its health!)</small><br></div><div class="battle-history"><small>Infernape is damaged by the recoil!</small><br></div><div class="spacer battle-history"><br></div><div class="battle-history">The opposing Gligar fainted!<br></div><div class="spacer battle-history"><br></div><div class="battle-history">Pak sent out <strong>Snorlax</strong>!<br></div><div class="battle-history"><small>Pointed stones dug into the opposing Snorlax!</small><br></div><div class="spacer battle-history"><br></div><h2 class="battle-history">Turn 48</h2><div class="spacer battle-history"><br></div><div class="battle-history">Infernape, come back!<br></div><div class="battle-history">Go! <strong>Gligar</strong>!<br></div><div class="spacer battle-history"><br></div><div class="battle-history">The opposing Snorlax used <strong>Curse</strong>!<br></div><div class="battle-history"><small>The opposing Snorlax's Speed fell!</small><br></div><div class="battle-history"><small>The opposing Snorlax's Attack rose!</small><br></div><div class="battle-history"><small>The opposing Snorlax's Defense rose!</small><br></div><div class="spacer battle-history"><br></div><h2 class="battle-history">Turn 49</h2><div class="spacer battle-history"><br></div><div class="battle-history">Gligar used <strong>Earthquake</strong>!<br></div><div class="battle-history"><small>(The opposing Snorlax lost <abbr title="−67/497">13.5%</abbr> of its health!)</small><br></div><div class="spacer battle-history"><br></div><div class="battle-history">The opposing Snorlax used <strong>Curse</strong>!<br></div><div class="battle-history"><small>The opposing Snorlax's Speed fell!</small><br></div><div class="battle-history"><small>The opposing Snorlax's Attack rose!</small><br></div><div class="battle-history"><small>The opposing Snorlax's Defense rose!</small><br></div><div class="spacer battle-history"><br></div><h2 class="battle-history">Turn 50</h2><div class="spacer battle-history"><br></div><div class="battle-history">Gligar used <strong>Earthquake</strong>!<br></div><div class="battle-history"><small>(The opposing Snorlax lost <abbr title="−49/497">9.9%</abbr> of its health!)</small><br></div><div class="spacer battle-history"><br></div><div class="battle-history">The opposing Snorlax used <strong>Curse</strong>!<br></div><div class="battle-history"><small>The opposing Snorlax's Speed fell!</small><br></div><div class="battle-history"><small>The opposing Snorlax's Attack rose!</small><br></div><div class="battle-history"><small>The opposing Snorlax's Defense rose!</small><br></div><div class="spacer battle-history"><br></div><h2 class="battle-history">Turn 51</h2><div class="spacer battle-history"><br></div><div class="battle-history">Gligar used <strong>U-turn</strong>!<br></div><div class="battle-history"><small>(The opposing Snorlax lost <abbr title="−20/497">4.0%</abbr> of its health!)</small><br></div><div class="spacer battle-history"><br></div><div class="battle-history">Gligar went back to blunderr!<br></div><div class="battle-history">Go! <strong>Infernape</strong>!<br></div><div class="spacer battle-history"><br></div><div class="battle-history">The opposing Snorlax used <strong>Body Slam</strong>!<br></div><div class="battle-history"><small>(Infernape lost <abbr title="−78/293">26.6%</abbr> of its health!)</small><br></div><div class="spacer battle-history"><br></div><div class="battle-history">Infernape fainted!<br></div><div class="chat chatmessage-blunderr"><strong style="color:hsl(252,82%,60.01687145142231%)"><small>☆</small><span class="username" data-name="blunderr">blunderr</span>:</strong> <em>gg</em></div><div class="spacer battle-history"><br></div><div class="battle-history">Go! <strong>Gligar</strong>!<br></div><div class="spacer battle-history"><br></div><h2 class="battle-history">Turn 52</h2><div class="chat chatmessage-pak"><strong style="color:hsl(243,72%,62.21702959220603%)"><small>☆</small><span class="username" data-name="Pak">Pak</span>:</strong> <em>gg</em></div><div class="spacer battle-history"><br></div><div class="battle-history">Gligar used <strong>Earthquake</strong>!<br></div><div class="battle-history"><small>(The opposing Snorlax lost <abbr title="−45/497">9.1%</abbr> of its health!)</small><br></div><div class="spacer battle-history"><br></div><div class="battle-history">The opposing Snorlax used <strong>Body Slam</strong>!<br></div><div class="battle-history"><small>(Gligar lost <abbr title="−181/333">54.4%</abbr> of its health!)</small><br></div><div class="spacer battle-history"><br></div><h2 class="battle-history">Turn 53</h2><div class="spacer battle-history"><br></div><div class="battle-history">Gligar used <strong>Earthquake</strong>!<br></div><div class="battle-history"><small>(The opposing Snorlax lost <abbr title="−42/497">8.5%</abbr> of its health!)</small><br></div><div class="spacer battle-history"><br></div><div class="battle-history">The opposing Snorlax used <strong>Body Slam</strong>!<br></div><div class="battle-history"><small>(Gligar lost <abbr title="−25/333">7.5%</abbr> of its health!)</small><br></div><div class="spacer battle-history"><br></div><div class="battle-history">Gligar fainted!<br></div><div class="spacer battle-history"><br></div><div class="battle-history"><strong>Pak</strong> won the battle!<br></div></div><div class="inner-preempt"></div></div></div>
</div>
<script>
let daily = Math.floor(Date.now()/1000/60/60/24);document.write('<script src="https://play.pokemonshowdown.com/js/replay-embed.js?version'+daily+'"></'+'script>');
</script>
