<!DOCTYPE html>
<meta charset="utf-8" />
<!-- version 1 -->
<title>UU replay: Idak Gundam vs. DarkSoul0975605507</title>
<style>
html,body {font-family:Verdana, sans-serif;font-size:10pt;margin:0;padding:0;}body{padding:12px 0;} .battle-log {font-family:Verdana, sans-serif;font-size:10pt;} .battle-log-inline {border:1px solid #AAAAAA;background:#EEF2F5;color:black;max-width:640px;margin:0 auto 80px;padding-bottom:5px;} .battle-log .inner {padding:4px 8px 0px 8px;} .battle-log .inner-preempt {padding:0 8px 4px 8px;} .battle-log .inner-after {margin-top:0.5em;} .battle-log h2 {margin:0.5em -8px;padding:4px 8px;border:1px solid #AAAAAA;background:#E0E7EA;border-left:0;border-right:0;font-family:Verdana, sans-serif;font-size:13pt;} .battle-log .chat {vertical-align:middle;padding:3px 0 3px 0;font-size:8pt;} .battle-log .chat strong {color:#40576A;} .battle-log .chat em {padding:1px 4px 1px 3px;color:#000000;font-style:normal;} .chat.mine {background:rgba(0,0,0,0.05);margin-left:-8px;margin-right:-8px;padding-left:8px;padding-right:8px;} .spoiler {color:#BBBBBB;background:#BBBBBB;padding:0px 3px;} .spoiler:hover, .spoiler:active, .spoiler-shown {color:#000000;background:#E2E2E2;padding:0px 3px;} .spoiler a {color:#BBBBBB;} .spoiler:hover a, .spoiler:active a, .spoiler-shown a {color:#2288CC;} .chat code, .chat .spoiler:hover code, .chat .spoiler:active code, .chat .spoiler-shown code {border:1px solid #C0C0C0;background:#EEEEEE;color:black;padding:0 2px;} .chat .spoiler code {border:1px solid #CCCCCC;background:#CCCCCC;color:#CCCCCC;} .battle-log .rated {padding:3px 4px;} .battle-log .rated strong {color:white;background:#89A;padding:1px 4px;border-radius:4px;} .spacer {margin-top:0.5em;} .message-announce {background:#6688AA;color:white;padding:1px 4px 2px;} .message-announce a, .broadcast-green a, .broadcast-blue a, .broadcast-red a {color:#DDEEFF;} .broadcast-green {background-color:#559955;color:white;padding:2px 4px;} .broadcast-blue {background-color:#6688AA;color:white;padding:2px 4px;} .infobox {border:1px solid #6688AA;padding:2px 4px;} .infobox-limited {max-height:200px;overflow:auto;overflow-x:hidden;} .broadcast-red {background-color:#AA5544;color:white;padding:2px 4px;} .message-learn-canlearn {font-weight:bold;color:#228822;text-decoration:underline;} .message-learn-cannotlearn {font-weight:bold;color:#CC2222;text-decoration:underline;} .message-effect-weak {font-weight:bold;color:#CC2222;} .message-effect-resist {font-weight:bold;color:#6688AA;} .message-effect-immune {font-weight:bold;color:#666666;} .message-learn-list {margin-top:0;margin-bottom:0;} .message-throttle-notice, .message-error {color:#992222;} .message-overflow, .chat small.message-overflow {font-size:0pt;} .message-overflow::before {font-size:9pt;content:'...';} .subtle {color:#3A4A66;}
</style>
<div class="wrapper replay-wrapper" style="max-width:1180px;margin:0 auto">
<input type="hidden" name="replayid" value="uu-549672655" />
<div class="battle"></div><div class="battle-log"></div><div class="replay-controls"></div><div class="replay-controls-2"></div>
<h1 style="font-weight:normal;text-align:center"><strong>UU</strong><br /><a href="http://pokemonshowdown.com/users/idakgundam" class="subtle" target="_blank">Idak Gundam</a> vs. <a href="http://pokemonshowdown.com/users/darksoul0975605507" class="subtle" target="_blank">DarkSoul0975605507</a></h1>
<script type="text/plain" class="battle-log-data">|j|Idak Gundam
|j|DarkSoul0975605507
|player|p1|Idak Gundam|267
|player|p2|DarkSoul0975605507|2
|gametype|singles
|gen|6
|tier|UU
|rated
|seed|30696,41268,20042,33756
|rule|Sleep Clause Mod: Limit one foe put to sleep
|rule|Species Clause: Limit one of each Pokémon
|rule|OHKO Clause: OHKO moves are banned
|rule|Moody Clause: Moody is banned
|rule|Evasion Moves Clause: Evasion moves are banned
|rule|Endless Battle Clause: Forcing endless battles is banned
|rule|HP Percentage Mod: HP is shown in percentages
|clearpoke
|poke|p1|Blissey, F|item
|poke|p1|Tyrantrum, M|item
|poke|p1|Infernape, M|item
|poke|p1|Sylveon, F|item
|poke|p1|Gligar, F|item
|poke|p1|Ampharos, M|item
|poke|p2|Lucario, M|item
|poke|p2|Darmanitan, M|item
|poke|p2|Galvantula, M, shiny|item
|poke|p2|Krookodile, M|item
|poke|p2|Yanmega, F|item
|poke|p2|Milotic, F|item
|rule|Swagger Clause: Swagger is banned
|rule|Baton Pass Clause: Limit one Baton Passer, can't pass Spe and other stats simultaneously
|teampreview
|choice|team 6, team 2, team 3, team 4, team 5, team 1|team 3, team 2, team 1, team 4, team 5, team 6
|
|start
|switch|p1a: Alexthunder|Ampharos, M|384\/384
|switch|p2a: Galvantula|Galvantula, M, shiny|281\/281
|turn|1
|choice|move voltswitch mega|move stickyweb
|
|detailschange|p1a: Alexthunder|Ampharos-Mega, M
|-mega|p1a: Alexthunder|Ampharos|Ampharosite
|-ability|p1a: Alexthunder|Mold Breaker
|move|p2a: Galvantula|Sticky Web|p1a: Alexthunder
|-sidestart|p1: Idak Gundam|move: Sticky Web
|move|p1a: Alexthunder|Volt Switch|p2a: Galvantula
|-resisted|p2a: Galvantula
|-damage|p2a: Galvantula|179\/281
|choice|switch 5|
|
|switch|p1a: Harley Queen|Gligar, F|333\/333
|
|upkeep
|turn|2
|choice|move defog|switch 6
|
|switch|p2a: Milotic|Milotic, F|331\/331
|move|p1a: Harley Queen|Defog|p2a: Milotic
|-unboost|p2a: Milotic|evasion|1
|-ability|p2a: Milotic|Competitive|boost
|-boost|p2a: Milotic|spa|2
|-sideend|p1: Idak Gundam|Sticky Web|[from] move: Defog|[of] p1a: Harley Queen
|
|upkeep
|turn|3
|choice|switch 6|move icebeam
|
|switch|p1a: Mikan|Blissey, F|714\/714
|move|p2a: Milotic|Ice Beam|p1a: Mikan
|-damage|p1a: Mikan|565\/714
|
|-heal|p1a: Mikan|609\/714|[from] item: Leftovers
|upkeep
|turn|4
|choice|move wish|move toxic
|
|move|p2a: Milotic|Toxic|p1a: Mikan
|-status|p1a: Mikan|tox
|move|p1a: Mikan|Wish|p1a: Mikan
|
|-heal|p1a: Mikan|653\/714 tox|[from] item: Leftovers
|-damage|p1a: Mikan|609\/714 tox|[from] psn
|upkeep
|turn|5
|choice|switch 5|move scald
|
|-curestatus|p1a: Mikan|tox|[from] ability: Natural Cure
|switch|p1a: Alexthunder|Ampharos-Mega, M|384\/384
|-ability|p1a: Alexthunder|Mold Breaker
|move|p2a: Milotic|Scald|p1a: Alexthunder
|-resisted|p1a: Alexthunder
|-damage|p1a: Alexthunder|276\/384
|
|-heal|p1a: Alexthunder|384\/384|[from] move: Wish|[wisher] Mikan
|upkeep
|turn|6
|choice|move voltswitch|move icebeam
|
|move|p2a: Milotic|Ice Beam|p1a: Alexthunder
|-supereffective|p1a: Alexthunder
|-damage|p1a: Alexthunder|52\/384
|move|p1a: Alexthunder|Volt Switch|p2a: Milotic
|-supereffective|p2a: Milotic
|-damage|p2a: Milotic|169\/331
|choice|switch 4|
|
|switch|p1a: Harmonie|Sylveon, F|393\/393
|
|-heal|p2a: Milotic|189\/331|[from] item: Leftovers
|upkeep
|turn|7
|choice|move hypervoice|move toxic
|
|move|p2a: Milotic|Toxic|p1a: Harmonie
|-status|p1a: Harmonie|tox
|move|p1a: Harmonie|Hyper Voice|p2a: Milotic
|-damage|p2a: Milotic|0 fnt
|faint|p2a: Milotic
|
|-damage|p1a: Harmonie|369\/393 tox|[from] psn
|upkeep
|choice||switch 2
|
|switch|p2a: Darmanitan|Darmanitan, M|351\/351
|turn|8
|choice|switch 2|move flareblitz
|
|switch|p1a: T-Max|Tyrantrum, M|357\/357
|move|p2a: Darmanitan|Flare Blitz|p1a: T-Max
|-resisted|p1a: T-Max
|-damage|p1a: T-Max|260\/357
|-damage|p2a: Darmanitan|319\/351|[from] recoil|[of] p1a: T-Max
|
|upkeep
|turn|9
|choice|move headsmash|switch 4
|
|switch|p2a: Krookodile|Krookodile, M|331\/331
|move|p1a: T-Max|Head Smash|p2a: Krookodile
|-resisted|p2a: Krookodile
|-damage|p2a: Krookodile|84\/331
|
|upkeep
|turn|10
|choice|switch 6|move earthquake
|
|switch|p1a: Harley Queen|Gligar, F|333\/333
|move|p2a: Krookodile|Earthquake|p1a: Harley Queen
|-immune|p1a: Harley Queen|[msg]
|
|upkeep
|turn|11
|choice|move stealthrock|switch 4
|
|switch|p2a: Darmanitan|Darmanitan, M|319\/351
|move|p1a: Harley Queen|Stealth Rock|p2a: Darmanitan
|-sidestart|p2: DarkSoul0975605507|move: Stealth Rock
|
|upkeep
|turn|12
|choice|move roost|move flareblitz
|
|move|p2a: Darmanitan|Flare Blitz|p1a: Harley Queen
|-damage|p1a: Harley Queen|132\/333
|-damage|p2a: Darmanitan|253\/351|[from] recoil|[of] p1a: Harley Queen
|move|p1a: Harley Queen|Roost|p1a: Harley Queen
|-heal|p1a: Harley Queen|299\/333
|
|upkeep
|turn|13
|choice|switch 6|move flareblitz
|
|switch|p1a: T-Max|Tyrantrum, M|260\/357
|move|p2a: Darmanitan|Flare Blitz|p1a: T-Max
|-resisted|p1a: T-Max
|-damage|p1a: T-Max|159\/357
|-damage|p2a: Darmanitan|220\/351|[from] recoil|[of] p1a: T-Max
|
|upkeep
|turn|14
|choice|move earthquake|move flareblitz
|
|move|p2a: Darmanitan|Flare Blitz|p1a: T-Max
|-resisted|p1a: T-Max
|-damage|p1a: T-Max|58\/357
|-damage|p2a: Darmanitan|187\/351|[from] recoil|[of] p1a: T-Max
|move|p1a: T-Max|Earthquake|p2a: Darmanitan
|-supereffective|p2a: Darmanitan
|-damage|p2a: Darmanitan|0 fnt
|faint|p2a: Darmanitan
|
|upkeep
|choice||switch 3
|
|switch|p2a: Lucario|Lucario, M|281\/281
|-damage|p2a: Lucario|273\/281|[from] Stealth Rock
|turn|15
|choice|move earthquake|move icepunch
|
|move|p2a: Lucario|Ice Punch|p1a: T-Max
|-supereffective|p1a: T-Max
|-damage|p1a: T-Max|0 fnt
|-damage|p2a: Lucario|245\/281|[from] item: Life Orb
|faint|p1a: T-Max
|
|upkeep
|choice|switch 3|
|
|switch|p1a: Emperor|Infernape, M|293\/293
|turn|16
|choice|move flareblitz|move closecombat
|
|move|p1a: Emperor|Flare Blitz|p2a: Lucario
|-supereffective|p2a: Lucario
|-crit|p2a: Lucario
|-damage|p2a: Lucario|0 fnt
|-damage|p1a: Emperor|212\/293|[from] recoil|[of] p2a: Lucario
|faint|p2a: Lucario
|
|upkeep
|choice||switch 5
|
|switch|p2a: Yanmega|Yanmega, F|313\/313
|-damage|p2a: Yanmega|157\/313|[from] Stealth Rock
|turn|17
|choice|move flareblitz|move protect
|
|move|p2a: Yanmega|Protect|p2a: Yanmega
|-singleturn|p2a: Yanmega|Protect
|move|p1a: Emperor|Flare Blitz|p2a: Yanmega
|-activate|p2a: Yanmega|move: Protect
|
|-ability|p2a: Yanmega|Speed Boost|boost
|-boost|p2a: Yanmega|spe|1
|upkeep
|turn|18
|choice|move flareblitz|move airslash
|
|move|p1a: Emperor|Flare Blitz|p2a: Yanmega
|-supereffective|p2a: Yanmega
|-damage|p2a: Yanmega|0 fnt
|-damage|p1a: Emperor|160\/293|[from] recoil|[of] p2a: Yanmega
|faint|p2a: Yanmega
|
|upkeep
|-message|DarkSoul0975605507 forfeited.
|
|win|Idak Gundam
|player|p1
|player|p2
|l|DarkSoul0975605507</script>
</div>
<div class="battle-log battle-log-inline"><div class="inner"><div class="battle-options"></div><div class="inner"><div class="chat"><small>Idak Gundam joined.</small></div><div class="chat"><small>DarkSoul0975605507 joined.</small></div><div class=""><small>Format:</small> <br><strong>UU</strong></div><div class="rated"><strong>Rated battle</strong></div><div class=""><small><em>Sleep Clause Mod:</em> Limit one foe put to sleep</small></div><div class=""><small><em>Species Clause:</em> Limit one of each Pokémon</small></div><div class=""><small><em>OHKO Clause:</em> OHKO moves are banned</small></div><div class=""><small><em>Moody Clause:</em> Moody is banned</small></div><div class=""><small><em>Evasion Moves Clause:</em> Evasion moves are banned</small></div><div class=""><small><em>Endless Battle Clause:</em> Forcing endless battles is banned</small></div><div class=""><small><em>HP Percentage Mod:</em> HP is shown in percentages</small></div><div class=""><small><em>Swagger Clause:</em> Swagger is banned</small></div><div class=""><small><em>Baton Pass Clause:</em> Limit one Baton Passer, can't pass Spe and other stats simultaneously</small></div><div class="chat battle-history"><strong>Idak Gundam's team:</strong> <em style="color:#445566;display:block;">Blissey / Tyrantrum / Infernape / Sylveon / Gligar / Ampharos</em></div><div class="chat battle-history"><strong>DarkSoul0975605507's team:</strong> <em style="color:#445566;display:block;">Lucario / Darmanitan / Galvantula / Krookodile / Yanmega / Milotic</em></div><div class="spacer battle-history"><br></div><div class="battle-history">Battle started between Idak Gundam and DarkSoul0975605507!<br></div><div class="spacer battle-history"><br></div><div class="battle-history">Go! Alexthunder (<strong>Ampharos</strong>)!<br></div><div class="spacer battle-history"><br></div><div class="battle-history">DarkSoul0975605507 sent out <strong>Galvantula</strong>!<br></div><div class="spacer battle-history"><br></div><h2 class="battle-history">Turn 1</h2><div class="spacer battle-history"><br></div><div class="battle-history"><small>Alexthunder's Ampharosite is reacting to Idak Gundam's Mega Bracelet!</small><br>Alexthunder has Mega Evolved into Mega Ampharos!<br></div><div class="battle-history"><small>[Alexthunder's Mold Breaker]</small><br><small>Alexthunder breaks the mold!</small><br></div><div class="spacer battle-history"><br></div><div class="battle-history">The opposing Galvantula used <strong>Sticky Web</strong>!<br></div><div class="battle-history"><small>A sticky web spreads out on the ground around your team!</small><br></div><div class="spacer battle-history"><br></div><div class="battle-history">Alexthunder used <strong>Volt Switch</strong>!<br></div><div class="battle-history"><small>It's not very effective...</small><br></div><div class="battle-history"><small>(The opposing Galvantula lost <abbr title="−102/281">36.3%</abbr> of its health!)</small><br></div><div class="spacer battle-history"><br></div><div class="battle-history">Alexthunder went back to Idak Gundam!<br></div><div class="battle-history">Go! Harley Queen (<strong>Gligar</strong>)!<br></div><div class="spacer battle-history"><br></div><h2 class="battle-history">Turn 2</h2><div class="spacer battle-history"><br></div><div class="battle-history">DarkSoul0975605507 withdrew Galvantula!<br></div><div class="battle-history">DarkSoul0975605507 sent out <strong>Milotic</strong>!<br></div><div class="spacer battle-history"><br></div><div class="battle-history">Harley Queen used <strong>Defog</strong>!<br></div><div class="battle-history"><small>The opposing Milotic's evasiveness fell!</small><br></div><div class="battle-history"><small>[The opposing Milotic's Competitive]</small><br></div><div class="battle-history"><small>The opposing Milotic's Special Attack rose sharply!</small><br></div><div class="battle-history"><small>The sticky web has disappeared from the ground around your team!</small><br></div><div class="spacer battle-history"><br></div><h2 class="battle-history">Turn 3</h2><div class="spacer battle-history"><br></div><div class="battle-history">Harley Queen, come back!<br></div><div class="battle-history">Go! Mikan (<strong>Blissey</strong>)!<br></div><div class="spacer battle-history"><br></div><div class="battle-history">The opposing Milotic used <strong>Ice Beam</strong>!<br></div><div class="battle-history"><small>(Mikan lost <abbr title="−149/714">20.9%</abbr> of its health!)</small><br></div><div class="spacer battle-history"><br></div><div class="battle-history"><small>Mikan restored a little HP using its Leftovers!</small><br></div><div class="spacer battle-history"><br></div><h2 class="battle-history">Turn 4</h2><div class="spacer battle-history"><br></div><div class="battle-history">The opposing Milotic used <strong>Toxic</strong>!<br></div><div class="battle-history"><small>Mikan was badly poisoned!</small><br></div><div class="spacer battle-history"><br></div><div class="battle-history">Mikan used <strong>Wish</strong>!<br></div><div class="spacer battle-history"><br></div><div class="battle-history"><small>Mikan restored a little HP using its Leftovers!</small><br></div><div class="battle-history"><small>Mikan was hurt by poison!</small><br></div><div class="spacer battle-history"><br></div><h2 class="battle-history">Turn 5</h2><div class="spacer battle-history"><br></div><div class="battle-history"><small>(Mikan is cured by its Natural Cure!)</small><br></div><div class="battle-history">Mikan, come back!<br></div><div class="battle-history">Go! Alexthunder (<strong>Ampharos-Mega</strong>)!<br></div><div class="battle-history"><small>[Alexthunder's Mold Breaker]</small><br><small>Alexthunder breaks the mold!</small><br></div><div class="spacer battle-history"><br></div><div class="battle-history">The opposing Milotic used <strong>Scald</strong>!<br></div><div class="battle-history"><small>It's not very effective...</small><br></div><div class="battle-history"><small>(Alexthunder lost <abbr title="−108/384">28.1%</abbr> of its health!)</small><br></div><div class="spacer battle-history"><br></div><div class="battle-history"><small>Mikan's wish came true!</small><br></div><div class="spacer battle-history"><br></div><h2 class="battle-history">Turn 6</h2><div class="spacer battle-history"><br></div><div class="battle-history">The opposing Milotic used <strong>Ice Beam</strong>!<br></div><div class="battle-history"><small>It's super effective!</small><br></div><div class="battle-history"><small>(Alexthunder lost <abbr title="−332/384">86.5%</abbr> of its health!)</small><br></div><div class="spacer battle-history"><br></div><div class="battle-history">Alexthunder used <strong>Volt Switch</strong>!<br></div><div class="battle-history"><small>It's super effective!</small><br></div><div class="battle-history"><small>(The opposing Milotic lost <abbr title="−162/331">48.9%</abbr> of its health!)</small><br></div><div class="spacer battle-history"><br></div><div class="battle-history">Alexthunder went back to Idak Gundam!<br></div><div class="battle-history">Go! Harmonie (<strong>Sylveon</strong>)!<br></div><div class="spacer battle-history"><br></div><div class="battle-history"><small>The opposing Milotic restored a little HP using its Leftovers!</small><br></div><div class="spacer battle-history"><br></div><h2 class="battle-history">Turn 7</h2><div class="spacer battle-history"><br></div><div class="battle-history">The opposing Milotic used <strong>Toxic</strong>!<br></div><div class="battle-history"><small>Harmonie was badly poisoned!</small><br></div><div class="spacer battle-history"><br></div><div class="battle-history">Harmonie used <strong>Hyper Voice</strong>!<br></div><div class="battle-history"><small>(The opposing Milotic lost <abbr title="−189/331">57.1%</abbr> of its health!)</small><br></div><div class="spacer battle-history"><br></div><div class="battle-history">The opposing Milotic fainted!<br></div><div class="spacer battle-history"><br></div><div class="battle-history"><small>Harmonie was hurt by poison!</small><br></div><div class="spacer battle-history"><br></div><div class="battle-history">DarkSoul0975605507 sent out <strong>Darmanitan</strong>!<br></div><div class="spacer battle-history"><br></div><h2 class="battle-history">Turn 8</h2><div class="spacer battle-history"><br></div><div class="battle-history">Harmonie, come back!<br></div><div class="battle-history">Go! T-Max (<strong>Tyrantrum</strong>)!<br></div><div class="spacer battle-history"><br></div><div class="battle-history">The opposing Darmanitan used <strong>Flare Blitz</strong>!<br></div><div class="battle-history"><small>It's not very effective...</small><br></div><div class="battle-history"><small>(T-Max lost <abbr title="−97/357">27.2%</abbr> of its health!)</small><br></div><div class="battle-history"><small>The opposing Darmanitan is damaged by the recoil!</small><br></div><div class="spacer battle-history"><br></div><h2 class="battle-history">Turn 9</h2><div class="spacer battle-history"><br></div><div class="battle-history">DarkSoul0975605507 withdrew Darmanitan!<br></div><div class="battle-history">DarkSoul0975605507 sent out <strong>Krookodile</strong>!<br></div><div class="spacer battle-history"><br></div><div class="battle-history">T-Max used <strong>Head Smash</strong>!<br></div><div class="battle-history"><small>It's not very effective...</small><br></div><div class="battle-history"><small>(The opposing Krookodile lost <abbr title="−247/331">74.6%</abbr> of its health!)</small><br></div><div class="spacer battle-history"><br></div><h2 class="battle-history">Turn 10</h2><div class="spacer battle-history"><br></div><div class="battle-history">T-Max, come back!<br></div><div class="battle-history">Go! Harley Queen (<strong>Gligar</strong>)!<br></div><div class="spacer battle-history"><br></div><div class="battle-history">The opposing Krookodile used <strong>Earthquake</strong>!<br></div><div class="battle-history"><small>It doesn't affect Harley Queen...</small><br></div><div class="spacer battle-history"><br></div><h2 class="battle-history">Turn 11</h2><div class="spacer battle-history"><br></div><div class="battle-history">DarkSoul0975605507 withdrew Krookodile!<br></div><div class="battle-history">DarkSoul0975605507 sent out <strong>Darmanitan</strong>!<br></div><div class="spacer battle-history"><br></div><div class="battle-history">Harley Queen used <strong>Stealth Rock</strong>!<br></div><div class="battle-history"><small>Pointed stones float in the air around the opposing team!</small><br></div><div class="spacer battle-history"><br></div><h2 class="battle-history">Turn 12</h2><div class="spacer battle-history"><br></div><div class="battle-history">The opposing Darmanitan used <strong>Flare Blitz</strong>!<br></div><div class="battle-history"><small>(Harley Queen lost <abbr title="−201/333">60.4%</abbr> of its health!)</small><br></div><div class="battle-history"><small>The opposing Darmanitan is damaged by the recoil!</small><br></div><div class="spacer battle-history"><br></div><div class="battle-history">Harley Queen used <strong>Roost</strong>!<br></div><div class="battle-history"><small>Harley Queen restored its HP.</small><br></div><div class="spacer battle-history"><br></div><h2 class="battle-history">Turn 13</h2><div class="spacer battle-history"><br></div><div class="battle-history">Harley Queen, come back!<br></div><div class="battle-history">Go! T-Max (<strong>Tyrantrum</strong>)!<br></div><div class="spacer battle-history"><br></div><div class="battle-history">The opposing Darmanitan used <strong>Flare Blitz</strong>!<br></div><div class="battle-history"><small>It's not very effective...</small><br></div><div class="battle-history"><small>(T-Max lost <abbr title="−101/357">28.3%</abbr> of its health!)</small><br></div><div class="battle-history"><small>The opposing Darmanitan is damaged by the recoil!</small><br></div><div class="spacer battle-history"><br></div><h2 class="battle-history">Turn 14</h2><div class="spacer battle-history"><br></div><div class="battle-history">The opposing Darmanitan used <strong>Flare Blitz</strong>!<br></div><div class="battle-history"><small>It's not very effective...</small><br></div><div class="battle-history"><small>(T-Max lost <abbr title="−101/357">28.3%</abbr> of its health!)</small><br></div><div class="battle-history"><small>The opposing Darmanitan is damaged by the recoil!</small><br></div><div class="spacer battle-history"><br></div><div class="battle-history">T-Max used <strong>Earthquake</strong>!<br></div><div class="battle-history"><small>It's super effective!</small><br></div><div class="battle-history"><small>(The opposing Darmanitan lost <abbr title="−187/351">53.3%</abbr> of its health!)</small><br></div><div class="spacer battle-history"><br></div><div class="battle-history">The opposing Darmanitan fainted!<br></div><div class="spacer battle-history"><br></div><div class="battle-history">DarkSoul0975605507 sent out <strong>Lucario</strong>!<br></div><div class="battle-history"><small>Pointed stones dug into the opposing Lucario!</small><br></div><div class="spacer battle-history"><br></div><h2 class="battle-history">Turn 15</h2><div class="spacer battle-history"><br></div><div class="battle-history">The opposing Lucario used <strong>Ice Punch</strong>!<br></div><div class="battle-history"><small>It's super effective!</small><br></div><div class="battle-history"><small>(T-Max lost <abbr title="−58/357">16.2%</abbr> of its health!)</small><br></div><div class="battle-history"><small>The opposing Lucario lost some of its HP!</small><br></div><div class="spacer battle-history"><br></div><div class="battle-history">T-Max fainted!<br></div><div class="spacer battle-history"><br></div><div class="battle-history">Go! Emperor (<strong>Infernape</strong>)!<br></div><div class="spacer battle-history"><br></div><h2 class="battle-history">Turn 16</h2><div class="spacer battle-history"><br></div><div class="battle-history">Emperor used <strong>Flare Blitz</strong>!<br></div><div class="battle-history"><small>It's super effective!</small><br></div><div class="battle-history"><small>A critical hit!</small><br></div><div class="battle-history"><small>(The opposing Lucario lost <abbr title="−245/281">87.2%</abbr> of its health!)</small><br></div><div class="battle-history"><small>Emperor is damaged by the recoil!</small><br></div><div class="spacer battle-history"><br></div><div class="battle-history">The opposing Lucario fainted!<br></div><div class="spacer battle-history"><br></div><div class="battle-history">DarkSoul0975605507 sent out <strong>Yanmega</strong>!<br></div><div class="battle-history"><small>Pointed stones dug into the opposing Yanmega!</small><br></div><div class="spacer battle-history"><br></div><h2 class="battle-history">Turn 17</h2><div class="spacer battle-history"><br></div><div class="battle-history">The opposing Yanmega used <strong>Protect</strong>!<br></div><div class="battle-history"><small>The opposing Yanmega protected itself!</small><br></div><div class="spacer battle-history"><br></div><div class="battle-history">Emperor used <strong>Flare Blitz</strong>!<br></div><div class="battle-history"><small>The opposing Yanmega protected itself!</small><br></div><div class="spacer battle-history"><br></div><div class="battle-history"><small>[The opposing Yanmega's Speed Boost]</small><br></div><div class="battle-history"><small>The opposing Yanmega's Speed rose!</small><br></div><div class="spacer battle-history"><br></div><h2 class="battle-history">Turn 18</h2><div class="spacer battle-history"><br></div><div class="battle-history">Emperor used <strong>Flare Blitz</strong>!<br></div><div class="battle-history"><small>It's super effective!</small><br></div><div class="battle-history"><small>(The opposing Yanmega lost <abbr title="−157/313">50.2%</abbr> of its health!)</small><br></div><div class="battle-history"><small>Emperor is damaged by the recoil!</small><br></div><div class="spacer battle-history"><br></div><div class="battle-history">The opposing Yanmega fainted!<br></div><div class="spacer battle-history"><br></div><div class="battle-history"><small>DarkSoul0975605507 forfeited.</small><br></div><div class="spacer battle-history"><br></div><div class="battle-history"><strong>Idak Gundam</strong> won the battle!<br></div><div class="chat"><small>DarkSoul0975605507 left.</small></div></div><div class="inner-preempt"></div></div></div>
</div>
<script>
let daily = Math.floor(Date.now()/1000/60/60/24);document.write('<script src="https://play.pokemonshowdown.com/js/replay-embed.js?version'+daily+'"></'+'script>');
</script>
