<!DOCTYPE html>
<meta charset="utf-8" />
<!-- version 1 -->
<title>UU replay: The frozen lopunny vs. Crackney</title>
<style>
html,body {font-family:Verdana, sans-serif;font-size:10pt;margin:0;padding:0;}body{padding:12px 0;} .battle-log {font-family:Verdana, sans-serif;font-size:10pt;} .battle-log-inline {border:1px solid #AAAAAA;background:#EEF2F5;color:black;max-width:640px;margin:0 auto 80px;padding-bottom:5px;} .battle-log .inner {padding:4px 8px 0px 8px;} .battle-log .inner-preempt {padding:0 8px 4px 8px;} .battle-log .inner-after {margin-top:0.5em;} .battle-log h2 {margin:0.5em -8px;padding:4px 8px;border:1px solid #AAAAAA;background:#E0E7EA;border-left:0;border-right:0;font-family:Verdana, sans-serif;font-size:13pt;} .battle-log .chat {vertical-align:middle;padding:3px 0 3px 0;font-size:8pt;} .battle-log .chat strong {color:#40576A;} .battle-log .chat em {padding:1px 4px 1px 3px;color:#000000;font-style:normal;} .chat.mine {background:rgba(0,0,0,0.05);margin-left:-8px;margin-right:-8px;padding-left:8px;padding-right:8px;} .spoiler {color:#BBBBBB;background:#BBBBBB;padding:0px 3px;} .spoiler:hover, .spoiler:active, .spoiler-shown {color:#000000;background:#E2E2E2;padding:0px 3px;} .spoiler a {color:#BBBBBB;} .spoiler:hover a, .spoiler:active a, .spoiler-shown a {color:#2288CC;} .chat code, .chat .spoiler:hover code, .chat .spoiler:active code, .chat .spoiler-shown code {border:1px solid #C0C0C0;background:#EEEEEE;color:black;padding:0 2px;} .chat .spoiler code {border:1px solid #CCCCCC;background:#CCCCCC;color:#CCCCCC;} .battle-log .rated {padding:3px 4px;} .battle-log .rated strong {color:white;background:#89A;padding:1px 4px;border-radius:4px;} .spacer {margin-top:0.5em;} .message-announce {background:#6688AA;color:white;padding:1px 4px 2px;} .message-announce a, .broadcast-green a, .broadcast-blue a, .broadcast-red a {color:#DDEEFF;} .broadcast-green {background-color:#559955;color:white;padding:2px 4px;} .broadcast-blue {background-color:#6688AA;color:white;padding:2px 4px;} .infobox {border:1px solid #6688AA;padding:2px 4px;} .infobox-limited {max-height:200px;overflow:auto;overflow-x:hidden;} .broadcast-red {background-color:#AA5544;color:white;padding:2px 4px;} .message-learn-canlearn {font-weight:bold;color:#228822;text-decoration:underline;} .message-learn-cannotlearn {font-weight:bold;color:#CC2222;text-decoration:underline;} .message-effect-weak {font-weight:bold;color:#CC2222;} .message-effect-resist {font-weight:bold;color:#6688AA;} .message-effect-immune {font-weight:bold;color:#666666;} .message-learn-list {margin-top:0;margin-bottom:0;} .message-throttle-notice, .message-error {color:#992222;} .message-overflow, .chat small.message-overflow {font-size:0pt;} .message-overflow::before {font-size:9pt;content:'...';} .subtle {color:#3A4A66;}
</style>
<div class="wrapper replay-wrapper" style="max-width:1180px;margin:0 auto">
<input type="hidden" name="replayid" value="uu-570858431" />
<div class="battle"></div><div class="battle-log"></div><div class="replay-controls"></div><div class="replay-controls-2"></div>
<h1 style="font-weight:normal;text-align:center"><strong>UU</strong><br /><a href="http://pokemonshowdown.com/users/thefrozenlopunny" class="subtle" target="_blank">The frozen lopunny</a> vs. <a href="http://pokemonshowdown.com/users/crackney" class="subtle" target="_blank">Crackney</a></h1>
<script type="text/plain" class="battle-log-data">|j|The frozen lopunny
|J|Crackney
|player|p1|The frozen lopunny|279
|player|p2|Crackney|16
|gametype|singles
|gen|6
|tier|UU
|rated
|seed|25229,4908,28431,37923
|rule|Sleep Clause Mod: Limit one foe put to sleep
|rule|Species Clause: Limit one of each Pokémon
|rule|OHKO Clause: OHKO moves are banned
|rule|Moody Clause: Moody is banned
|rule|Evasion Moves Clause: Evasion moves are banned
|rule|Endless Battle Clause: Forcing endless battles is banned
|rule|HP Percentage Mod: HP is shown in percentages
|clearpoke
|poke|p1|Mienshao, M, shiny|item
|poke|p1|Whimsicott, F|item
|poke|p1|Vaporeon, F|item
|poke|p1|Forretress, F|item
|poke|p1|Krookodile, M|item
|poke|p1|Chandelure, F|item
|poke|p2|Sharpedo, M|item
|poke|p2|Celebi|item
|poke|p2|Mienshao, M|item
|poke|p2|Mamoswine, F|item
|poke|p2|Crobat, M|item
|poke|p2|Torkoal, F|item
|rule|Swagger Clause: Swagger is banned
|rule|Baton Pass Clause: Limit one Baton Passer, can't pass Spe and other stats simultaneously
|teampreview
|inactive|Battle timer is ON: inactive players will automatically lose when time's up. (requested by Crackney)
|choice|team 1, team 2, team 3, team 4, team 5, team 6|team 3, team 2, team 1, team 4, team 5, team 6
|
|start
|switch|p1a: ThisIsMyHappyFace|Mienshao, M, shiny|271\/271
|switch|p2a: Mienshao|Mienshao, M|271\/271
|turn|1
|choice|move highjumpkick|move fakeout
|
|move|p2a: Mienshao|Fake Out|p1a: ThisIsMyHappyFace
|-damage|p1a: ThisIsMyHappyFace|175\/271
|-damage|p2a: Mienshao|244\/271|[from] item: Life Orb
|cant|p1a: ThisIsMyHappyFace|flinch
|
|upkeep
|turn|2
|choice|move highjumpkick|switch 6
|
|switch|p2a: Torkoal|Torkoal, F|344\/344
|move|p1a: ThisIsMyHappyFace|High Jump Kick|p2a: Torkoal|[miss]
|-miss|p1a: ThisIsMyHappyFace|p2a: Torkoal
|-damage|p1a: ThisIsMyHappyFace|40\/271|[from] highjumpkick
|
|upkeep
|turn|3
|choice|switch 3|move stealthrock
|
|switch|p1a: Catfish|Vaporeon, F|464\/464
|move|p2a: Torkoal|Stealth Rock|p1a: Catfish
|-sidestart|p1: The frozen lopunny|move: Stealth Rock
|
|upkeep
|turn|4
|choice|switch 3|switch 2
|
|switch|p1a: ThisIsMyHappyFace|Mienshao, M, shiny|130\/271
|-damage|p1a: ThisIsMyHappyFace|114\/271|[from] Stealth Rock
|switch|p2a: Celebi|Celebi|341\/341
|
|upkeep
|turn|5
|choice|move uturn|switch 2
|
|switch|p2a: Torkoal|Torkoal, F|344\/344
|move|p1a: ThisIsMyHappyFace|U-turn|p2a: Torkoal
|-resisted|p2a: Torkoal
|-damage|p2a: Torkoal|316\/344
|choice|switch 5|
|
|switch|p1a: Dingodile|Krookodile, M|331\/331
|-damage|p1a: Dingodile|311\/331|[from] Stealth Rock
|
|-heal|p2a: Torkoal|337\/344|[from] item: Leftovers
|upkeep
|turn|6
|choice|move knockoff|move willowisp
|
|move|p1a: Dingodile|Knock Off|p2a: Torkoal
|-damage|p2a: Torkoal|180\/344
|-enditem|p2a: Torkoal|Leftovers|[from] move: Knock Off|[of] p1a: Dingodile
|move|p2a: Torkoal|Will-O-Wisp|p1a: Dingodile
|-status|p1a: Dingodile|brn
|
|-damage|p1a: Dingodile|270\/331 brn|[from] brn
|upkeep
|turn|7
|choice|switch 3|move lavaplume
|
|switch|p1a: Catfish|Vaporeon, F|464\/464
|-damage|p1a: Catfish|406\/464|[from] Stealth Rock
|move|p2a: Torkoal|Lava Plume|p1a: Catfish
|-resisted|p1a: Catfish
|-damage|p1a: Catfish|376\/464
|
|-heal|p1a: Catfish|405\/464|[from] item: Leftovers
|upkeep
|turn|8
|choice|move healbell|switch 2
|
|switch|p2a: Celebi|Celebi|341\/341
|move|p1a: Catfish|Heal Bell|p1a: Catfish
|-activate|p1a: Catfish|move: Heal Bell
|-curestatus|p1: Dingodile|brn|[msg]
|
|-heal|p1a: Catfish|434\/464|[from] item: Leftovers
|upkeep
|turn|9
|choice|switch 2|move energyball
|
|switch|p1a: Poof|Whimsicott, F|311\/311
|-damage|p1a: Poof|273\/311|[from] Stealth Rock
|move|p2a: Celebi|Energy Ball|p1a: Poof
|-resisted|p1a: Poof
|-crit|p1a: Poof
|-damage|p1a: Poof|137\/311
|
|-heal|p1a: Poof|156\/311|[from] item: Leftovers
|upkeep
|turn|10
|choice|move uturn|move psychic
|
|move|p2a: Celebi|Psychic|p1a: Poof
|-damage|p1a: Poof|0 fnt
|faint|p1a: Poof
|
|upkeep
|choice|switch 5|
|
|switch|p1a: ThisIsMyHappyFace|Mienshao, M, shiny|204\/271
|-damage|p1a: ThisIsMyHappyFace|188\/271|[from] Stealth Rock
|turn|11
|choice|move uturn|switch 2
|
|switch|p2a: Torkoal|Torkoal, F|180\/344
|move|p1a: ThisIsMyHappyFace|U-turn|p2a: Torkoal
|-resisted|p2a: Torkoal
|-crit|p2a: Torkoal
|-damage|p2a: Torkoal|134\/344
|choice|switch 3|
|
|switch|p1a: Dingodile|Krookodile, M|270\/331
|-damage|p1a: Dingodile|250\/331|[from] Stealth Rock
|
|upkeep
|turn|12
|choice|move knockoff|move rapidspin
|
|move|p1a: Dingodile|Knock Off|p2a: Torkoal
|-damage|p2a: Torkoal|35\/344
|move|p2a: Torkoal|Rapid Spin|p1a: Dingodile
|-crit|p1a: Dingodile
|-damage|p1a: Dingodile|230\/331
|
|upkeep
|turn|13
|choice|move knockoff|move rapidspin
|
|move|p1a: Dingodile|Knock Off|p2a: Torkoal
|-damage|p2a: Torkoal|0 fnt
|faint|p2a: Torkoal
|-ability|p1a: Dingodile|Moxie|boost
|-boost|p1a: Dingodile|atk|1
|
|upkeep
|choice||switch 5
|
|switch|p2a: Crobat|Crobat, M|311\/311
|turn|14
|choice|move pursuit|move bravebird
|
|move|p2a: Crobat|Brave Bird|p1a: Dingodile
|-damage|p1a: Dingodile|0 fnt
|-damage|p2a: Crobat|235\/311|[from] recoil|[of] p1a: Dingodile
|faint|p1a: Dingodile
|
|upkeep
|choice|switch 4|
|
|switch|p1a: Metal wallnut|Forretress, F|354\/354
|-damage|p1a: Metal wallnut|310\/354|[from] Stealth Rock
|turn|15
|choice|move rapidspin|move bravebird
|
|move|p2a: Crobat|Brave Bird|p1a: Metal wallnut
|-damage|p1a: Metal wallnut|166\/354
|-damage|p2a: Crobat|187\/311|[from] recoil|[of] p1a: Metal wallnut
|move|p1a: Metal wallnut|Rapid Spin|p2a: Crobat
|-damage|p2a: Crobat|173\/311
|-sideend|p1: The frozen lopunny|Stealth Rock|[from] move: Rapid Spin|[of] p1a: Metal wallnut
|
|-heal|p1a: Metal wallnut|188\/354|[from] item: Leftovers
|upkeep
|turn|16
|choice|move toxicspikes|switch 2
|
|switch|p2a: Celebi|Celebi|341\/341
|move|p1a: Metal wallnut|Toxic Spikes|p2a: Celebi
|-sidestart|p2: Crackney|move: Toxic Spikes
|
|-heal|p1a: Metal wallnut|210\/354|[from] item: Leftovers
|upkeep
|turn|17
|choice|switch 6|move nastyplot
|
|switch|p1a: Spook|Chandelure, F|261\/261
|move|p2a: Celebi|Nasty Plot|p2a: Celebi
|-boost|p2a: Celebi|spa|2
|
|upkeep
|turn|18
|choice|move shadowball|move psychic
|
|move|p2a: Celebi|Psychic|p1a: Spook
|-damage|p1a: Spook|0 fnt
|faint|p1a: Spook
|
|upkeep
|choice|switch 3|
|
|switch|p1a: ThisIsMyHappyFace|Mienshao, M, shiny|271\/271
|turn|19
|choice|move uturn|move psychic
|
|move|p1a: ThisIsMyHappyFace|U-turn|p2a: Celebi
|-supereffective|p2a: Celebi
|-damage|p2a: Celebi|29\/341
|choice|switch 6|
|
|switch|p1a: Metal wallnut|Forretress, F|210\/354
|move|p2a: Celebi|Psychic|p1a: Metal wallnut
|-resisted|p1a: Metal wallnut
|-damage|p1a: Metal wallnut|0 fnt
|faint|p1a: Metal wallnut
|
|-heal|p2a: Celebi|50\/341|[from] item: Leftovers
|upkeep
|choice|switch 6|
|
|switch|p1a: ThisIsMyHappyFace|Mienshao, M, shiny|271\/271
|turn|20
|choice|move uturn|move psychic
|
|move|p1a: ThisIsMyHappyFace|U-turn|p2a: Celebi
|-supereffective|p2a: Celebi
|-damage|p2a: Celebi|0 fnt
|faint|p2a: Celebi
|choice|switch 2|
|
|switch|p1a: Catfish|Vaporeon, F|434\/464
|
|-heal|p1a: Catfish|463\/464|[from] item: Leftovers
|upkeep
|choice||switch 4
|
|switch|p2a: Mamoswine|Mamoswine, F|361\/361
|-status|p2a: Mamoswine|psn
|turn|21
|choice|move wish|move earthquake
|
|move|p2a: Mamoswine|Earthquake|p1a: Catfish
|-damage|p1a: Catfish|132\/464
|-damage|p2a: Mamoswine|325\/361 psn|[from] item: Life Orb
|move|p1a: Catfish|Wish|p1a: Catfish
|
|-heal|p1a: Catfish|161\/464|[from] item: Leftovers
|-damage|p2a: Mamoswine|280\/361 psn|[from] psn
|upkeep
|turn|22
|choice|move protect|move earthquake
|
|move|p1a: Catfish|Protect|p1a: Catfish
|-singleturn|p1a: Catfish|Protect
|move|p2a: Mamoswine|Earthquake|p1a: Catfish
|-activate|p1a: Catfish|move: Protect
|
|-heal|p1a: Catfish|393\/464|[from] move: Wish|[wisher] Catfish
|-heal|p1a: Catfish|422\/464|[from] item: Leftovers
|-damage|p2a: Mamoswine|235\/361 psn|[from] psn
|upkeep
|turn|23
|choice|move wish|move earthquake
|
|move|p2a: Mamoswine|Earthquake|p1a: Catfish
|-damage|p1a: Catfish|94\/464
|-damage|p2a: Mamoswine|199\/361 psn|[from] item: Life Orb
|move|p1a: Catfish|Wish|p1a: Catfish
|
|-heal|p1a: Catfish|123\/464|[from] item: Leftovers
|-damage|p2a: Mamoswine|154\/361 psn|[from] psn
|upkeep
|turn|24
|choice|move protect|switch 6
|
|switch|p2a: Mienshao|Mienshao, M|271\/271
|-status|p2a: Mienshao|psn
|move|p1a: Catfish|Protect|p1a: Catfish
|-fail|p1a: Catfish
|
|-heal|p1a: Catfish|355\/464|[from] move: Wish|[wisher] Catfish
|-heal|p1a: Catfish|384\/464|[from] item: Leftovers
|-damage|p2a: Mienshao|238\/271 psn|[from] psn
|upkeep
|turn|25
|choice|move wish|move uturn
|
|move|p2a: Mienshao|U-turn|p1a: Catfish
|-damage|p1a: Catfish|246\/464
|-damage|p2a: Mienshao|211\/271 psn|[from] item: Life Orb
|choice||switch 2
|
|switch|p2a: Crobat|Crobat, M|173\/311
|move|p1a: Catfish|Wish|p1a: Catfish
|
|-heal|p1a: Catfish|275\/464|[from] item: Leftovers
|upkeep
|turn|26
|choice|move protect|move bravebird
|
|move|p1a: Catfish|Protect|p1a: Catfish
|-singleturn|p1a: Catfish|Protect
|move|p2a: Crobat|Brave Bird|p1a: Catfish
|-activate|p1a: Catfish|move: Protect
|
|-heal|p1a: Catfish|464\/464|[from] move: Wish|[wisher] Catfish
|upkeep
|turn|27
|choice|move wish|move bravebird
|
|move|p2a: Crobat|Brave Bird|p1a: Catfish
|-damage|p1a: Catfish|98\/464
|-damage|p2a: Crobat|52\/311|[from] recoil|[of] p1a: Catfish
|move|p1a: Catfish|Wish|p1a: Catfish
|
|-heal|p1a: Catfish|127\/464|[from] item: Leftovers
|upkeep
|turn|28
|choice|move protect|switch 3
|
|switch|p2a: Sharpedo|Sharpedo, M|281\/281
|-status|p2a: Sharpedo|psn
|move|p1a: Catfish|Protect|p1a: Catfish
|-fail|p1a: Catfish
|
|-heal|p1a: Catfish|359\/464|[from] move: Wish|[wisher] Catfish
|-heal|p1a: Catfish|388\/464|[from] item: Leftovers
|-damage|p2a: Sharpedo|246\/281 psn|[from] psn
|upkeep
|turn|29
|choice|move wish|move protect
|
|move|p2a: Sharpedo|Protect|p2a: Sharpedo
|-singleturn|p2a: Sharpedo|Protect
|move|p1a: Catfish|Wish|p1a: Catfish
|
|-heal|p1a: Catfish|417\/464|[from] item: Leftovers
|-damage|p2a: Sharpedo|211\/281 psn|[from] psn
|-ability|p2a: Sharpedo|Speed Boost|boost
|-boost|p2a: Sharpedo|spe|1
|upkeep
|turn|30
|choice|move scald|move crunch
|
|move|p2a: Sharpedo|Crunch|p1a: Catfish
|-damage|p1a: Catfish|189\/464
|move|p1a: Catfish|Scald|p2a: Sharpedo
|-resisted|p2a: Sharpedo
|-damage|p2a: Sharpedo|101\/281 psn
|
|-heal|p1a: Catfish|421\/464|[from] move: Wish|[wisher] Catfish
|-heal|p1a: Catfish|450\/464|[from] item: Leftovers
|-damage|p2a: Sharpedo|66\/281 psn|[from] psn
|-ability|p2a: Sharpedo|Speed Boost|boost
|-boost|p2a: Sharpedo|spe|1
|upkeep
|turn|31
|choice|move protect|move crunch mega
|
|detailschange|p2a: Sharpedo|Sharpedo-Mega, M
|-mega|p2a: Sharpedo|Sharpedo|Sharpedonite
|move|p1a: Catfish|Protect|p1a: Catfish
|-singleturn|p1a: Catfish|Protect
|move|p2a: Sharpedo|Crunch|p1a: Catfish
|-activate|p1a: Catfish|move: Protect
|
|-heal|p1a: Catfish|464\/464|[from] item: Leftovers
|-damage|p2a: Sharpedo|31\/281 psn|[from] psn
|upkeep
|turn|32
|choice|move wish|move crunch
|
|move|p2a: Sharpedo|Crunch|p1a: Catfish
|-damage|p1a: Catfish|107\/464
|move|p1a: Catfish|Wish|p1a: Catfish
|
|-heal|p1a: Catfish|136\/464|[from] item: Leftovers
|-damage|p2a: Sharpedo|0 fnt|[from] psn
|upkeep
|faint|p2a: Sharpedo
|choice||switch 2
|
|switch|p2a: Mienshao|Mienshao, M|271\/271 psn
|turn|33
|choice|move protect|move fakeout
|
|move|p1a: Catfish|Protect|p1a: Catfish
|-singleturn|p1a: Catfish|Protect
|move|p2a: Mienshao|Fake Out|p1a: Catfish
|-activate|p1a: Catfish|move: Protect
|
|-heal|p1a: Catfish|368\/464|[from] move: Wish|[wisher] Catfish
|-heal|p1a: Catfish|397\/464|[from] item: Leftovers
|-damage|p2a: Mienshao|238\/271 psn|[from] psn
|upkeep
|turn|34
|choice|move wish|move highjumpkick
|
|move|p2a: Mienshao|High Jump Kick|p1a: Catfish
|-damage|p1a: Catfish|0 fnt
|-damage|p2a: Mienshao|211\/271 psn|[from] item: Life Orb
|faint|p1a: Catfish
|
|-damage|p2a: Mienshao|178\/271 psn|[from] psn
|upkeep
|choice|switch 2|
|
|switch|p1a: ThisIsMyHappyFace|Mienshao, M, shiny|271\/271
|turn|35
|choice|move highjumpkick|switch 6
|
|switch|p2a: Mamoswine|Mamoswine, F|154\/361 psn
|move|p1a: ThisIsMyHappyFace|High Jump Kick|p2a: Mamoswine
|-supereffective|p2a: Mamoswine
|-damage|p2a: Mamoswine|0 fnt
|faint|p2a: Mamoswine
|
|upkeep
|choice||switch 3
|
|switch|p2a: Crobat|Crobat, M|52\/311
|turn|36
|choice|move highjumpkick|move bravebird
|
|move|p1a: ThisIsMyHappyFace|High Jump Kick|p2a: Crobat
|-resisted|p2a: Crobat
|-damage|p2a: Crobat|0 fnt
|faint|p2a: Crobat
|
|upkeep
|choice||switch 6
|
|switch|p2a: Mienshao|Mienshao, M|268\/271 psn
|turn|37
|choice|move highjumpkick|move fakeout
|
|move|p2a: Mienshao|Fake Out|p1a: ThisIsMyHappyFace
|-damage|p1a: ThisIsMyHappyFace|172\/271
|-damage|p2a: Mienshao|241\/271 psn|[from] item: Life Orb
|cant|p1a: ThisIsMyHappyFace|flinch
|
|-damage|p2a: Mienshao|208\/271 psn|[from] psn
|upkeep
|turn|38
|choice|move highjumpkick|move highjumpkick
|
|move|p1a: ThisIsMyHappyFace|High Jump Kick|p2a: Mienshao
|-damage|p2a: Mienshao|0 fnt
|faint|p2a: Mienshao
|
|win|The frozen lopunny
|raw|The frozen lopunny's rating: 1408 &rarr; <strong>1433<\/strong><br \/>(+25 for winning)
|raw|Crackney's rating: 1503 &rarr; <strong>1477<\/strong><br \/>(-26 for losing)
|c|☆The frozen lopunny|gg</script>
</div>
<div class="battle-log battle-log-inline"><div class="inner"><div class="battle-options"></div><div class="inner"><div class="chat"><small>The frozen lopunny joined.</small></div><div class=""><small>Format:</small> <br><strong>UU</strong></div><div class="rated"><strong>Rated battle</strong></div><div class=""><small><em>Sleep Clause Mod:</em> Limit one foe put to sleep</small></div><div class=""><small><em>Species Clause:</em> Limit one of each Pokémon</small></div><div class=""><small><em>OHKO Clause:</em> OHKO moves are banned</small></div><div class=""><small><em>Moody Clause:</em> Moody is banned</small></div><div class=""><small><em>Evasion Moves Clause:</em> Evasion moves are banned</small></div><div class=""><small><em>Endless Battle Clause:</em> Forcing endless battles is banned</small></div><div class=""><small><em>HP Percentage Mod:</em> HP is shown in percentages</small></div><div class=""><small><em>Swagger Clause:</em> Swagger is banned</small></div><div class=""><small><em>Baton Pass Clause:</em> Limit one Baton Passer, can't pass Spe and other stats simultaneously</small></div><div class="chat battle-history"><strong>The frozen lopunny's team:</strong> <em style="color:#445566;display:block;">Mienshao / Whimsicott / Vaporeon / Forretress / Krookodile / Chandelure</em></div><div class="chat battle-history"><strong>Crackney's team:</strong> <em style="color:#445566;display:block;">Sharpedo / Celebi / Mienshao / Mamoswine / Crobat / Torkoal</em></div><div class="chat message-error">Battle timer is ON: inactive players will automatically lose when time's up. (requested by Crackney)</div><div class="spacer battle-history"><br></div><div class="battle-history">Battle started between The frozen lopunny and Crackney!<br></div><div class="spacer battle-history"><br></div><div class="battle-history">Go! ThisIsMyHappyFace (<strong>Mienshao</strong>)!<br></div><div class="spacer battle-history"><br></div><div class="battle-history">Crackney sent out <strong>Mienshao</strong>!<br></div><div class="spacer battle-history"><br></div><h2 class="battle-history">Turn 1</h2><div class="spacer battle-history"><br></div><div class="battle-history">The opposing Mienshao used <strong>Fake Out</strong>!<br></div><div class="battle-history"><small>(ThisIsMyHappyFace lost <abbr title="−96/271">35.4%</abbr> of its health!)</small><br></div><div class="battle-history"><small>The opposing Mienshao lost some of its HP!</small><br></div><div class="spacer battle-history"><br></div><div class="battle-history">ThisIsMyHappyFace flinched and couldn't move!<br></div><div class="spacer battle-history"><br></div><h2 class="battle-history">Turn 2</h2><div class="spacer battle-history"><br></div><div class="battle-history">Crackney withdrew Mienshao!<br></div><div class="battle-history">Crackney sent out <strong>Torkoal</strong>!<br></div><div class="spacer battle-history"><br></div><div class="battle-history">ThisIsMyHappyFace used <strong>High Jump Kick</strong>!<br></div><div class="battle-history"><small>The opposing Torkoal avoided the attack!</small><br></div><div class="battle-history"><small>ThisIsMyHappyFace kept going and crashed!</small><br></div><div class="spacer battle-history"><br></div><h2 class="battle-history">Turn 3</h2><div class="spacer battle-history"><br></div><div class="battle-history">ThisIsMyHappyFace, come back!<br></div><div class="battle-history">Go! Catfish (<strong>Vaporeon</strong>)!<br></div><div class="spacer battle-history"><br></div><div class="battle-history">The opposing Torkoal used <strong>Stealth Rock</strong>!<br></div><div class="battle-history"><small>Pointed stones float in the air around your team!</small><br></div><div class="spacer battle-history"><br></div><h2 class="battle-history">Turn 4</h2><div class="spacer battle-history"><br></div><div class="battle-history">Catfish, come back!<br></div><div class="battle-history">Go! ThisIsMyHappyFace (<strong>Mienshao</strong>)!<br></div><div class="battle-history"><small>Pointed stones dug into ThisIsMyHappyFace!</small><br></div><div class="spacer battle-history"><br></div><div class="battle-history">Crackney withdrew Torkoal!<br></div><div class="battle-history">Crackney sent out <strong>Celebi</strong>!<br></div><div class="spacer battle-history"><br></div><h2 class="battle-history">Turn 5</h2><div class="spacer battle-history"><br></div><div class="battle-history">Crackney withdrew Celebi!<br></div><div class="battle-history">Crackney sent out <strong>Torkoal</strong>!<br></div><div class="spacer battle-history"><br></div><div class="battle-history">ThisIsMyHappyFace used <strong>U-turn</strong>!<br></div><div class="battle-history"><small>It's not very effective...</small><br></div><div class="battle-history"><small>(The opposing Torkoal lost <abbr title="−28/344">8.1%</abbr> of its health!)</small><br></div><div class="spacer battle-history"><br></div><div class="battle-history">ThisIsMyHappyFace went back to The frozen lopunny!<br></div><div class="battle-history">Go! Dingodile (<strong>Krookodile</strong>)!<br></div><div class="battle-history"><small>Pointed stones dug into Dingodile!</small><br></div><div class="spacer battle-history"><br></div><div class="battle-history"><small>The opposing Torkoal restored a little HP using its Leftovers!</small><br></div><div class="spacer battle-history"><br></div><h2 class="battle-history">Turn 6</h2><div class="spacer battle-history"><br></div><div class="battle-history">Dingodile used <strong>Knock Off</strong>!<br></div><div class="battle-history"><small>(The opposing Torkoal lost <abbr title="−157/344">45.6%</abbr> of its health!)</small><br></div><div class="battle-history"><small>Dingodile knocked off the opposing Torkoal's Leftovers!</small><br></div><div class="spacer battle-history"><br></div><div class="battle-history">The opposing Torkoal used <strong>Will-O-Wisp</strong>!<br></div><div class="battle-history"><small>Dingodile was burned!</small><br></div><div class="spacer battle-history"><br></div><div class="battle-history"><small>Dingodile was hurt by its burn!</small><br></div><div class="spacer battle-history"><br></div><h2 class="battle-history">Turn 7</h2><div class="spacer battle-history"><br></div><div class="battle-history">Dingodile, come back!<br></div><div class="battle-history">Go! Catfish (<strong>Vaporeon</strong>)!<br></div><div class="battle-history"><small>Pointed stones dug into Catfish!</small><br></div><div class="spacer battle-history"><br></div><div class="battle-history">The opposing Torkoal used <strong>Lava Plume</strong>!<br></div><div class="battle-history"><small>It's not very effective...</small><br></div><div class="battle-history"><small>(Catfish lost <abbr title="−30/464">6.5%</abbr> of its health!)</small><br></div><div class="spacer battle-history"><br></div><div class="battle-history"><small>Catfish restored a little HP using its Leftovers!</small><br></div><div class="spacer battle-history"><br></div><h2 class="battle-history">Turn 8</h2><div class="spacer battle-history"><br></div><div class="battle-history">Crackney withdrew Torkoal!<br></div><div class="battle-history">Crackney sent out <strong>Celebi</strong>!<br></div><div class="spacer battle-history"><br></div><div class="battle-history">Catfish used <strong>Heal Bell</strong>!<br></div><div class="battle-history"><small>A bell chimed!</small><br></div><div class="battle-history"><small>Dingodile's burn was healed.</small><br></div><div class="spacer battle-history"><br></div><div class="battle-history"><small>Catfish restored a little HP using its Leftovers!</small><br></div><div class="spacer battle-history"><br></div><h2 class="battle-history">Turn 9</h2><div class="spacer battle-history"><br></div><div class="battle-history">Catfish, come back!<br></div><div class="battle-history">Go! Poof (<strong>Whimsicott</strong>)!<br></div><div class="battle-history"><small>Pointed stones dug into Poof!</small><br></div><div class="spacer battle-history"><br></div><div class="battle-history">The opposing Celebi used <strong>Energy Ball</strong>!<br></div><div class="battle-history"><small>It's not very effective...</small><br></div><div class="battle-history"><small>A critical hit!</small><br></div><div class="battle-history"><small>(Poof lost <abbr title="−136/311">43.7%</abbr> of its health!)</small><br></div><div class="spacer battle-history"><br></div><div class="battle-history"><small>Poof restored a little HP using its Leftovers!</small><br></div><div class="spacer battle-history"><br></div><h2 class="battle-history">Turn 10</h2><div class="spacer battle-history"><br></div><div class="battle-history">The opposing Celebi used <strong>Psychic</strong>!<br></div><div class="battle-history"><small>(Poof lost <abbr title="−156/311">50.2%</abbr> of its health!)</small><br></div><div class="spacer battle-history"><br></div><div class="battle-history">Poof fainted!<br></div><div class="spacer battle-history"><br></div><div class="battle-history">Go! ThisIsMyHappyFace (<strong>Mienshao</strong>)!<br></div><div class="battle-history"><small>Pointed stones dug into ThisIsMyHappyFace!</small><br></div><div class="spacer battle-history"><br></div><h2 class="battle-history">Turn 11</h2><div class="spacer battle-history"><br></div><div class="battle-history">Crackney withdrew Celebi!<br></div><div class="battle-history">Crackney sent out <strong>Torkoal</strong>!<br></div><div class="spacer battle-history"><br></div><div class="battle-history">ThisIsMyHappyFace used <strong>U-turn</strong>!<br></div><div class="battle-history"><small>It's not very effective...</small><br></div><div class="battle-history"><small>A critical hit!</small><br></div><div class="battle-history"><small>(The opposing Torkoal lost <abbr title="−46/344">13.4%</abbr> of its health!)</small><br></div><div class="spacer battle-history"><br></div><div class="battle-history">ThisIsMyHappyFace went back to The frozen lopunny!<br></div><div class="battle-history">Go! Dingodile (<strong>Krookodile</strong>)!<br></div><div class="battle-history"><small>Pointed stones dug into Dingodile!</small><br></div><div class="spacer battle-history"><br></div><h2 class="battle-history">Turn 12</h2><div class="spacer battle-history"><br></div><div class="battle-history">Dingodile used <strong>Knock Off</strong>!<br></div><div class="battle-history"><small>(The opposing Torkoal lost <abbr title="−99/344">28.8%</abbr> of its health!)</small><br></div><div class="spacer battle-history"><br></div><div class="battle-history">The opposing Torkoal used <strong>Rapid Spin</strong>!<br></div><div class="battle-history"><small>A critical hit!</small><br></div><div class="battle-history"><small>(Dingodile lost <abbr title="−20/331">6.0%</abbr> of its health!)</small><br></div><div class="spacer battle-history"><br></div><h2 class="battle-history">Turn 13</h2><div class="spacer battle-history"><br></div><div class="battle-history">Dingodile used <strong>Knock Off</strong>!<br></div><div class="battle-history"><small>(The opposing Torkoal lost <abbr title="−35/344">10.2%</abbr> of its health!)</small><br></div><div class="spacer battle-history"><br></div><div class="battle-history">The opposing Torkoal fainted!<br></div><div class="battle-history"><small>[Dingodile's Moxie]</small><br></div><div class="battle-history"><small>Dingodile's Attack rose!</small><br></div><div class="spacer battle-history"><br></div><div class="battle-history">Crackney sent out <strong>Crobat</strong>!<br></div><div class="spacer battle-history"><br></div><h2 class="battle-history">Turn 14</h2><div class="spacer battle-history"><br></div><div class="battle-history">The opposing Crobat used <strong>Brave Bird</strong>!<br></div><div class="battle-history"><small>(Dingodile lost <abbr title="−230/331">69.5%</abbr> of its health!)</small><br></div><div class="battle-history"><small>The opposing Crobat is damaged by the recoil!</small><br></div><div class="spacer battle-history"><br></div><div class="battle-history">Dingodile fainted!<br></div><div class="spacer battle-history"><br></div><div class="battle-history">Go! Metal wallnut (<strong>Forretress</strong>)!<br></div><div class="battle-history"><small>Pointed stones dug into Metal wallnut!</small><br></div><div class="spacer battle-history"><br></div><h2 class="battle-history">Turn 15</h2><div class="spacer battle-history"><br></div><div class="battle-history">The opposing Crobat used <strong>Brave Bird</strong>!<br></div><div class="battle-history"><small>(Metal wallnut lost <abbr title="−144/354">40.7%</abbr> of its health!)</small><br></div><div class="battle-history"><small>The opposing Crobat is damaged by the recoil!</small><br></div><div class="spacer battle-history"><br></div><div class="battle-history">Metal wallnut used <strong>Rapid Spin</strong>!<br></div><div class="battle-history"><small>(The opposing Crobat lost <abbr title="−14/311">4.5%</abbr> of its health!)</small><br></div><div class="battle-history"><small>The pointed stones disappeared from around your team!</small><br></div><div class="spacer battle-history"><br></div><div class="battle-history"><small>Metal wallnut restored a little HP using its Leftovers!</small><br></div><div class="spacer battle-history"><br></div><h2 class="battle-history">Turn 16</h2><div class="spacer battle-history"><br></div><div class="battle-history">Crackney withdrew Crobat!<br></div><div class="battle-history">Crackney sent out <strong>Celebi</strong>!<br></div><div class="spacer battle-history"><br></div><div class="battle-history">Metal wallnut used <strong>Toxic Spikes</strong>!<br></div><div class="battle-history"><small>Poison spikes were scattered on the ground all around the opposing team!</small><br></div><div class="spacer battle-history"><br></div><div class="battle-history"><small>Metal wallnut restored a little HP using its Leftovers!</small><br></div><div class="spacer battle-history"><br></div><h2 class="battle-history">Turn 17</h2><div class="spacer battle-history"><br></div><div class="battle-history">Metal wallnut, come back!<br></div><div class="battle-history">Go! Spook (<strong>Chandelure</strong>)!<br></div><div class="spacer battle-history"><br></div><div class="battle-history">The opposing Celebi used <strong>Nasty Plot</strong>!<br></div><div class="battle-history"><small>The opposing Celebi's Special Attack rose sharply!</small><br></div><div class="spacer battle-history"><br></div><h2 class="battle-history">Turn 18</h2><div class="spacer battle-history"><br></div><div class="battle-history">The opposing Celebi used <strong>Psychic</strong>!<br></div><div class="battle-history"><small>(Spook lost <abbr title="−261/261">100%</abbr> of its health!)</small><br></div><div class="spacer battle-history"><br></div><div class="battle-history">Spook fainted!<br></div><div class="spacer battle-history"><br></div><div class="battle-history">Go! ThisIsMyHappyFace (<strong>Mienshao</strong>)!<br></div><div class="spacer battle-history"><br></div><h2 class="battle-history">Turn 19</h2><div class="spacer battle-history"><br></div><div class="battle-history">ThisIsMyHappyFace used <strong>U-turn</strong>!<br></div><div class="battle-history"><small>It's super effective!</small><br></div><div class="battle-history"><small>(The opposing Celebi lost <abbr title="−312/341">91.5%</abbr> of its health!)</small><br></div><div class="spacer battle-history"><br></div><div class="battle-history">ThisIsMyHappyFace went back to The frozen lopunny!<br></div><div class="battle-history">Go! Metal wallnut (<strong>Forretress</strong>)!<br></div><div class="spacer battle-history"><br></div><div class="battle-history">The opposing Celebi used <strong>Psychic</strong>!<br></div><div class="battle-history"><small>It's not very effective...</small><br></div><div class="battle-history"><small>(Metal wallnut lost <abbr title="−210/354">59.3%</abbr> of its health!)</small><br></div><div class="spacer battle-history"><br></div><div class="battle-history">Metal wallnut fainted!<br></div><div class="spacer battle-history"><br></div><div class="battle-history"><small>The opposing Celebi restored a little HP using its Leftovers!</small><br></div><div class="spacer battle-history"><br></div><div class="battle-history">Go! ThisIsMyHappyFace (<strong>Mienshao</strong>)!<br></div><div class="spacer battle-history"><br></div><h2 class="battle-history">Turn 20</h2><div class="spacer battle-history"><br></div><div class="battle-history">ThisIsMyHappyFace used <strong>U-turn</strong>!<br></div><div class="battle-history"><small>It's super effective!</small><br></div><div class="battle-history"><small>(The opposing Celebi lost <abbr title="−50/341">14.7%</abbr> of its health!)</small><br></div><div class="spacer battle-history"><br></div><div class="battle-history">The opposing Celebi fainted!<br></div><div class="spacer battle-history"><br></div><div class="battle-history">ThisIsMyHappyFace went back to The frozen lopunny!<br></div><div class="battle-history">Go! Catfish (<strong>Vaporeon</strong>)!<br></div><div class="spacer battle-history"><br></div><div class="battle-history"><small>Catfish restored a little HP using its Leftovers!</small><br></div><div class="spacer battle-history"><br></div><div class="battle-history">Crackney sent out <strong>Mamoswine</strong>!<br></div><div class="battle-history"><small>The opposing Mamoswine was poisoned!</small><br></div><div class="spacer battle-history"><br></div><h2 class="battle-history">Turn 21</h2><div class="spacer battle-history"><br></div><div class="battle-history">The opposing Mamoswine used <strong>Earthquake</strong>!<br></div><div class="battle-history"><small>(Catfish lost <abbr title="−331/464">71.3%</abbr> of its health!)</small><br></div><div class="battle-history"><small>The opposing Mamoswine lost some of its HP!</small><br></div><div class="spacer battle-history"><br></div><div class="battle-history">Catfish used <strong>Wish</strong>!<br></div><div class="spacer battle-history"><br></div><div class="battle-history"><small>Catfish restored a little HP using its Leftovers!</small><br></div><div class="battle-history"><small>The opposing Mamoswine was hurt by poison!</small><br></div><div class="spacer battle-history"><br></div><h2 class="battle-history">Turn 22</h2><div class="spacer battle-history"><br></div><div class="battle-history">Catfish used <strong>Protect</strong>!<br></div><div class="battle-history"><small>Catfish protected itself!</small><br></div><div class="spacer battle-history"><br></div><div class="battle-history">The opposing Mamoswine used <strong>Earthquake</strong>!<br></div><div class="battle-history"><small>Catfish protected itself!</small><br></div><div class="spacer battle-history"><br></div><div class="battle-history"><small>Catfish's wish came true!</small><br></div><div class="battle-history"><small>Catfish restored a little HP using its Leftovers!</small><br></div><div class="battle-history"><small>The opposing Mamoswine was hurt by poison!</small><br></div><div class="spacer battle-history"><br></div><h2 class="battle-history">Turn 23</h2><div class="spacer battle-history"><br></div><div class="battle-history">The opposing Mamoswine used <strong>Earthquake</strong>!<br></div><div class="battle-history"><small>(Catfish lost <abbr title="−328/464">70.7%</abbr> of its health!)</small><br></div><div class="battle-history"><small>The opposing Mamoswine lost some of its HP!</small><br></div><div class="spacer battle-history"><br></div><div class="battle-history">Catfish used <strong>Wish</strong>!<br></div><div class="spacer battle-history"><br></div><div class="battle-history"><small>Catfish restored a little HP using its Leftovers!</small><br></div><div class="battle-history"><small>The opposing Mamoswine was hurt by poison!</small><br></div><div class="spacer battle-history"><br></div><h2 class="battle-history">Turn 24</h2><div class="spacer battle-history"><br></div><div class="battle-history">Crackney withdrew Mamoswine!<br></div><div class="battle-history">Crackney sent out <strong>Mienshao</strong>!<br></div><div class="battle-history"><small>The opposing Mienshao was poisoned!</small><br></div><div class="spacer battle-history"><br></div><div class="battle-history">Catfish used <strong>Protect</strong>!<br></div><div class="battle-history"><small>But it failed!</small><br></div><div class="spacer battle-history"><br></div><div class="battle-history"><small>Catfish's wish came true!</small><br></div><div class="battle-history"><small>Catfish restored a little HP using its Leftovers!</small><br></div><div class="battle-history"><small>The opposing Mienshao was hurt by poison!</small><br></div><div class="spacer battle-history"><br></div><h2 class="battle-history">Turn 25</h2><div class="spacer battle-history"><br></div><div class="battle-history">The opposing Mienshao used <strong>U-turn</strong>!<br></div><div class="battle-history"><small>(Catfish lost <abbr title="−138/464">29.7%</abbr> of its health!)</small><br></div><div class="battle-history"><small>The opposing Mienshao lost some of its HP!</small><br></div><div class="spacer battle-history"><br></div><div class="battle-history">The opposing Mienshao went back to Crackney!<br></div><div class="battle-history">Crackney sent out <strong>Crobat</strong>!<br></div><div class="spacer battle-history"><br></div><div class="battle-history">Catfish used <strong>Wish</strong>!<br></div><div class="spacer battle-history"><br></div><div class="battle-history"><small>Catfish restored a little HP using its Leftovers!</small><br></div><div class="spacer battle-history"><br></div><h2 class="battle-history">Turn 26</h2><div class="spacer battle-history"><br></div><div class="battle-history">Catfish used <strong>Protect</strong>!<br></div><div class="battle-history"><small>Catfish protected itself!</small><br></div><div class="spacer battle-history"><br></div><div class="battle-history">The opposing Crobat used <strong>Brave Bird</strong>!<br></div><div class="battle-history"><small>Catfish protected itself!</small><br></div><div class="spacer battle-history"><br></div><div class="battle-history"><small>Catfish's wish came true!</small><br></div><div class="spacer battle-history"><br></div><h2 class="battle-history">Turn 27</h2><div class="spacer battle-history"><br></div><div class="battle-history">The opposing Crobat used <strong>Brave Bird</strong>!<br></div><div class="battle-history"><small>(Catfish lost <abbr title="−366/464">78.9%</abbr> of its health!)</small><br></div><div class="battle-history"><small>The opposing Crobat is damaged by the recoil!</small><br></div><div class="spacer battle-history"><br></div><div class="battle-history">Catfish used <strong>Wish</strong>!<br></div><div class="spacer battle-history"><br></div><div class="battle-history"><small>Catfish restored a little HP using its Leftovers!</small><br></div><div class="spacer battle-history"><br></div><h2 class="battle-history">Turn 28</h2><div class="spacer battle-history"><br></div><div class="battle-history">Crackney withdrew Crobat!<br></div><div class="battle-history">Crackney sent out <strong>Sharpedo</strong>!<br></div><div class="battle-history"><small>The opposing Sharpedo was poisoned!</small><br></div><div class="spacer battle-history"><br></div><div class="battle-history">Catfish used <strong>Protect</strong>!<br></div><div class="battle-history"><small>But it failed!</small><br></div><div class="spacer battle-history"><br></div><div class="battle-history"><small>Catfish's wish came true!</small><br></div><div class="battle-history"><small>Catfish restored a little HP using its Leftovers!</small><br></div><div class="battle-history"><small>The opposing Sharpedo was hurt by poison!</small><br></div><div class="spacer battle-history"><br></div><h2 class="battle-history">Turn 29</h2><div class="spacer battle-history"><br></div><div class="battle-history">The opposing Sharpedo used <strong>Protect</strong>!<br></div><div class="battle-history"><small>The opposing Sharpedo protected itself!</small><br></div><div class="spacer battle-history"><br></div><div class="battle-history">Catfish used <strong>Wish</strong>!<br></div><div class="spacer battle-history"><br></div><div class="battle-history"><small>Catfish restored a little HP using its Leftovers!</small><br></div><div class="battle-history"><small>The opposing Sharpedo was hurt by poison!</small><br></div><div class="battle-history"><small>[The opposing Sharpedo's Speed Boost]</small><br></div><div class="battle-history"><small>The opposing Sharpedo's Speed rose!</small><br></div><div class="spacer battle-history"><br></div><h2 class="battle-history">Turn 30</h2><div class="spacer battle-history"><br></div><div class="battle-history">The opposing Sharpedo used <strong>Crunch</strong>!<br></div><div class="battle-history"><small>(Catfish lost <abbr title="−228/464">49.1%</abbr> of its health!)</small><br></div><div class="spacer battle-history"><br></div><div class="battle-history">Catfish used <strong>Scald</strong>!<br></div><div class="battle-history"><small>It's not very effective...</small><br></div><div class="battle-history"><small>(The opposing Sharpedo lost <abbr title="−110/281">39.1%</abbr> of its health!)</small><br></div><div class="spacer battle-history"><br></div><div class="battle-history"><small>Catfish's wish came true!</small><br></div><div class="battle-history"><small>Catfish restored a little HP using its Leftovers!</small><br></div><div class="battle-history"><small>The opposing Sharpedo was hurt by poison!</small><br></div><div class="battle-history"><small>[The opposing Sharpedo's Speed Boost]</small><br></div><div class="battle-history"><small>The opposing Sharpedo's Speed rose!</small><br></div><div class="spacer battle-history"><br></div><h2 class="battle-history">Turn 31</h2><div class="spacer battle-history"><br></div><div class="battle-history"><small>The opposing Sharpedo's Sharpedonite is reacting to Crackney's Mega Bracelet!</small><br>The opposing Sharpedo has Mega Evolved into Mega Sharpedo!<br></div><div class="spacer battle-history"><br></div><div class="battle-history">Catfish used <strong>Protect</strong>!<br></div><div class="battle-history"><small>Catfish protected itself!</small><br></div><div class="spacer battle-history"><br></div><div class="battle-history">The opposing Sharpedo used <strong>Crunch</strong>!<br></div><div class="battle-history"><small>Catfish protected itself!</small><br></div><div class="spacer battle-history"><br></div><div class="battle-history"><small>Catfish restored a little HP using its Leftovers!</small><br></div><div class="battle-history"><small>The opposing Sharpedo was hurt by poison!</small><br></div><div class="spacer battle-history"><br></div><h2 class="battle-history">Turn 32</h2><div class="spacer battle-history"><br></div><div class="battle-history">The opposing Sharpedo used <strong>Crunch</strong>!<br></div><div class="battle-history"><small>(Catfish lost <abbr title="−357/464">76.9%</abbr> of its health!)</small><br></div><div class="spacer battle-history"><br></div><div class="battle-history">Catfish used <strong>Wish</strong>!<br></div><div class="spacer battle-history"><br></div><div class="battle-history"><small>Catfish restored a little HP using its Leftovers!</small><br></div><div class="battle-history"><small>The opposing Sharpedo was hurt by poison!</small><br></div><div class="spacer battle-history"><br></div><div class="battle-history">The opposing Sharpedo fainted!<br></div><div class="spacer battle-history"><br></div><div class="battle-history">Crackney sent out <strong>Mienshao</strong>!<br></div><div class="spacer battle-history"><br></div><h2 class="battle-history">Turn 33</h2><div class="spacer battle-history"><br></div><div class="battle-history">Catfish used <strong>Protect</strong>!<br></div><div class="battle-history"><small>Catfish protected itself!</small><br></div><div class="spacer battle-history"><br></div><div class="battle-history">The opposing Mienshao used <strong>Fake Out</strong>!<br></div><div class="battle-history"><small>Catfish protected itself!</small><br></div><div class="spacer battle-history"><br></div><div class="battle-history"><small>Catfish's wish came true!</small><br></div><div class="battle-history"><small>Catfish restored a little HP using its Leftovers!</small><br></div><div class="battle-history"><small>The opposing Mienshao was hurt by poison!</small><br></div><div class="spacer battle-history"><br></div><h2 class="battle-history">Turn 34</h2><div class="spacer battle-history"><br></div><div class="battle-history">The opposing Mienshao used <strong>High Jump Kick</strong>!<br></div><div class="battle-history"><small>(Catfish lost <abbr title="−397/464">85.6%</abbr> of its health!)</small><br></div><div class="battle-history"><small>The opposing Mienshao lost some of its HP!</small><br></div><div class="spacer battle-history"><br></div><div class="battle-history">Catfish fainted!<br></div><div class="spacer battle-history"><br></div><div class="battle-history"><small>The opposing Mienshao was hurt by poison!</small><br></div><div class="spacer battle-history"><br></div><div class="battle-history">Go! ThisIsMyHappyFace (<strong>Mienshao</strong>)!<br></div><div class="spacer battle-history"><br></div><h2 class="battle-history">Turn 35</h2><div class="spacer battle-history"><br></div><div class="battle-history">Crackney withdrew Mienshao!<br></div><div class="battle-history">Crackney sent out <strong>Mamoswine</strong>!<br></div><div class="spacer battle-history"><br></div><div class="battle-history">ThisIsMyHappyFace used <strong>High Jump Kick</strong>!<br></div><div class="battle-history"><small>It's super effective!</small><br></div><div class="battle-history"><small>(The opposing Mamoswine lost <abbr title="−154/361">42.7%</abbr> of its health!)</small><br></div><div class="spacer battle-history"><br></div><div class="battle-history">The opposing Mamoswine fainted!<br></div><div class="spacer battle-history"><br></div><div class="battle-history">Crackney sent out <strong>Crobat</strong>!<br></div><div class="spacer battle-history"><br></div><h2 class="battle-history">Turn 36</h2><div class="spacer battle-history"><br></div><div class="battle-history">ThisIsMyHappyFace used <strong>High Jump Kick</strong>!<br></div><div class="battle-history"><small>It's not very effective...</small><br></div><div class="battle-history"><small>(The opposing Crobat lost <abbr title="−52/311">16.7%</abbr> of its health!)</small><br></div><div class="spacer battle-history"><br></div><div class="battle-history">The opposing Crobat fainted!<br></div><div class="spacer battle-history"><br></div><div class="battle-history">Crackney sent out <strong>Mienshao</strong>!<br></div><div class="spacer battle-history"><br></div><h2 class="battle-history">Turn 37</h2><div class="spacer battle-history"><br></div><div class="battle-history">The opposing Mienshao used <strong>Fake Out</strong>!<br></div><div class="battle-history"><small>(ThisIsMyHappyFace lost <abbr title="−99/271">36.5%</abbr> of its health!)</small><br></div><div class="battle-history"><small>The opposing Mienshao lost some of its HP!</small><br></div><div class="spacer battle-history"><br></div><div class="battle-history">ThisIsMyHappyFace flinched and couldn't move!<br></div><div class="spacer battle-history"><br></div><div class="battle-history"><small>The opposing Mienshao was hurt by poison!</small><br></div><div class="spacer battle-history"><br></div><h2 class="battle-history">Turn 38</h2><div class="spacer battle-history"><br></div><div class="battle-history">ThisIsMyHappyFace used <strong>High Jump Kick</strong>!<br></div><div class="battle-history"><small>(The opposing Mienshao lost <abbr title="−208/271">76.8%</abbr> of its health!)</small><br></div><div class="spacer battle-history"><br></div><div class="battle-history">The opposing Mienshao fainted!<br></div><div class="spacer battle-history"><br></div><div class="battle-history"><strong>The frozen lopunny</strong> won the battle!<br></div><div class="chat">The frozen lopunny's rating: 1408 → <strong>1433</strong><br>(+25 for winning)</div><div class="chat">Crackney's rating: 1503 → <strong>1477</strong><br>(-26 for losing)</div><div class="chat chatmessage-thefrozenlopunny"><strong style="color:hsl(18,79%,41.70480063285996%)"><small>☆</small><span class="username" data-name="The frozen lopunny">The frozen lopunny</span>:</strong> <em>gg</em></div></div><div class="inner-preempt"></div></div></div>
</div>
<script>
let daily = Math.floor(Date.now()/1000/60/60/24);document.write('<script src="https://play.pokemonshowdown.com/js/replay-embed.js?version'+daily+'"></'+'script>');
</script>
