<!DOCTYPE html>
<meta charset="utf-8" />
<!-- version 1 -->
<title>UU replay: 68u57 vs. Monstergeek</title>
<style>
html,body {font-family:Verdana, sans-serif;font-size:10pt;margin:0;padding:0;}body{padding:12px 0;} .battle-log {font-family:Verdana, sans-serif;font-size:10pt;} .battle-log-inline {border:1px solid #AAAAAA;background:#EEF2F5;color:black;max-width:640px;margin:0 auto 80px;padding-bottom:5px;} .battle-log .inner {padding:4px 8px 0px 8px;} .battle-log .inner-preempt {padding:0 8px 4px 8px;} .battle-log .inner-after {margin-top:0.5em;} .battle-log h2 {margin:0.5em -8px;padding:4px 8px;border:1px solid #AAAAAA;background:#E0E7EA;border-left:0;border-right:0;font-family:Verdana, sans-serif;font-size:13pt;} .battle-log .chat {vertical-align:middle;padding:3px 0 3px 0;font-size:8pt;} .battle-log .chat strong {color:#40576A;} .battle-log .chat em {padding:1px 4px 1px 3px;color:#000000;font-style:normal;} .chat.mine {background:rgba(0,0,0,0.05);margin-left:-8px;margin-right:-8px;padding-left:8px;padding-right:8px;} .spoiler {color:#BBBBBB;background:#BBBBBB;padding:0px 3px;} .spoiler:hover, .spoiler:active, .spoiler-shown {color:#000000;background:#E2E2E2;padding:0px 3px;} .spoiler a {color:#BBBBBB;} .spoiler:hover a, .spoiler:active a, .spoiler-shown a {color:#2288CC;} .chat code, .chat .spoiler:hover code, .chat .spoiler:active code, .chat .spoiler-shown code {border:1px solid #C0C0C0;background:#EEEEEE;color:black;padding:0 2px;} .chat .spoiler code {border:1px solid #CCCCCC;background:#CCCCCC;color:#CCCCCC;} .battle-log .rated {padding:3px 4px;} .battle-log .rated strong {color:white;background:#89A;padding:1px 4px;border-radius:4px;} .spacer {margin-top:0.5em;} .message-announce {background:#6688AA;color:white;padding:1px 4px 2px;} .message-announce a, .broadcast-green a, .broadcast-blue a, .broadcast-red a {color:#DDEEFF;} .broadcast-green {background-color:#559955;color:white;padding:2px 4px;} .broadcast-blue {background-color:#6688AA;color:white;padding:2px 4px;} .infobox {border:1px solid #6688AA;padding:2px 4px;} .infobox-limited {max-height:200px;overflow:auto;overflow-x:hidden;} .broadcast-red {background-color:#AA5544;color:white;padding:2px 4px;} .message-learn-canlearn {font-weight:bold;color:#228822;text-decoration:underline;} .message-learn-cannotlearn {font-weight:bold;color:#CC2222;text-decoration:underline;} .message-effect-weak {font-weight:bold;color:#CC2222;} .message-effect-resist {font-weight:bold;color:#6688AA;} .message-effect-immune {font-weight:bold;color:#666666;} .message-learn-list {margin-top:0;margin-bottom:0;} .message-throttle-notice, .message-error {color:#992222;} .message-overflow, .chat small.message-overflow {font-size:0pt;} .message-overflow::before {font-size:9pt;content:'...';} .subtle {color:#3A4A66;}
</style>
<div class="wrapper replay-wrapper" style="max-width:1180px;margin:0 auto">
<input type="hidden" name="replayid" value="uu-547753212" />
<div class="battle"></div><div class="battle-log"></div><div class="replay-controls"></div><div class="replay-controls-2"></div>
<h1 style="font-weight:normal;text-align:center"><strong>UU</strong><br /><a href="http://pokemonshowdown.com/users/68u57" class="subtle" target="_blank">68u57</a> vs. <a href="http://pokemonshowdown.com/users/monstergeek" class="subtle" target="_blank">Monstergeek</a></h1>
<script type="text/plain" class="battle-log-data">|j|68u57
|j|Monstergeek
|player|p1|68u57|12
|player|p2|Monstergeek|2
|gametype|singles
|gen|6
|tier|UU
|rated
|seed|53161,13650,37730,54514
|rule|Sleep Clause Mod: Limit one foe put to sleep
|rule|Species Clause: Limit one of each Pokémon
|rule|OHKO Clause: OHKO moves are banned
|rule|Moody Clause: Moody is banned
|rule|Evasion Moves Clause: Evasion moves are banned
|rule|Endless Battle Clause: Forcing endless battles is banned
|rule|HP Percentage Mod: HP is shown in percentages
|clearpoke
|poke|p1|Aerodactyl, M|item
|poke|p1|Forretress, M|item
|poke|p1|Florges-White, F|item
|poke|p1|Blastoise, M|item
|poke|p1|Infernape, M|item
|poke|p1|Galvantula, M|item
|poke|p2|Mantine, M|item
|poke|p2|Beartic, F|item
|poke|p2|Toxicroak, M|item
|poke|p2|Kingdra, F|item
|poke|p2|Heliolisk, F|item
|poke|p2|Omastar, F|item
|rule|Swagger Clause: Swagger is banned
|rule|Baton Pass Clause: Limit one Baton Passer, can't pass Spe and other stats simultaneously
|teampreview
|c|☆Monstergeek|hey
|choice|team 1, team 2, team 3, team 4, team 5, team 6|team 1, team 2, team 3, team 4, team 5, team 6
|
|start
|switch|p1a: Aerodactyl|Aerodactyl, M|302\/302
|switch|p2a: Mantine|Mantine, M|271\/271
|turn|1
|choice|move taunt|move raindance
|
|move|p1a: Aerodactyl|Taunt|p2a: Mantine
|-start|p2a: Mantine|move: Taunt
|cant|p2a: Mantine|move: Taunt|Rain Dance
|
|upkeep
|turn|2
|choice|move stealthrock|move hydropump
|
|move|p1a: Aerodactyl|Stealth Rock|p2a: Mantine
|-sidestart|p2: Monstergeek|move: Stealth Rock
|move|p2a: Mantine|Hydro Pump|p1a: Aerodactyl
|-supereffective|p1a: Aerodactyl
|-enditem|p1a: Aerodactyl|Focus Sash
|-damage|p1a: Aerodactyl|1\/302
|
|upkeep
|turn|3
|choice|move doubleedge|move airslash
|
|move|p1a: Aerodactyl|Double-Edge|p2a: Mantine
|-damage|p2a: Mantine|95\/271
|move|p2a: Mantine|Air Slash|p1a: Aerodactyl
|-resisted|p1a: Aerodactyl
|-damage|p1a: Aerodactyl|0 fnt
|faint|p1a: Aerodactyl
|
|-heal|p2a: Mantine|111\/271|[from] item: Leftovers
|-end|p2a: Mantine|move: Taunt
|upkeep
|c|☆Monstergeek|:\/
|choice|switch 6|
|
|switch|p1a: Galvantula|Galvantula, M|282\/282
|turn|4
|choice|move voltswitch|switch 5
|
|switch|p2a: Heliolisk|Heliolisk, F|265\/265
|-damage|p2a: Heliolisk|232\/265|[from] Stealth Rock
|move|p1a: Galvantula|Volt Switch|p2a: Heliolisk
|-resisted|p2a: Heliolisk
|-damage|p2a: Heliolisk|164\/265
|-damage|p1a: Galvantula|254\/282|[from] item: Life Orb
|choice|switch 5|
|
|switch|p1a: Infernape|Infernape, M|294\/294
|
|upkeep
|turn|5
|choice|move machpunch|move voltswitch
|
|move|p1a: Infernape|Mach Punch|p2a: Heliolisk
|-supereffective|p2a: Heliolisk
|-damage|p2a: Heliolisk|0 fnt
|-damage|p1a: Infernape|265\/294|[from] item: Life Orb
|faint|p2a: Heliolisk
|
|upkeep
|choice||switch 4
|
|switch|p2a: Kingdra|Kingdra, F|342\/342
|-damage|p2a: Kingdra|300\/342|[from] Stealth Rock
|turn|6
|choice|move closecombat|move raindance
|
|move|p1a: Infernape|Close Combat|p2a: Kingdra
|-damage|p2a: Kingdra|66\/342
|-unboost|p1a: Infernape|def|1
|-unboost|p1a: Infernape|spd|1
|-damage|p1a: Infernape|236\/294|[from] item: Life Orb
|move|p2a: Kingdra|Rain Dance|p2a: Kingdra
|-weather|RainDance
|
|-weather|RainDance|[upkeep]
|upkeep
|turn|7
|choice|move machpunch|move hydropump
|
|move|p1a: Infernape|Mach Punch|p2a: Kingdra
|-damage|p2a: Kingdra|0 fnt
|-damage|p1a: Infernape|207\/294|[from] item: Life Orb
|faint|p2a: Kingdra
|
|-weather|RainDance|[upkeep]
|upkeep
|choice||switch 2
|
|switch|p2a: Beartic|Beartic, F|331\/331
|-damage|p2a: Beartic|249\/331|[from] Stealth Rock
|turn|8
|choice|switch 2|move playrough
|
|switch|p1a: Forretress|Forretress, M|354\/354
|move|p2a: Beartic|Play Rough|p1a: Forretress
|-resisted|p1a: Forretress
|-damage|p1a: Forretress|307\/354
|
|-weather|RainDance|[upkeep]
|-heal|p1a: Forretress|329\/354|[from] item: Leftovers
|upkeep
|turn|9
|choice|move spikes|switch 3
|
|switch|p2a: Toxicroak|Toxicroak, M|370\/370
|-damage|p2a: Toxicroak|347\/370|[from] Stealth Rock
|move|p1a: Forretress|Spikes|p2a: Toxicroak
|-sidestart|p2: Monstergeek|Spikes
|
|-weather|RainDance|[upkeep]
|-heal|p2a: Toxicroak|370\/370|[from] ability: Dry Skin
|-heal|p1a: Forretress|351\/354|[from] item: Leftovers
|upkeep
|turn|10
|choice|switch 4|move knockoff
|
|switch|p1a: Blastoise|Blastoise, M|361\/361
|move|p2a: Toxicroak|Knock Off|p1a: Blastoise
|-damage|p1a: Blastoise|285\/361
|
|-weather|none
|upkeep
|turn|11
|choice|move dragonpulse mega|move gunkshot
|
|detailschange|p1a: Blastoise|Blastoise-Mega, M
|-mega|p1a: Blastoise|Blastoise|Blastoisinite
|move|p2a: Toxicroak|Gunk Shot|p1a: Blastoise
|-crit|p1a: Blastoise
|-damage|p1a: Blastoise|29\/361
|move|p1a: Blastoise|Dragon Pulse|p2a: Toxicroak
|-damage|p2a: Toxicroak|129\/370
|
|-heal|p2a: Toxicroak|152\/370|[from] item: Leftovers
|upkeep
|turn|12
|c|☆Monstergeek|meheh
|c|☆68u57|nice crit
|choice|move dragonpulse|move brickbreak
|
|move|p2a: Toxicroak|Brick Break|p1a: Blastoise
|-damage|p1a: Blastoise|0 fnt
|faint|p1a: Blastoise
|
|-heal|p2a: Toxicroak|175\/370|[from] item: Leftovers
|upkeep
|choice|switch 5|
|
|switch|p1a: Galvantula|Galvantula, M|254\/282
|turn|13
|c|☆Monstergeek|crit or not , with dry skin you wasn't able to beat me
|c|☆68u57|?
|choice|move voltswitch|move knockoff
|
|move|p1a: Galvantula|Volt Switch|p2a: Toxicroak
|-damage|p2a: Toxicroak|0 fnt
|-damage|p1a: Galvantula|226\/282|[from] item: Life Orb
|faint|p2a: Toxicroak
|c|☆68u57|dragon pulse
|c|☆68u57|lul
|choice|switch 2|
|
|switch|p1a: Infernape|Infernape, M|207\/294
|
|upkeep
|choice||switch 5
|
|switch|p2a: Mantine|Mantine, M|111\/271
|-damage|p2a: Mantine|44\/271|[from] Stealth Rock
|turn|14
|choice|move flareblitz|move defog
|
|move|p1a: Infernape|Flare Blitz|p2a: Mantine
|-resisted|p2a: Mantine
|-damage|p2a: Mantine|0 fnt
|-damage|p1a: Infernape|192\/294|[from] recoil|[of] p2a: Mantine
|-damage|p1a: Infernape|163\/294|[from] item: Life Orb
|faint|p2a: Mantine
|
|upkeep
|choice||switch 6
|
|switch|p2a: Omastar|Omastar, F|281\/281
|-damage|p2a: Omastar|246\/281|[from] Spikes
|-damage|p2a: Omastar|211\/281|[from] Stealth Rock
|turn|15
|c|☆68u57|gg
|c|☆Monstergeek|è_é no choice then
|c|☆68u57|xd
|choice|move closecombat|move hydropump
|
|move|p1a: Infernape|Close Combat|p2a: Omastar
|-supereffective|p2a: Omastar
|-damage|p2a: Omastar|0 fnt
|-unboost|p1a: Infernape|def|1
|-unboost|p1a: Infernape|spd|1
|-damage|p1a: Infernape|134\/294|[from] item: Life Orb
|faint|p2a: Omastar
|
|upkeep
|choice||switch 3
|
|switch|p2a: Beartic|Beartic, F|249\/331
|-damage|p2a: Beartic|208\/331|[from] Spikes
|-damage|p2a: Beartic|126\/331|[from] Stealth Rock
|turn|16
|choice|move closecombat|move stoneedge
|
|move|p1a: Infernape|Close Combat|p2a: Beartic
|-supereffective|p2a: Beartic
|-damage|p2a: Beartic|0 fnt
|-unboost|p1a: Infernape|def|1
|-unboost|p1a: Infernape|spd|1
|-damage|p1a: Infernape|105\/294|[from] item: Life Orb
|faint|p2a: Beartic
|
|win|68u57
|player|p1
|player|p2
|raw|68u57's rating: 1000 &rarr; <strong>1052<\/strong><br \/>(+52 for winning)
|raw|Monstergeek's rating: 1106 &rarr; <strong>1074<\/strong><br \/>(-32 for losing)</script>
</div>
<div class="battle-log battle-log-inline"><div class="inner"><div class="battle-options"></div><div class="inner"><div class="chat"><small>68u57 joined.</small></div><div class="chat"><small>Monstergeek joined.</small></div><div class=""><small>Format:</small> <br><strong>UU</strong></div><div class="rated"><strong>Rated battle</strong></div><div class=""><small><em>Sleep Clause Mod:</em> Limit one foe put to sleep</small></div><div class=""><small><em>Species Clause:</em> Limit one of each Pokémon</small></div><div class=""><small><em>OHKO Clause:</em> OHKO moves are banned</small></div><div class=""><small><em>Moody Clause:</em> Moody is banned</small></div><div class=""><small><em>Evasion Moves Clause:</em> Evasion moves are banned</small></div><div class=""><small><em>Endless Battle Clause:</em> Forcing endless battles is banned</small></div><div class=""><small><em>HP Percentage Mod:</em> HP is shown in percentages</small></div><div class=""><small><em>Swagger Clause:</em> Swagger is banned</small></div><div class=""><small><em>Baton Pass Clause:</em> Limit one Baton Passer, can't pass Spe and other stats simultaneously</small></div><div class="chat battle-history"><strong>68u57's team:</strong> <em style="color:#445566;display:block;">Aerodactyl / Forretress / Florges-White / Blastoise / Infernape / Galvantula</em></div><div class="chat battle-history"><strong>Monstergeek's team:</strong> <em style="color:#445566;display:block;">Mantine / Beartic / Toxicroak / Kingdra / Heliolisk / Omastar</em></div><div class="chat chatmessage-monstergeek"><strong style="color:hsl(101,44%,34.06120433126532%)"><small>☆</small><span class="username" data-name="Monstergeek">Monstergeek</span>:</strong> <em>hey</em></div><div class="spacer battle-history"><br></div><div class="battle-history">Battle started between 68u57 and Monstergeek!<br></div><div class="spacer battle-history"><br></div><div class="battle-history">Go! <strong>Aerodactyl</strong>!<br></div><div class="spacer battle-history"><br></div><div class="battle-history">Monstergeek sent out <strong>Mantine</strong>!<br></div><div class="spacer battle-history"><br></div><h2 class="battle-history">Turn 1</h2><div class="spacer battle-history"><br></div><div class="battle-history">Aerodactyl used <strong>Taunt</strong>!<br></div><div class="battle-history"><small>The opposing Mantine fell for the taunt!</small><br></div><div class="spacer battle-history"><br></div><div class="battle-history">The opposing Mantine can't use Rain Dance after the taunt!<br></div><div class="spacer battle-history"><br></div><h2 class="battle-history">Turn 2</h2><div class="spacer battle-history"><br></div><div class="battle-history">Aerodactyl used <strong>Stealth Rock</strong>!<br></div><div class="battle-history"><small>Pointed stones float in the air around the opposing team!</small><br></div><div class="spacer battle-history"><br></div><div class="battle-history">The opposing Mantine used <strong>Hydro Pump</strong>!<br></div><div class="battle-history"><small>It's super effective!</small><br></div><div class="battle-history"><small>Aerodactyl hung on using its Focus Sash!</small><br></div><div class="battle-history"><small>(Aerodactyl lost <abbr title="−301/302">99.7%</abbr> of its health!)</small><br></div><div class="spacer battle-history"><br></div><h2 class="battle-history">Turn 3</h2><div class="spacer battle-history"><br></div><div class="battle-history">Aerodactyl used <strong>Double-Edge</strong>!<br></div><div class="battle-history"><small>(The opposing Mantine lost <abbr title="−176/271">64.9%</abbr> of its health!)</small><br></div><div class="spacer battle-history"><br></div><div class="battle-history">The opposing Mantine used <strong>Air Slash</strong>!<br></div><div class="battle-history"><small>It's not very effective...</small><br></div><div class="battle-history"><small>(Aerodactyl lost <abbr title="−1/302">0.3%</abbr> of its health!)</small><br></div><div class="spacer battle-history"><br></div><div class="battle-history">Aerodactyl fainted!<br></div><div class="spacer battle-history"><br></div><div class="battle-history"><small>The opposing Mantine restored a little HP using its Leftovers!</small><br></div><div class="battle-history"><small>The opposing Mantine's taunt wore off!</small><br></div><div class="chat chatmessage-monstergeek"><strong style="color:hsl(101,44%,34.06120433126532%)"><small>☆</small><span class="username" data-name="Monstergeek">Monstergeek</span>:</strong> <em>:/</em></div><div class="spacer battle-history"><br></div><div class="battle-history">Go! <strong>Galvantula</strong>!<br></div><div class="spacer battle-history"><br></div><h2 class="battle-history">Turn 4</h2><div class="spacer battle-history"><br></div><div class="battle-history">Monstergeek withdrew Mantine!<br></div><div class="battle-history">Monstergeek sent out <strong>Heliolisk</strong>!<br></div><div class="battle-history"><small>Pointed stones dug into the opposing Heliolisk!</small><br></div><div class="spacer battle-history"><br></div><div class="battle-history">Galvantula used <strong>Volt Switch</strong>!<br></div><div class="battle-history"><small>It's not very effective...</small><br></div><div class="battle-history"><small>(The opposing Heliolisk lost <abbr title="−68/265">25.7%</abbr> of its health!)</small><br></div><div class="battle-history"><small>Galvantula lost some of its HP!</small><br></div><div class="spacer battle-history"><br></div><div class="battle-history">Galvantula went back to 68u57!<br></div><div class="battle-history">Go! <strong>Infernape</strong>!<br></div><div class="spacer battle-history"><br></div><h2 class="battle-history">Turn 5</h2><div class="spacer battle-history"><br></div><div class="battle-history">Infernape used <strong>Mach Punch</strong>!<br></div><div class="battle-history"><small>It's super effective!</small><br></div><div class="battle-history"><small>(The opposing Heliolisk lost <abbr title="−164/265">61.9%</abbr> of its health!)</small><br></div><div class="battle-history"><small>Infernape lost some of its HP!</small><br></div><div class="spacer battle-history"><br></div><div class="battle-history">The opposing Heliolisk fainted!<br></div><div class="spacer battle-history"><br></div><div class="battle-history">Monstergeek sent out <strong>Kingdra</strong>!<br></div><div class="battle-history"><small>Pointed stones dug into the opposing Kingdra!</small><br></div><div class="spacer battle-history"><br></div><h2 class="battle-history">Turn 6</h2><div class="spacer battle-history"><br></div><div class="battle-history">Infernape used <strong>Close Combat</strong>!<br></div><div class="battle-history"><small>(The opposing Kingdra lost <abbr title="−234/342">68.4%</abbr> of its health!)</small><br></div><div class="battle-history"><small>Infernape's Defense fell!</small><br></div><div class="battle-history"><small>Infernape's Special Defense fell!</small><br></div><div class="battle-history"><small>Infernape lost some of its HP!</small><br></div><div class="spacer battle-history"><br></div><div class="battle-history">The opposing Kingdra used <strong>Rain Dance</strong>!<br></div><div class="battle-history"><small>It started to rain!</small><br></div><div class="spacer battle-history"><br></div><div class="battle-history"><small>(Rain continues to fall!)</small><br></div><div class="spacer battle-history"><br></div><h2 class="battle-history">Turn 7</h2><div class="spacer battle-history"><br></div><div class="battle-history">Infernape used <strong>Mach Punch</strong>!<br></div><div class="battle-history"><small>(The opposing Kingdra lost <abbr title="−66/342">19.3%</abbr> of its health!)</small><br></div><div class="battle-history"><small>Infernape lost some of its HP!</small><br></div><div class="spacer battle-history"><br></div><div class="battle-history">The opposing Kingdra fainted!<br></div><div class="spacer battle-history"><br></div><div class="battle-history"><small>(Rain continues to fall!)</small><br></div><div class="spacer battle-history"><br></div><div class="battle-history">Monstergeek sent out <strong>Beartic</strong>!<br></div><div class="battle-history"><small>Pointed stones dug into the opposing Beartic!</small><br></div><div class="spacer battle-history"><br></div><h2 class="battle-history">Turn 8</h2><div class="spacer battle-history"><br></div><div class="battle-history">Infernape, come back!<br></div><div class="battle-history">Go! <strong>Forretress</strong>!<br></div><div class="spacer battle-history"><br></div><div class="battle-history">The opposing Beartic used <strong>Play Rough</strong>!<br></div><div class="battle-history"><small>It's not very effective...</small><br></div><div class="battle-history"><small>(Forretress lost <abbr title="−47/354">13.3%</abbr> of its health!)</small><br></div><div class="spacer battle-history"><br></div><div class="battle-history"><small>(Rain continues to fall!)</small><br></div><div class="battle-history"><small>Forretress restored a little HP using its Leftovers!</small><br></div><div class="spacer battle-history"><br></div><h2 class="battle-history">Turn 9</h2><div class="spacer battle-history"><br></div><div class="battle-history">Monstergeek withdrew Beartic!<br></div><div class="battle-history">Monstergeek sent out <strong>Toxicroak</strong>!<br></div><div class="battle-history"><small>Pointed stones dug into the opposing Toxicroak!</small><br></div><div class="spacer battle-history"><br></div><div class="battle-history">Forretress used <strong>Spikes</strong>!<br></div><div class="battle-history"><small>Spikes were scattered on the ground all around the opposing team!</small><br></div><div class="spacer battle-history"><br></div><div class="battle-history"><small>(Rain continues to fall!)</small><br></div><div class="battle-history"><small>[The opposing Toxicroak's Dry Skin]</small><br><small>The opposing Toxicroak restored its HP.</small><br></div><div class="battle-history"><small>Forretress restored a little HP using its Leftovers!</small><br></div><div class="spacer battle-history"><br></div><h2 class="battle-history">Turn 10</h2><div class="spacer battle-history"><br></div><div class="battle-history">Forretress, come back!<br></div><div class="battle-history">Go! <strong>Blastoise</strong>!<br></div><div class="spacer battle-history"><br></div><div class="battle-history">The opposing Toxicroak used <strong>Knock Off</strong>!<br></div><div class="battle-history"><small>(Blastoise lost <abbr title="−76/361">21.1%</abbr> of its health!)</small><br></div><div class="spacer battle-history"><br></div><div class="battle-history"><small>The rain stopped.</small><br></div><div class="spacer battle-history"><br></div><h2 class="battle-history">Turn 11</h2><div class="spacer battle-history"><br></div><div class="battle-history"><small>Blastoise's Blastoisinite is reacting to 68u57's Mega Bracelet!</small><br>Blastoise has Mega Evolved into Mega Blastoise!<br></div><div class="spacer battle-history"><br></div><div class="battle-history">The opposing Toxicroak used <strong>Gunk Shot</strong>!<br></div><div class="battle-history"><small>A critical hit!</small><br></div><div class="battle-history"><small>(Blastoise lost <abbr title="−256/361">70.9%</abbr> of its health!)</small><br></div><div class="spacer battle-history"><br></div><div class="battle-history">Blastoise used <strong>Dragon Pulse</strong>!<br></div><div class="battle-history"><small>(The opposing Toxicroak lost <abbr title="−241/370">65.1%</abbr> of its health!)</small><br></div><div class="spacer battle-history"><br></div><div class="battle-history"><small>The opposing Toxicroak restored a little HP using its Leftovers!</small><br></div><div class="spacer battle-history"><br></div><h2 class="battle-history">Turn 12</h2><div class="chat chatmessage-monstergeek"><strong style="color:hsl(101,44%,34.06120433126532%)"><small>☆</small><span class="username" data-name="Monstergeek">Monstergeek</span>:</strong> <em>meheh</em></div><div class="chat chatmessage-68u57"><strong style="color:hsl(106,53%,33%)"><small>☆</small><span class="username" data-name="68u57">68u57</span>:</strong> <em>nice crit</em></div><div class="spacer battle-history"><br></div><div class="battle-history">The opposing Toxicroak used <strong>Brick Break</strong>!<br></div><div class="battle-history"><small>(Blastoise lost <abbr title="−29/361">8.0%</abbr> of its health!)</small><br></div><div class="spacer battle-history"><br></div><div class="battle-history">Blastoise fainted!<br></div><div class="spacer battle-history"><br></div><div class="battle-history"><small>The opposing Toxicroak restored a little HP using its Leftovers!</small><br></div><div class="spacer battle-history"><br></div><div class="battle-history">Go! <strong>Galvantula</strong>!<br></div><div class="spacer battle-history"><br></div><h2 class="battle-history">Turn 13</h2><div class="chat chatmessage-monstergeek"><strong style="color:hsl(101,44%,34.06120433126532%)"><small>☆</small><span class="username" data-name="Monstergeek">Monstergeek</span>:</strong> <em>crit or not , with dry skin you wasn't able to beat me</em></div><div class="chat chatmessage-68u57"><strong style="color:hsl(106,53%,33%)"><small>☆</small><span class="username" data-name="68u57">68u57</span>:</strong> <em>?</em></div><div class="spacer battle-history"><br></div><div class="battle-history">Galvantula used <strong>Volt Switch</strong>!<br></div><div class="battle-history"><small>(The opposing Toxicroak lost <abbr title="−175/370">47.3%</abbr> of its health!)</small><br></div><div class="battle-history"><small>Galvantula lost some of its HP!</small><br></div><div class="spacer battle-history"><br></div><div class="battle-history">The opposing Toxicroak fainted!<br></div><div class="chat chatmessage-68u57"><strong style="color:hsl(106,53%,33%)"><small>☆</small><span class="username" data-name="68u57">68u57</span>:</strong> <em>dragon pulse</em></div><div class="chat chatmessage-68u57"><strong style="color:hsl(106,53%,33%)"><small>☆</small><span class="username" data-name="68u57">68u57</span>:</strong> <em>lul</em></div><div class="spacer battle-history"><br></div><div class="battle-history">Galvantula went back to 68u57!<br></div><div class="battle-history">Go! <strong>Infernape</strong>!<br></div><div class="spacer battle-history"><br></div><div class="battle-history">Monstergeek sent out <strong>Mantine</strong>!<br></div><div class="battle-history"><small>Pointed stones dug into the opposing Mantine!</small><br></div><div class="spacer battle-history"><br></div><h2 class="battle-history">Turn 14</h2><div class="spacer battle-history"><br></div><div class="battle-history">Infernape used <strong>Flare Blitz</strong>!<br></div><div class="battle-history"><small>It's not very effective...</small><br></div><div class="battle-history"><small>(The opposing Mantine lost <abbr title="−44/271">16.2%</abbr> of its health!)</small><br></div><div class="battle-history"><small>Infernape is damaged by the recoil!</small><br></div><div class="battle-history"><small>Infernape lost some of its HP!</small><br></div><div class="spacer battle-history"><br></div><div class="battle-history">The opposing Mantine fainted!<br></div><div class="spacer battle-history"><br></div><div class="battle-history">Monstergeek sent out <strong>Omastar</strong>!<br></div><div class="battle-history"><small>The opposing Omastar is hurt by the spikes!</small><br></div><div class="battle-history"><small>Pointed stones dug into the opposing Omastar!</small><br></div><div class="spacer battle-history"><br></div><h2 class="battle-history">Turn 15</h2><div class="chat chatmessage-68u57"><strong style="color:hsl(106,53%,33%)"><small>☆</small><span class="username" data-name="68u57">68u57</span>:</strong> <em>gg</em></div><div class="chat chatmessage-monstergeek"><strong style="color:hsl(101,44%,34.06120433126532%)"><small>☆</small><span class="username" data-name="Monstergeek">Monstergeek</span>:</strong> <em>è_é no choice then</em></div><div class="chat chatmessage-68u57"><strong style="color:hsl(106,53%,33%)"><small>☆</small><span class="username" data-name="68u57">68u57</span>:</strong> <em>xd</em></div><div class="spacer battle-history"><br></div><div class="battle-history">Infernape used <strong>Close Combat</strong>!<br></div><div class="battle-history"><small>It's super effective!</small><br></div><div class="battle-history"><small>(The opposing Omastar lost <abbr title="−211/281">75.1%</abbr> of its health!)</small><br></div><div class="battle-history"><small>Infernape's Defense fell!</small><br></div><div class="battle-history"><small>Infernape's Special Defense fell!</small><br></div><div class="battle-history"><small>Infernape lost some of its HP!</small><br></div><div class="spacer battle-history"><br></div><div class="battle-history">The opposing Omastar fainted!<br></div><div class="spacer battle-history"><br></div><div class="battle-history">Monstergeek sent out <strong>Beartic</strong>!<br></div><div class="battle-history"><small>The opposing Beartic is hurt by the spikes!</small><br></div><div class="battle-history"><small>Pointed stones dug into the opposing Beartic!</small><br></div><div class="spacer battle-history"><br></div><h2 class="battle-history">Turn 16</h2><div class="spacer battle-history"><br></div><div class="battle-history">Infernape used <strong>Close Combat</strong>!<br></div><div class="battle-history"><small>It's super effective!</small><br></div><div class="battle-history"><small>(The opposing Beartic lost <abbr title="−126/331">38.1%</abbr> of its health!)</small><br></div><div class="battle-history"><small>Infernape's Defense fell!</small><br></div><div class="battle-history"><small>Infernape's Special Defense fell!</small><br></div><div class="battle-history"><small>Infernape lost some of its HP!</small><br></div><div class="spacer battle-history"><br></div><div class="battle-history">The opposing Beartic fainted!<br></div><div class="spacer battle-history"><br></div><div class="battle-history"><strong>68u57</strong> won the battle!<br></div><div class="chat">68u57's rating: 1000 → <strong>1052</strong><br>(+52 for winning)</div><div class="chat">Monstergeek's rating: 1106 → <strong>1074</strong><br>(-32 for losing)</div></div><div class="inner-preempt"></div></div></div>
</div>
<script>
let daily = Math.floor(Date.now()/1000/60/60/24);document.write('<script src="https://play.pokemonshowdown.com/js/replay-embed.js?version'+daily+'"></'+'script>');
</script>
