<!DOCTYPE html>
<meta charset="utf-8" />
<!-- version 1 -->
<title>UU replay: sniper vs. a sparrow</title>
<style>
html,body {font-family:Verdana, sans-serif;font-size:10pt;margin:0;padding:0;}body{padding:12px 0;} .battle-log {font-family:Verdana, sans-serif;font-size:10pt;} .battle-log-inline {border:1px solid #AAAAAA;background:#EEF2F5;color:black;max-width:640px;margin:0 auto 80px;padding-bottom:5px;} .battle-log .inner {padding:4px 8px 0px 8px;} .battle-log .inner-preempt {padding:0 8px 4px 8px;} .battle-log .inner-after {margin-top:0.5em;} .battle-log h2 {margin:0.5em -8px;padding:4px 8px;border:1px solid #AAAAAA;background:#E0E7EA;border-left:0;border-right:0;font-family:Verdana, sans-serif;font-size:13pt;} .battle-log .chat {vertical-align:middle;padding:3px 0 3px 0;font-size:8pt;} .battle-log .chat strong {color:#40576A;} .battle-log .chat em {padding:1px 4px 1px 3px;color:#000000;font-style:normal;} .chat.mine {background:rgba(0,0,0,0.05);margin-left:-8px;margin-right:-8px;padding-left:8px;padding-right:8px;} .spoiler {color:#BBBBBB;background:#BBBBBB;padding:0px 3px;} .spoiler:hover, .spoiler:active, .spoiler-shown {color:#000000;background:#E2E2E2;padding:0px 3px;} .spoiler a {color:#BBBBBB;} .spoiler:hover a, .spoiler:active a, .spoiler-shown a {color:#2288CC;} .chat code, .chat .spoiler:hover code, .chat .spoiler:active code, .chat .spoiler-shown code {border:1px solid #C0C0C0;background:#EEEEEE;color:black;padding:0 2px;} .chat .spoiler code {border:1px solid #CCCCCC;background:#CCCCCC;color:#CCCCCC;} .battle-log .rated {padding:3px 4px;} .battle-log .rated strong {color:white;background:#89A;padding:1px 4px;border-radius:4px;} .spacer {margin-top:0.5em;} .message-announce {background:#6688AA;color:white;padding:1px 4px 2px;} .message-announce a, .broadcast-green a, .broadcast-blue a, .broadcast-red a {color:#DDEEFF;} .broadcast-green {background-color:#559955;color:white;padding:2px 4px;} .broadcast-blue {background-color:#6688AA;color:white;padding:2px 4px;} .infobox {border:1px solid #6688AA;padding:2px 4px;} .infobox-limited {max-height:200px;overflow:auto;overflow-x:hidden;} .broadcast-red {background-color:#AA5544;color:white;padding:2px 4px;} .message-learn-canlearn {font-weight:bold;color:#228822;text-decoration:underline;} .message-learn-cannotlearn {font-weight:bold;color:#CC2222;text-decoration:underline;} .message-effect-weak {font-weight:bold;color:#CC2222;} .message-effect-resist {font-weight:bold;color:#6688AA;} .message-effect-immune {font-weight:bold;color:#666666;} .message-learn-list {margin-top:0;margin-bottom:0;} .message-throttle-notice, .message-error {color:#992222;} .message-overflow, .chat small.message-overflow {font-size:0pt;} .message-overflow::before {font-size:9pt;content:'...';} .subtle {color:#3A4A66;}
</style>
<div class="wrapper replay-wrapper" style="max-width:1180px;margin:0 auto">
<input type="hidden" name="replayid" value="uu-558846564" />
<div class="battle"></div><div class="battle-log"></div><div class="replay-controls"></div><div class="replay-controls-2"></div>
<h1 style="font-weight:normal;text-align:center"><strong>UU</strong><br /><a href="http://pokemonshowdown.com/users/sniper" class="subtle" target="_blank">sniper</a> vs. <a href="http://pokemonshowdown.com/users/asparrow" class="subtle" target="_blank">a sparrow</a></h1>
<script type="text/plain" class="battle-log-data">|j|sniper
|j|a sparrow
|player|p1|sniper|173
|player|p2|a sparrow|141
|gametype|singles
|gen|6
|tier|UU
|seed|64314,48078,40841,2587
|rule|Sleep Clause Mod: Limit one foe put to sleep
|rule|Species Clause: Limit one of each Pokémon
|rule|OHKO Clause: OHKO moves are banned
|rule|Moody Clause: Moody is banned
|rule|Evasion Moves Clause: Evasion moves are banned
|rule|Endless Battle Clause: Forcing endless battles is banned
|rule|HP Percentage Mod: HP is shown in percentages
|clearpoke
|poke|p1|Gardevoir, F|item
|poke|p1|Hydreigon, F|item
|poke|p1|Doublade, F|item
|poke|p1|Swampert, M|item
|poke|p1|Tentacruel, F|item
|poke|p1|Blissey, F|item
|poke|p2|Forretress, F|item
|poke|p2|Sceptile, F|item
|poke|p2|Sylveon, M|item
|poke|p2|Blissey, F|item
|poke|p2|Krookodile, M|item
|poke|p2|Gyarados, M, shiny|item
|rule|Swagger Clause: Swagger is banned
|rule|Baton Pass Clause: Limit one Baton Passer, can't pass Spe and other stats simultaneously
|teampreview
|c|☆a sparrow|aw yeah
|j|cappino
|c|☆sniper|Had to bring blissey too
|c|☆a sparrow|the fattest of blobs
|c| cappino|http:\/\/i.imgur.com\/WzvJ33f.gifv
|c| cappino|have a bird
|j|Attack on Dragons
|choice|team 4, team 2, team 3, team 1, team 5, team 6|team 4, team 2, team 3, team 1, team 5, team 6
|
|start
|switch|p1a: Swampert|Swampert, M|404\/404
|switch|p2a: Blissey|Blissey, F|713\/713
|turn|1
|j|hogg
|c|☆sniper|Lmaooo
|choice|move stealthrock mega|move stealthrock
|
|detailschange|p1a: Swampert|Swampert-Mega, M
|-mega|p1a: Swampert|Swampert|Swampertite
|move|p2a: Blissey|Stealth Rock|p1a: Swampert
|-sidestart|p1: sniper|move: Stealth Rock
|move|p1a: Swampert|Stealth Rock|p2a: Blissey
|-sidestart|p2: a sparrow|move: Stealth Rock
|
|upkeep
|turn|2
|choice|switch 3|move softboiled
|
|switch|p1a: Doublade|Doublade, F|321\/321
|-damage|p1a: Doublade|301\/321|[from] Stealth Rock
|move|p2a: Blissey|Soft-Boiled|p2a: Blissey
|-fail|p2a: Blissey
|
|upkeep
|turn|3
|choice|move sacredsword|move thunderwave
|
|move|p2a: Blissey|Thunder Wave|p1a: Doublade
|-status|p1a: Doublade|par
|move|p1a: Doublade|Sacred Sword|p2a: Blissey
|-supereffective|p2a: Blissey
|-damage|p2a: Blissey|313\/713
|
|-heal|p2a: Blissey|357\/713|[from] item: Leftovers
|upkeep
|turn|4
|choice|move swordsdance|move softboiled
|
|move|p2a: Blissey|Soft-Boiled|p2a: Blissey
|-heal|p2a: Blissey|713\/713
|move|p1a: Doublade|Swords Dance|p1a: Doublade
|-boost|p1a: Doublade|atk|2
|
|upkeep
|turn|5
|choice|move shadowclaw|switch 6
|
|switch|p2a: Gyarados|Gyarados, M, shiny|393\/393
|-damage|p2a: Gyarados|295\/393|[from] Stealth Rock
|-ability|p2a: Gyarados|Intimidate|boost
|-unboost|p1a: Doublade|atk|1
|cant|p1a: Doublade|par
|
|-heal|p2a: Gyarados|319\/393|[from] item: Leftovers
|upkeep
|turn|6
|choice|move sacredsword|move roar
|
|cant|p1a: Doublade|par
|move|p2a: Gyarados|Roar|p1a: Doublade
|drag|p1a: Hydreigon|Hydreigon, F|325\/325
|-damage|p1a: Hydreigon|285\/325|[from] Stealth Rock
|
|-heal|p2a: Gyarados|343\/393|[from] item: Leftovers
|upkeep
|turn|7
|l|Attack on Dragons
|c|☆sniper|Oh
|c|☆sniper|My
|c|☆sniper|God
|c|☆a sparrow|ez.
|c|☆a sparrow|hax
|c|☆a sparrow|is real
|choice|switch 5|move thunderwave
|
|switch|p1a: Tentacruel|Tentacruel, F|361\/361
|-damage|p1a: Tentacruel|316\/361|[from] Stealth Rock
|move|p2a: Gyarados|Thunder Wave|p1a: Tentacruel
|-status|p1a: Tentacruel|par
|
|-heal|p2a: Gyarados|367\/393|[from] item: Leftovers
|-heal|p1a: Tentacruel|338\/361 par|[from] item: Black Sludge
|upkeep
|turn|8
|choice|move toxicspikes|switch 5
|
|switch|p2a: Krookodile|Krookodile, M|331\/331
|-damage|p2a: Krookodile|311\/331|[from] Stealth Rock
|-ability|p2a: Krookodile|Intimidate|boost
|-unboost|p1a: Tentacruel|atk|1
|move|p1a: Tentacruel|Toxic Spikes|p2a: Krookodile
|-sidestart|p2: a sparrow|move: Toxic Spikes
|
|-heal|p1a: Tentacruel|360\/361 par|[from] item: Black Sludge
|upkeep
|turn|9
|choice|switch 3|move pursuit
|
|-activate|p1a: Tentacruel|move: Pursuit
|move|p2a: Krookodile|Pursuit|p1a: Tentacruel|[from]Pursuit
|-damage|p1a: Tentacruel|131\/361 par
|switch|p1a: Swampert|Swampert-Mega, M|404\/404
|-damage|p1a: Swampert|379\/404|[from] Stealth Rock
|
|upkeep
|turn|10
|choice|move roar|switch 4
|
|switch|p2a: Forretress|Forretress, F|353\/353
|-damage|p2a: Forretress|309\/353|[from] Stealth Rock
|move|p1a: Swampert|Roar|p2a: Forretress
|drag|p2a: Gyarados|Gyarados, M, shiny|367\/393
|-damage|p2a: Gyarados|269\/393|[from] Stealth Rock
|-ability|p2a: Gyarados|Intimidate|boost
|-unboost|p1a: Swampert|atk|1
|
|-heal|p2a: Gyarados|293\/393|[from] item: Leftovers
|upkeep
|turn|11
|choice|move scald|move roar
|
|move|p1a: Swampert|Scald|p2a: Gyarados
|-resisted|p2a: Gyarados
|-damage|p2a: Gyarados|248\/393
|move|p2a: Gyarados|Roar|p1a: Swampert
|drag|p1a: Blissey|Blissey, F|714\/714
|-damage|p1a: Blissey|625\/714|[from] Stealth Rock
|
|-heal|p2a: Gyarados|272\/393|[from] item: Leftovers
|-heal|p1a: Blissey|669\/714|[from] item: Leftovers
|upkeep
|turn|12
|choice|move healbell|switch 5
|
|switch|p2a: Forretress|Forretress, F|309\/353
|-damage|p2a: Forretress|265\/353|[from] Stealth Rock
|move|p1a: Blissey|Heal Bell|p1a: Blissey
|-activate|p1a: Blissey|move: Heal Bell
|-curestatus|p1: Doublade|par|[msg]
|-curestatus|p1: Tentacruel|par|[msg]
|
|-heal|p1a: Blissey|713\/714|[from] item: Leftovers
|-heal|p2a: Forretress|287\/353|[from] item: Leftovers
|upkeep
|turn|13
|choice|switch 2|move earthquake
|
|switch|p1a: Doublade|Doublade, F|301\/321
|-damage|p1a: Doublade|281\/321|[from] Stealth Rock
|move|p2a: Forretress|Earthquake|p1a: Doublade
|-supereffective|p1a: Doublade
|-damage|p1a: Doublade|207\/321
|
|-heal|p2a: Forretress|309\/353|[from] item: Leftovers
|upkeep
|turn|14
|j|Nightingales
|choice|move sacredsword|move spikes
|
|move|p2a: Forretress|Spikes|p1a: Doublade
|-sidestart|p1: sniper|Spikes
|move|p1a: Doublade|Sacred Sword|p2a: Forretress
|-damage|p2a: Forretress|235\/353
|
|-heal|p2a: Forretress|257\/353|[from] item: Leftovers
|upkeep
|turn|15
|choice|move swordsdance|switch 4
|
|switch|p2a: Krookodile|Krookodile, M|311\/331
|-status|p2a: Krookodile|psn
|-damage|p2a: Krookodile|291\/331 psn|[from] Stealth Rock
|-ability|p2a: Krookodile|Intimidate|boost
|-unboost|p1a: Doublade|atk|1
|move|p1a: Doublade|Swords Dance|p1a: Doublade
|-boost|p1a: Doublade|atk|2
|
|-damage|p2a: Krookodile|250\/331 psn|[from] psn
|upkeep
|turn|16
|choice|switch 6|move knockoff
|
|switch|p1a: Swampert|Swampert-Mega, M|379\/404
|-damage|p1a: Swampert|329\/404|[from] Spikes
|-damage|p1a: Swampert|304\/404|[from] Stealth Rock
|move|p2a: Krookodile|Knock Off|p1a: Swampert
|-crit|p1a: Swampert
|-damage|p1a: Swampert|135\/404
|
|-damage|p2a: Krookodile|209\/331 psn|[from] psn
|upkeep
|turn|17
|choice|move scald|switch 4
|
|switch|p2a: Forretress|Forretress, F|257\/353
|-damage|p2a: Forretress|213\/353|[from] Stealth Rock
|move|p1a: Swampert|Scald|p2a: Forretress
|-damage|p2a: Forretress|110\/353
|
|-heal|p2a: Forretress|132\/353|[from] item: Leftovers
|upkeep
|turn|18
|choice|move scald|move earthquake
|
|move|p1a: Swampert|Scald|p2a: Forretress
|-damage|p2a: Forretress|29\/353
|-status|p2a: Forretress|brn
|move|p2a: Forretress|Earthquake|p1a: Swampert
|-damage|p1a: Swampert|111\/404
|
|-heal|p2a: Forretress|51\/353 brn|[from] item: Leftovers
|-damage|p2a: Forretress|7\/353 brn|[from] brn
|upkeep
|turn|19
|choice|move scald|move earthquake
|
|move|p1a: Swampert|Scald|p2a: Forretress
|-damage|p2a: Forretress|0 fnt
|faint|p2a: Forretress
|
|upkeep
|choice||switch 2
|
|switch|p2a: Sceptile|Sceptile, F|250\/250
|-damage|p2a: Sceptile|219\/250|[from] Stealth Rock
|-status|p2a: Sceptile|psn
|turn|20
|choice|switch 2|move leechseed mega
|
|switch|p1a: Blissey|Blissey, F|713\/714
|-damage|p1a: Blissey|624\/714|[from] Spikes
|-damage|p1a: Blissey|535\/714|[from] Stealth Rock
|detailschange|p2a: Sceptile|Sceptile-Mega, F
|-mega|p2a: Sceptile|Sceptile|Sceptilite
|move|p2a: Sceptile|Leech Seed|p1a: Blissey
|-start|p1a: Blissey|move: Leech Seed
|
|-heal|p1a: Blissey|579\/714|[from] item: Leftovers
|-damage|p1a: Blissey|490\/714|[from] Leech Seed|[of] p2a: Sceptile
|-heal|p2a: Sceptile|250\/250 psn|[silent]
|-damage|p2a: Sceptile|219\/250 psn|[from] psn
|upkeep
|turn|21
|choice|move wish|move substitute
|
|move|p2a: Sceptile|Substitute|p2a: Sceptile
|-start|p2a: Sceptile|Substitute
|-damage|p2a: Sceptile|157\/250 psn
|move|p1a: Blissey|Wish|p1a: Blissey
|
|-heal|p1a: Blissey|534\/714|[from] item: Leftovers
|-damage|p1a: Blissey|445\/714|[from] Leech Seed|[of] p2a: Sceptile
|-heal|p2a: Sceptile|246\/250 psn|[silent]
|-damage|p2a: Sceptile|215\/250 psn|[from] psn
|upkeep
|turn|22
|choice|switch 6|move gigadrain
|
|switch|p1a: Doublade|Doublade, F|207\/321
|-damage|p1a: Doublade|167\/321|[from] Spikes
|-damage|p1a: Doublade|147\/321|[from] Stealth Rock
|move|p2a: Sceptile|Giga Drain|p1a: Doublade
|-resisted|p1a: Doublade
|-damage|p1a: Doublade|60\/321
|-heal|p2a: Sceptile|250\/250 psn|[from] drain|[of] p1a: Doublade
|
|-heal|p1a: Doublade|321\/321|[from] move: Wish|[wisher] Blissey
|-damage|p2a: Sceptile|219\/250 psn|[from] psn
|upkeep
|turn|23
|c| Nightingales|Is this s
|c| Nightingales|ohnmy god
|choice|move sacredsword|move leechseed
|
|move|p2a: Sceptile|Leech Seed|p1a: Doublade
|-start|p1a: Doublade|move: Leech Seed
|move|p1a: Doublade|Sacred Sword|p2a: Sceptile
|-end|p2a: Sceptile|Substitute
|
|-damage|p1a: Doublade|281\/321|[from] Leech Seed|[of] p2a: Sceptile
|-heal|p2a: Sceptile|250\/250 psn|[silent]
|-damage|p2a: Sceptile|219\/250 psn|[from] psn
|upkeep
|turn|24
|choice|move sacredsword|move substitute
|
|move|p2a: Sceptile|Substitute|p2a: Sceptile
|-start|p2a: Sceptile|Substitute
|-damage|p2a: Sceptile|157\/250 psn
|move|p1a: Doublade|Sacred Sword|p2a: Sceptile
|-end|p2a: Sceptile|Substitute
|
|-damage|p1a: Doublade|241\/321|[from] Leech Seed|[of] p2a: Sceptile
|-heal|p2a: Sceptile|197\/250 psn|[silent]
|-damage|p2a: Sceptile|166\/250 psn|[from] psn
|upkeep
|turn|25
|c| Nightingales|Sparrow where's the grassy terrain
|choice|move shadowsneak|switch 5
|
|switch|p2a: Gyarados|Gyarados, M, shiny|272\/393
|-damage|p2a: Gyarados|174\/393|[from] Stealth Rock
|-ability|p2a: Gyarados|Intimidate|boost
|-unboost|p1a: Doublade|atk|1
|move|p1a: Doublade|Shadow Sneak|p2a: Gyarados
|-crit|p2a: Gyarados
|-damage|p2a: Gyarados|87\/393
|
|-heal|p2a: Gyarados|111\/393|[from] item: Leftovers
|-damage|p1a: Doublade|201\/321|[from] Leech Seed|[of] p2a: Gyarados
|-heal|p2a: Gyarados|151\/393|[silent]
|upkeep
|turn|26
|choice|switch 5|move thunderwave
|
|switch|p1a: Hydreigon|Hydreigon, F|285\/325
|-damage|p1a: Hydreigon|245\/325|[from] Stealth Rock
|move|p2a: Gyarados|Thunder Wave|p1a: Hydreigon
|-status|p1a: Hydreigon|par
|
|-heal|p2a: Gyarados|175\/393|[from] item: Leftovers
|upkeep
|turn|27
|choice|move dracometeor|move waterfall
|
|move|p2a: Gyarados|Waterfall|p1a: Hydreigon
|-resisted|p1a: Hydreigon
|-damage|p1a: Hydreigon|182\/325 par
|move|p1a: Hydreigon|Draco Meteor|p2a: Gyarados
|-damage|p2a: Gyarados|0 fnt
|-unboost|p1a: Hydreigon|spa|2
|-damage|p1a: Hydreigon|150\/325 par|[from] item: Life Orb
|faint|p2a: Gyarados
|
|upkeep
|choice||switch 3
|
|switch|p2a: Sylveon|Sylveon, M|393\/393
|-status|p2a: Sylveon|psn
|-damage|p2a: Sylveon|344\/393 psn|[from] Stealth Rock
|turn|28
|choice|switch 6|move calmmind
|
|switch|p1a: Blissey|Blissey, F|445\/714
|-damage|p1a: Blissey|356\/714|[from] Stealth Rock
|-damage|p1a: Blissey|267\/714|[from] Spikes
|move|p2a: Sylveon|Calm Mind|p2a: Sylveon
|-boost|p2a: Sylveon|spa|1
|-boost|p2a: Sylveon|spd|1
|
|-heal|p2a: Sylveon|368\/393 psn|[from] item: Leftovers
|-heal|p1a: Blissey|311\/714|[from] item: Leftovers
|-damage|p2a: Sylveon|319\/393 psn|[from] psn
|upkeep
|turn|29
|choice|move wish|move calmmind
|
|move|p2a: Sylveon|Calm Mind|p2a: Sylveon
|-boost|p2a: Sylveon|spa|1
|-boost|p2a: Sylveon|spd|1
|move|p1a: Blissey|Wish|p1a: Blissey
|
|-heal|p2a: Sylveon|343\/393 psn|[from] item: Leftovers
|-heal|p1a: Blissey|355\/714|[from] item: Leftovers
|-damage|p2a: Sylveon|294\/393 psn|[from] psn
|upkeep
|turn|30
|choice|move seismictoss|move hypervoice
|
|move|p2a: Sylveon|Hyper Voice|p1a: Blissey
|-damage|p1a: Blissey|136\/714
|move|p1a: Blissey|Seismic Toss|p2a: Sylveon
|-damage|p2a: Sylveon|194\/393 psn
|
|-heal|p1a: Blissey|493\/714|[from] move: Wish|[wisher] Blissey
|-heal|p2a: Sylveon|218\/393 psn|[from] item: Leftovers
|-heal|p1a: Blissey|537\/714|[from] item: Leftovers
|-damage|p2a: Sylveon|169\/393 psn|[from] psn
|upkeep
|turn|31
|choice|move seismictoss|move calmmind
|
|move|p2a: Sylveon|Calm Mind|p2a: Sylveon
|-boost|p2a: Sylveon|spa|1
|-boost|p2a: Sylveon|spd|1
|move|p1a: Blissey|Seismic Toss|p2a: Sylveon
|-damage|p2a: Sylveon|69\/393 psn
|
|-heal|p2a: Sylveon|93\/393 psn|[from] item: Leftovers
|-heal|p1a: Blissey|581\/714|[from] item: Leftovers
|-damage|p2a: Sylveon|44\/393 psn|[from] psn
|upkeep
|turn|32
|choice|move seismictoss|move rest
|
|move|p2a: Sylveon|Rest|p2a: Sylveon
|-status|p2a: Sylveon|slp
|-heal|p2a: Sylveon|393\/393 slp|[silent]
|-status|p2a: Sylveon|slp|[from] move: Rest
|move|p1a: Blissey|Seismic Toss|p2a: Sylveon
|-damage|p2a: Sylveon|293\/393 slp
|
|-heal|p2a: Sylveon|317\/393 slp|[from] item: Leftovers
|-heal|p1a: Blissey|625\/714|[from] item: Leftovers
|upkeep
|turn|33
|choice|move wish|move snore
|
|cant|p2a: Sylveon|slp
|move|p2a: Sylveon|Snore|p1a: Blissey
|-damage|p1a: Blissey|475\/714
|move|p1a: Blissey|Wish|p1a: Blissey
|
|-heal|p2a: Sylveon|341\/393 slp|[from] item: Leftovers
|-heal|p1a: Blissey|519\/714|[from] item: Leftovers
|upkeep
|turn|34
|choice|switch 5|move snore
|
|switch|p1a: Doublade|Doublade, F|201\/321
|-damage|p1a: Doublade|181\/321|[from] Stealth Rock
|-damage|p1a: Doublade|141\/321|[from] Spikes
|cant|p2a: Sylveon|slp
|move|p2a: Sylveon|Snore|p1a: Doublade
|-resisted|p1a: Doublade
|-damage|p1a: Doublade|27\/321
|
|-heal|p1a: Doublade|321\/321|[from] move: Wish|[wisher] Blissey
|-heal|p2a: Sylveon|365\/393 slp|[from] item: Leftovers
|upkeep
|turn|35
|j|Applaud
|choice|move swordsdance|move hypervoice
|
|-curestatus|p2a: Sylveon|slp|[msg]
|move|p2a: Sylveon|Hyper Voice|p1a: Doublade
|-resisted|p1a: Doublade
|-damage|p1a: Doublade|86\/321
|move|p1a: Doublade|Swords Dance|p1a: Doublade
|-boost|p1a: Doublade|atk|2
|
|-heal|p2a: Sylveon|389\/393|[from] item: Leftovers
|upkeep
|turn|36
|c|☆a sparrow|gottem
|choice|move shadowsneak|move hypervoice
|
|move|p1a: Doublade|Shadow Sneak|p2a: Sylveon
|-damage|p2a: Sylveon|202\/393
|move|p2a: Sylveon|Hyper Voice|p1a: Doublade
|-resisted|p1a: Doublade
|-damage|p1a: Doublade|0 fnt
|faint|p1a: Doublade
|
|-heal|p2a: Sylveon|226\/393|[from] item: Leftovers
|upkeep
|choice|switch 4|
|
|switch|p1a: Gardevoir|Gardevoir, F|277\/277
|-damage|p1a: Gardevoir|243\/277|[from] Spikes
|-damage|p1a: Gardevoir|209\/277|[from] Stealth Rock
|-ability|p1a: Gardevoir|Pixilate|[from] ability: Trace|[of] p2a: Sylveon
|turn|37
|choice|move psyshock|move hypervoice
|
|move|p1a: Gardevoir|Psyshock|p2a: Sylveon
|-damage|p2a: Sylveon|0 fnt
|faint|p2a: Sylveon
|
|upkeep
|c|☆a sparrow|specs
|c|☆a sparrow|shit
|choice||switch 4
|
|switch|p2a: Krookodile|Krookodile, M|209\/331 psn
|-damage|p2a: Krookodile|189\/331 psn|[from] Stealth Rock
|-ability|p2a: Krookodile|Intimidate|boost
|-unboost|p1a: Gardevoir|atk|1
|turn|38
|choice|move psyshock|move pursuit
|
|move|p2a: Krookodile|Pursuit|p1a: Gardevoir
|-damage|p1a: Gardevoir|64\/277
|move|p1a: Gardevoir|Psyshock|p2a: Krookodile
|-immune|p2a: Krookodile|[msg]
|
|-damage|p2a: Krookodile|148\/331 psn|[from] psn
|upkeep
|turn|39
|c| Nightingales|Reveal pixie plate
|c|☆sniper|Mmm more poison damage
|choice|move psyshock|move pursuit
|
|move|p2a: Krookodile|Pursuit|p1a: Gardevoir
|-damage|p1a: Gardevoir|0 fnt
|faint|p1a: Gardevoir
|
|-damage|p2a: Krookodile|107\/331 psn|[from] psn
|upkeep
|choice|switch 5|
|
|switch|p1a: Blissey|Blissey, F|519\/714
|-damage|p1a: Blissey|430\/714|[from] Spikes
|-damage|p1a: Blissey|341\/714|[from] Stealth Rock
|turn|40
|choice|move healbell|switch 5
|
|switch|p2a: Sceptile|Sceptile-Mega, F|166\/250 psn
|-damage|p2a: Sceptile|135\/250 psn|[from] Stealth Rock
|move|p1a: Blissey|Heal Bell|p1a: Blissey
|-activate|p1a: Blissey|move: Heal Bell
|-curestatus|p1: Hydreigon|par|[msg]
|
|-heal|p1a: Blissey|385\/714|[from] item: Leftovers
|-damage|p2a: Sceptile|104\/250 psn|[from] psn
|upkeep
|turn|41
|choice|move protect|move leechseed
|
|move|p1a: Blissey|Protect|p1a: Blissey
|-singleturn|p1a: Blissey|Protect
|move|p2a: Sceptile|Leech Seed|p1a: Blissey
|-activate|p1a: Blissey|move: Protect
|
|-heal|p1a: Blissey|429\/714|[from] item: Leftovers
|-damage|p2a: Sceptile|73\/250 psn|[from] psn
|upkeep
|turn|42
|choice|switch 3|move leechseed
|
|switch|p1a: Tentacruel|Tentacruel, F|131\/361
|-damage|p1a: Tentacruel|86\/361|[from] Spikes
|-damage|p1a: Tentacruel|41\/361|[from] Stealth Rock
|move|p2a: Sceptile|Leech Seed|p1a: Tentacruel
|-start|p1a: Tentacruel|move: Leech Seed
|
|-heal|p1a: Tentacruel|63\/361|[from] item: Black Sludge
|-damage|p1a: Tentacruel|18\/361|[from] Leech Seed|[of] p2a: Sceptile
|-damage|p2a: Sceptile|28\/250 psn|[from] ability: Liquid Ooze|[of] p1a: Tentacruel
|-damage|p2a: Sceptile|0 fnt|[from] psn
|upkeep
|faint|p2a: Sceptile
|c|☆a sparrow|nb
|c|☆a sparrow|gg mate
|c|☆a sparrow|was fun
|-message|a sparrow forfeited.
|
|win|sniper
|l|cappino
|c|☆sniper|Gg
|l|a sparrow
|l|Applaud
|l|sniper</script>
</div>
<div class="battle-log battle-log-inline"><div class="inner"><div class="battle-options"></div><div class="inner"><div class="chat"><small>sniper joined.</small></div><div class="chat"><small>a sparrow joined.</small></div><div class=""><small>Format:</small> <br><strong>UU</strong></div><div class=""><small><em>Sleep Clause Mod:</em> Limit one foe put to sleep</small></div><div class=""><small><em>Species Clause:</em> Limit one of each Pokémon</small></div><div class=""><small><em>OHKO Clause:</em> OHKO moves are banned</small></div><div class=""><small><em>Moody Clause:</em> Moody is banned</small></div><div class=""><small><em>Evasion Moves Clause:</em> Evasion moves are banned</small></div><div class=""><small><em>Endless Battle Clause:</em> Forcing endless battles is banned</small></div><div class=""><small><em>HP Percentage Mod:</em> HP is shown in percentages</small></div><div class=""><small><em>Swagger Clause:</em> Swagger is banned</small></div><div class=""><small><em>Baton Pass Clause:</em> Limit one Baton Passer, can't pass Spe and other stats simultaneously</small></div><div class="chat battle-history"><strong>sniper's team:</strong> <em style="color:#445566;display:block;">Gardevoir / Hydreigon / Doublade / Swampert / Tentacruel / Blissey</em></div><div class="chat battle-history"><strong>a sparrow's team:</strong> <em style="color:#445566;display:block;">Forretress / Sceptile / Sylveon / Blissey / Krookodile / Gyarados</em></div><div class="chat chatmessage-asparrow"><strong style="color:hsl(88,64%,38%)"><small>☆</small><span class="username" data-name="a sparrow">a sparrow</span>:</strong> <em>aw yeah</em></div><div class="chat"><small>cappino joined.</small></div><div class="chat chatmessage-sniper"><strong style="color:hsl(345,47%,49%)"><small>☆</small><span class="username" data-name="sniper">sniper</span>:</strong> <em>Had to bring blissey too</em></div><div class="chat chatmessage-asparrow"><strong style="color:hsl(88,64%,38%)"><small>☆</small><span class="username" data-name="a sparrow">a sparrow</span>:</strong> <em>the fattest of blobs</em></div><div class="chat chatmessage-cappino"><strong style="color:hsl(115,84%,35.7677783173876%)"><small> </small><span class="username" data-name="cappino">cappino</span>:</strong> <em><a href="http://i.imgur.com/WzvJ33f.gifv" rel="noopener" target="_blank">http://i.imgur.com/WzvJ33f.gifv</a></em></div><div class="chat chatmessage-cappino"><strong style="color:hsl(115,84%,35.7677783173876%)"><small> </small><span class="username" data-name="cappino">cappino</span>:</strong> <em>have a bird</em></div><div class="chat"><small>Attack on Dragons joined.</small></div><div class="spacer battle-history"><br></div><div class="battle-history">Battle started between sniper and a sparrow!<br></div><div class="spacer battle-history"><br></div><div class="battle-history">Go! <strong>Swampert</strong>!<br></div><div class="spacer battle-history"><br></div><div class="battle-history">a sparrow sent out <strong>Blissey</strong>!<br></div><div class="spacer battle-history"><br></div><h2 class="battle-history">Turn 1</h2><div class="chat"><small>hogg joined.</small></div><div class="chat chatmessage-sniper"><strong style="color:hsl(345,47%,49%)"><small>☆</small><span class="username" data-name="sniper">sniper</span>:</strong> <em>Lmaooo</em></div><div class="spacer battle-history"><br></div><div class="battle-history"><small>Swampert's Swampertite is reacting to sniper's Mega Bracelet!</small><br>Swampert has Mega Evolved into Mega Swampert!<br></div><div class="spacer battle-history"><br></div><div class="battle-history">The opposing Blissey used <strong>Stealth Rock</strong>!<br></div><div class="battle-history"><small>Pointed stones float in the air around your team!</small><br></div><div class="spacer battle-history"><br></div><div class="battle-history">Swampert used <strong>Stealth Rock</strong>!<br></div><div class="battle-history"><small>Pointed stones float in the air around the opposing team!</small><br></div><div class="spacer battle-history"><br></div><h2 class="battle-history">Turn 2</h2><div class="spacer battle-history"><br></div><div class="battle-history">Swampert, come back!<br></div><div class="battle-history">Go! <strong>Doublade</strong>!<br></div><div class="battle-history"><small>Pointed stones dug into Doublade!</small><br></div><div class="spacer battle-history"><br></div><div class="battle-history">The opposing Blissey used <strong>Soft-Boiled</strong>!<br></div><div class="battle-history"><small>But it failed!</small><br></div><div class="spacer battle-history"><br></div><h2 class="battle-history">Turn 3</h2><div class="spacer battle-history"><br></div><div class="battle-history">The opposing Blissey used <strong>Thunder Wave</strong>!<br></div><div class="battle-history"><small>Doublade is paralyzed! It may be unable to move!</small><br></div><div class="spacer battle-history"><br></div><div class="battle-history">Doublade used <strong>Sacred Sword</strong>!<br></div><div class="battle-history"><small>It's super effective!</small><br></div><div class="battle-history"><small>(The opposing Blissey lost <abbr title="−400/713">56.1%</abbr> of its health!)</small><br></div><div class="spacer battle-history"><br></div><div class="battle-history"><small>The opposing Blissey restored a little HP using its Leftovers!</small><br></div><div class="spacer battle-history"><br></div><h2 class="battle-history">Turn 4</h2><div class="spacer battle-history"><br></div><div class="battle-history">The opposing Blissey used <strong>Soft-Boiled</strong>!<br></div><div class="battle-history"><small>The opposing Blissey restored its HP.</small><br></div><div class="spacer battle-history"><br></div><div class="battle-history">Doublade used <strong>Swords Dance</strong>!<br></div><div class="battle-history"><small>Doublade's Attack rose sharply!</small><br></div><div class="spacer battle-history"><br></div><h2 class="battle-history">Turn 5</h2><div class="spacer battle-history"><br></div><div class="battle-history">a sparrow withdrew Blissey!<br></div><div class="battle-history">a sparrow sent out <strong>Gyarados</strong>!<br></div><div class="battle-history"><small>Pointed stones dug into the opposing Gyarados!</small><br></div><div class="battle-history"><small>[The opposing Gyarados's Intimidate]</small><br></div><div class="battle-history"><small>Doublade's Attack fell!</small><br></div><div class="spacer battle-history"><br></div><div class="battle-history">Doublade is paralyzed! It can't move!<br></div><div class="spacer battle-history"><br></div><div class="battle-history"><small>The opposing Gyarados restored a little HP using its Leftovers!</small><br></div><div class="spacer battle-history"><br></div><h2 class="battle-history">Turn 6</h2><div class="spacer battle-history"><br></div><div class="battle-history">Doublade is paralyzed! It can't move!<br></div><div class="spacer battle-history"><br></div><div class="battle-history">The opposing Gyarados used <strong>Roar</strong>!<br></div><div class="spacer battle-history"><br></div><div class="battle-history"><strong>Hydreigon</strong> was dragged out!<br></div><div class="battle-history"><small>Pointed stones dug into Hydreigon!</small><br></div><div class="spacer battle-history"><br></div><div class="battle-history"><small>The opposing Gyarados restored a little HP using its Leftovers!</small><br></div><div class="spacer battle-history"><br></div><h2 class="battle-history">Turn 7</h2><div class="chat"><small>Attack on Dragons left.</small></div><div class="chat chatmessage-sniper"><strong style="color:hsl(345,47%,49%)"><small>☆</small><span class="username" data-name="sniper">sniper</span>:</strong> <em>Oh</em></div><div class="chat chatmessage-sniper"><strong style="color:hsl(345,47%,49%)"><small>☆</small><span class="username" data-name="sniper">sniper</span>:</strong> <em>My</em></div><div class="chat chatmessage-sniper"><strong style="color:hsl(345,47%,49%)"><small>☆</small><span class="username" data-name="sniper">sniper</span>:</strong> <em>God</em></div><div class="chat chatmessage-asparrow"><strong style="color:hsl(88,64%,38%)"><small>☆</small><span class="username" data-name="a sparrow">a sparrow</span>:</strong> <em>ez.</em></div><div class="chat chatmessage-asparrow"><strong style="color:hsl(88,64%,38%)"><small>☆</small><span class="username" data-name="a sparrow">a sparrow</span>:</strong> <em>hax</em></div><div class="chat chatmessage-asparrow"><strong style="color:hsl(88,64%,38%)"><small>☆</small><span class="username" data-name="a sparrow">a sparrow</span>:</strong> <em>is real</em></div><div class="spacer battle-history"><br></div><div class="battle-history">Hydreigon, come back!<br></div><div class="battle-history">Go! <strong>Tentacruel</strong>!<br></div><div class="battle-history"><small>Pointed stones dug into Tentacruel!</small><br></div><div class="spacer battle-history"><br></div><div class="battle-history">The opposing Gyarados used <strong>Thunder Wave</strong>!<br></div><div class="battle-history"><small>Tentacruel is paralyzed! It may be unable to move!</small><br></div><div class="spacer battle-history"><br></div><div class="battle-history"><small>The opposing Gyarados restored a little HP using its Leftovers!</small><br></div><div class="battle-history"><small>Tentacruel restored a little HP using its Black Sludge!</small><br></div><div class="spacer battle-history"><br></div><h2 class="battle-history">Turn 8</h2><div class="spacer battle-history"><br></div><div class="battle-history">a sparrow withdrew Gyarados!<br></div><div class="battle-history">a sparrow sent out <strong>Krookodile</strong>!<br></div><div class="battle-history"><small>Pointed stones dug into the opposing Krookodile!</small><br></div><div class="battle-history"><small>[The opposing Krookodile's Intimidate]</small><br></div><div class="battle-history"><small>Tentacruel's Attack fell!</small><br></div><div class="spacer battle-history"><br></div><div class="battle-history">Tentacruel used <strong>Toxic Spikes</strong>!<br></div><div class="battle-history"><small>Poison spikes were scattered on the ground all around the opposing team!</small><br></div><div class="spacer battle-history"><br></div><div class="battle-history"><small>Tentacruel restored a little HP using its Black Sludge!</small><br></div><div class="spacer battle-history"><br></div><h2 class="battle-history">Turn 9</h2><div class="spacer battle-history"><br></div><div class="battle-history"><small>(Tentacruel is being withdrawn...)</small><br></div><div class="spacer battle-history"><br></div><div class="battle-history">The opposing Krookodile used <strong>Pursuit</strong>!<br></div><div class="battle-history"><small>(Tentacruel lost <abbr title="−229/361">63.4%</abbr> of its health!)</small><br></div><div class="spacer battle-history"><br></div><div class="battle-history">Tentacruel, come back!<br></div><div class="battle-history">Go! Swampert (<strong>Swampert-Mega</strong>)!<br></div><div class="battle-history"><small>Pointed stones dug into Swampert!</small><br></div><div class="spacer battle-history"><br></div><h2 class="battle-history">Turn 10</h2><div class="spacer battle-history"><br></div><div class="battle-history">a sparrow withdrew Krookodile!<br></div><div class="battle-history">a sparrow sent out <strong>Forretress</strong>!<br></div><div class="battle-history"><small>Pointed stones dug into the opposing Forretress!</small><br></div><div class="spacer battle-history"><br></div><div class="battle-history">Swampert used <strong>Roar</strong>!<br></div><div class="spacer battle-history"><br></div><div class="battle-history"><strong>Gyarados</strong> was dragged out!<br></div><div class="battle-history"><small>Pointed stones dug into the opposing Gyarados!</small><br></div><div class="battle-history"><small>[The opposing Gyarados's Intimidate]</small><br></div><div class="battle-history"><small>Swampert's Attack fell!</small><br></div><div class="spacer battle-history"><br></div><div class="battle-history"><small>The opposing Gyarados restored a little HP using its Leftovers!</small><br></div><div class="spacer battle-history"><br></div><h2 class="battle-history">Turn 11</h2><div class="spacer battle-history"><br></div><div class="battle-history">Swampert used <strong>Scald</strong>!<br></div><div class="battle-history"><small>It's not very effective...</small><br></div><div class="battle-history"><small>(The opposing Gyarados lost <abbr title="−45/393">11.5%</abbr> of its health!)</small><br></div><div class="spacer battle-history"><br></div><div class="battle-history">The opposing Gyarados used <strong>Roar</strong>!<br></div><div class="spacer battle-history"><br></div><div class="battle-history"><strong>Blissey</strong> was dragged out!<br></div><div class="battle-history"><small>Pointed stones dug into Blissey!</small><br></div><div class="spacer battle-history"><br></div><div class="battle-history"><small>The opposing Gyarados restored a little HP using its Leftovers!</small><br></div><div class="battle-history"><small>Blissey restored a little HP using its Leftovers!</small><br></div><div class="spacer battle-history"><br></div><h2 class="battle-history">Turn 12</h2><div class="spacer battle-history"><br></div><div class="battle-history">a sparrow withdrew Gyarados!<br></div><div class="battle-history">a sparrow sent out <strong>Forretress</strong>!<br></div><div class="battle-history"><small>Pointed stones dug into the opposing Forretress!</small><br></div><div class="spacer battle-history"><br></div><div class="battle-history">Blissey used <strong>Heal Bell</strong>!<br></div><div class="battle-history"><small>A bell chimed!</small><br></div><div class="battle-history"><small>Doublade was cured of paralysis.</small><br></div><div class="battle-history"><small>Tentacruel was cured of paralysis.</small><br></div><div class="spacer battle-history"><br></div><div class="battle-history"><small>Blissey restored a little HP using its Leftovers!</small><br></div><div class="battle-history"><small>The opposing Forretress restored a little HP using its Leftovers!</small><br></div><div class="spacer battle-history"><br></div><h2 class="battle-history">Turn 13</h2><div class="spacer battle-history"><br></div><div class="battle-history">Blissey, come back!<br></div><div class="battle-history">Go! <strong>Doublade</strong>!<br></div><div class="battle-history"><small>Pointed stones dug into Doublade!</small><br></div><div class="spacer battle-history"><br></div><div class="battle-history">The opposing Forretress used <strong>Earthquake</strong>!<br></div><div class="battle-history"><small>It's super effective!</small><br></div><div class="battle-history"><small>(Doublade lost <abbr title="−74/321">23.1%</abbr> of its health!)</small><br></div><div class="spacer battle-history"><br></div><div class="battle-history"><small>The opposing Forretress restored a little HP using its Leftovers!</small><br></div><div class="spacer battle-history"><br></div><h2 class="battle-history">Turn 14</h2><div class="chat"><small>Nightingales joined.</small></div><div class="spacer battle-history"><br></div><div class="battle-history">The opposing Forretress used <strong>Spikes</strong>!<br></div><div class="battle-history"><small>Spikes were scattered on the ground all around your team!</small><br></div><div class="spacer battle-history"><br></div><div class="battle-history">Doublade used <strong>Sacred Sword</strong>!<br></div><div class="battle-history"><small>(The opposing Forretress lost <abbr title="−74/353">21.0%</abbr> of its health!)</small><br></div><div class="spacer battle-history"><br></div><div class="battle-history"><small>The opposing Forretress restored a little HP using its Leftovers!</small><br></div><div class="spacer battle-history"><br></div><h2 class="battle-history">Turn 15</h2><div class="spacer battle-history"><br></div><div class="battle-history">a sparrow withdrew Forretress!<br></div><div class="battle-history">a sparrow sent out <strong>Krookodile</strong>!<br></div><div class="battle-history"><small>The opposing Krookodile was poisoned!</small><br></div><div class="battle-history"><small>Pointed stones dug into the opposing Krookodile!</small><br></div><div class="battle-history"><small>[The opposing Krookodile's Intimidate]</small><br></div><div class="battle-history"><small>Doublade's Attack fell!</small><br></div><div class="spacer battle-history"><br></div><div class="battle-history">Doublade used <strong>Swords Dance</strong>!<br></div><div class="battle-history"><small>Doublade's Attack rose sharply!</small><br></div><div class="spacer battle-history"><br></div><div class="battle-history"><small>The opposing Krookodile was hurt by poison!</small><br></div><div class="spacer battle-history"><br></div><h2 class="battle-history">Turn 16</h2><div class="spacer battle-history"><br></div><div class="battle-history">Doublade, come back!<br></div><div class="battle-history">Go! Swampert (<strong>Swampert-Mega</strong>)!<br></div><div class="battle-history"><small>Swampert is hurt by the spikes!</small><br></div><div class="battle-history"><small>Pointed stones dug into Swampert!</small><br></div><div class="spacer battle-history"><br></div><div class="battle-history">The opposing Krookodile used <strong>Knock Off</strong>!<br></div><div class="battle-history"><small>A critical hit!</small><br></div><div class="battle-history"><small>(Swampert lost <abbr title="−169/404">41.8%</abbr> of its health!)</small><br></div><div class="spacer battle-history"><br></div><div class="battle-history"><small>The opposing Krookodile was hurt by poison!</small><br></div><div class="spacer battle-history"><br></div><h2 class="battle-history">Turn 17</h2><div class="spacer battle-history"><br></div><div class="battle-history">a sparrow withdrew Krookodile!<br></div><div class="battle-history">a sparrow sent out <strong>Forretress</strong>!<br></div><div class="battle-history"><small>Pointed stones dug into the opposing Forretress!</small><br></div><div class="spacer battle-history"><br></div><div class="battle-history">Swampert used <strong>Scald</strong>!<br></div><div class="battle-history"><small>(The opposing Forretress lost <abbr title="−103/353">29.2%</abbr> of its health!)</small><br></div><div class="spacer battle-history"><br></div><div class="battle-history"><small>The opposing Forretress restored a little HP using its Leftovers!</small><br></div><div class="spacer battle-history"><br></div><h2 class="battle-history">Turn 18</h2><div class="spacer battle-history"><br></div><div class="battle-history">Swampert used <strong>Scald</strong>!<br></div><div class="battle-history"><small>(The opposing Forretress lost <abbr title="−103/353">29.2%</abbr> of its health!)</small><br></div><div class="battle-history"><small>The opposing Forretress was burned!</small><br></div><div class="spacer battle-history"><br></div><div class="battle-history">The opposing Forretress used <strong>Earthquake</strong>!<br></div><div class="battle-history"><small>(Swampert lost <abbr title="−24/404">5.9%</abbr> of its health!)</small><br></div><div class="spacer battle-history"><br></div><div class="battle-history"><small>The opposing Forretress restored a little HP using its Leftovers!</small><br></div><div class="battle-history"><small>The opposing Forretress was hurt by its burn!</small><br></div><div class="spacer battle-history"><br></div><h2 class="battle-history">Turn 19</h2><div class="spacer battle-history"><br></div><div class="battle-history">Swampert used <strong>Scald</strong>!<br></div><div class="battle-history"><small>(The opposing Forretress lost <abbr title="−7/353">2.0%</abbr> of its health!)</small><br></div><div class="spacer battle-history"><br></div><div class="battle-history">The opposing Forretress fainted!<br></div><div class="spacer battle-history"><br></div><div class="battle-history">a sparrow sent out <strong>Sceptile</strong>!<br></div><div class="battle-history"><small>Pointed stones dug into the opposing Sceptile!</small><br></div><div class="battle-history"><small>The opposing Sceptile was poisoned!</small><br></div><div class="spacer battle-history"><br></div><h2 class="battle-history">Turn 20</h2><div class="spacer battle-history"><br></div><div class="battle-history">Swampert, come back!<br></div><div class="battle-history">Go! <strong>Blissey</strong>!<br></div><div class="battle-history"><small>Blissey is hurt by the spikes!</small><br></div><div class="battle-history"><small>Pointed stones dug into Blissey!</small><br></div><div class="spacer battle-history"><br></div><div class="battle-history"><small>The opposing Sceptile's Sceptilite is reacting to a sparrow's Mega Bracelet!</small><br>The opposing Sceptile has Mega Evolved into Mega Sceptile!<br></div><div class="spacer battle-history"><br></div><div class="battle-history">The opposing Sceptile used <strong>Leech Seed</strong>!<br></div><div class="battle-history"><small>Blissey was seeded!</small><br></div><div class="spacer battle-history"><br></div><div class="battle-history"><small>Blissey restored a little HP using its Leftovers!</small><br></div><div class="battle-history"><small>Blissey's health is sapped by Leech Seed!</small><br></div><div class="battle-history"><small>The opposing Sceptile was hurt by poison!</small><br></div><div class="spacer battle-history"><br></div><h2 class="battle-history">Turn 21</h2><div class="spacer battle-history"><br></div><div class="battle-history">The opposing Sceptile used <strong>Substitute</strong>!<br></div><div class="battle-history"><small>The opposing Sceptile put in a substitute!</small><br></div><div class="battle-history"><small>(The opposing Sceptile lost <abbr title="−62/250">24.8%</abbr> of its health!)</small><br></div><div class="spacer battle-history"><br></div><div class="battle-history">Blissey used <strong>Wish</strong>!<br></div><div class="spacer battle-history"><br></div><div class="battle-history"><small>Blissey restored a little HP using its Leftovers!</small><br></div><div class="battle-history"><small>Blissey's health is sapped by Leech Seed!</small><br></div><div class="battle-history"><small>The opposing Sceptile was hurt by poison!</small><br></div><div class="spacer battle-history"><br></div><h2 class="battle-history">Turn 22</h2><div class="spacer battle-history"><br></div><div class="battle-history">Blissey, come back!<br></div><div class="battle-history">Go! <strong>Doublade</strong>!<br></div><div class="battle-history"><small>Doublade is hurt by the spikes!</small><br></div><div class="battle-history"><small>Pointed stones dug into Doublade!</small><br></div><div class="spacer battle-history"><br></div><div class="battle-history">The opposing Sceptile used <strong>Giga Drain</strong>!<br></div><div class="battle-history"><small>It's not very effective...</small><br></div><div class="battle-history"><small>(Doublade lost <abbr title="−87/321">27.1%</abbr> of its health!)</small><br></div><div class="battle-history"><small>Doublade had its energy drained!</small><br></div><div class="spacer battle-history"><br></div><div class="battle-history"><small>Blissey's wish came true!</small><br></div><div class="battle-history"><small>The opposing Sceptile was hurt by poison!</small><br></div><div class="spacer battle-history"><br></div><h2 class="battle-history">Turn 23</h2><div class="chat chatmessage-nightingales"><strong style="color:hsl(234,74%,62.97933909768431%)"><small> </small><span class="username" data-name="Nightingales">Nightingales</span>:</strong> <em>Is this s</em></div><div class="chat chatmessage-nightingales"><strong style="color:hsl(234,74%,62.97933909768431%)"><small> </small><span class="username" data-name="Nightingales">Nightingales</span>:</strong> <em>ohnmy god</em></div><div class="spacer battle-history"><br></div><div class="battle-history">The opposing Sceptile used <strong>Leech Seed</strong>!<br></div><div class="battle-history"><small>Doublade was seeded!</small><br></div><div class="spacer battle-history"><br></div><div class="battle-history">Doublade used <strong>Sacred Sword</strong>!<br></div><div class="battle-history"><small>The opposing Sceptile's substitute faded!</small><br></div><div class="spacer battle-history"><br></div><div class="battle-history"><small>Doublade's health is sapped by Leech Seed!</small><br></div><div class="battle-history"><small>The opposing Sceptile was hurt by poison!</small><br></div><div class="spacer battle-history"><br></div><h2 class="battle-history">Turn 24</h2><div class="spacer battle-history"><br></div><div class="battle-history">The opposing Sceptile used <strong>Substitute</strong>!<br></div><div class="battle-history"><small>The opposing Sceptile put in a substitute!</small><br></div><div class="battle-history"><small>(The opposing Sceptile lost <abbr title="−62/250">24.8%</abbr> of its health!)</small><br></div><div class="spacer battle-history"><br></div><div class="battle-history">Doublade used <strong>Sacred Sword</strong>!<br></div><div class="battle-history"><small>The opposing Sceptile's substitute faded!</small><br></div><div class="spacer battle-history"><br></div><div class="battle-history"><small>Doublade's health is sapped by Leech Seed!</small><br></div><div class="battle-history"><small>The opposing Sceptile was hurt by poison!</small><br></div><div class="spacer battle-history"><br></div><h2 class="battle-history">Turn 25</h2><div class="chat chatmessage-nightingales"><strong style="color:hsl(234,74%,62.97933909768431%)"><small> </small><span class="username" data-name="Nightingales">Nightingales</span>:</strong> <em>Sparrow where's the grassy terrain</em></div><div class="spacer battle-history"><br></div><div class="battle-history">a sparrow withdrew Sceptile!<br></div><div class="battle-history">a sparrow sent out <strong>Gyarados</strong>!<br></div><div class="battle-history"><small>Pointed stones dug into the opposing Gyarados!</small><br></div><div class="battle-history"><small>[The opposing Gyarados's Intimidate]</small><br></div><div class="battle-history"><small>Doublade's Attack fell!</small><br></div><div class="spacer battle-history"><br></div><div class="battle-history">Doublade used <strong>Shadow Sneak</strong>!<br></div><div class="battle-history"><small>A critical hit!</small><br></div><div class="battle-history"><small>(The opposing Gyarados lost <abbr title="−87/393">22.1%</abbr> of its health!)</small><br></div><div class="spacer battle-history"><br></div><div class="battle-history"><small>The opposing Gyarados restored a little HP using its Leftovers!</small><br></div><div class="battle-history"><small>Doublade's health is sapped by Leech Seed!</small><br></div><div class="spacer battle-history"><br></div><h2 class="battle-history">Turn 26</h2><div class="spacer battle-history"><br></div><div class="battle-history">Doublade, come back!<br></div><div class="battle-history">Go! <strong>Hydreigon</strong>!<br></div><div class="battle-history"><small>Pointed stones dug into Hydreigon!</small><br></div><div class="spacer battle-history"><br></div><div class="battle-history">The opposing Gyarados used <strong>Thunder Wave</strong>!<br></div><div class="battle-history"><small>Hydreigon is paralyzed! It may be unable to move!</small><br></div><div class="spacer battle-history"><br></div><div class="battle-history"><small>The opposing Gyarados restored a little HP using its Leftovers!</small><br></div><div class="spacer battle-history"><br></div><h2 class="battle-history">Turn 27</h2><div class="spacer battle-history"><br></div><div class="battle-history">The opposing Gyarados used <strong>Waterfall</strong>!<br></div><div class="battle-history"><small>It's not very effective...</small><br></div><div class="battle-history"><small>(Hydreigon lost <abbr title="−63/325">19.4%</abbr> of its health!)</small><br></div><div class="spacer battle-history"><br></div><div class="battle-history">Hydreigon used <strong>Draco Meteor</strong>!<br></div><div class="battle-history"><small>(The opposing Gyarados lost <abbr title="−175/393">44.5%</abbr> of its health!)</small><br></div><div class="battle-history"><small>Hydreigon's Special Attack fell harshly!</small><br></div><div class="battle-history"><small>Hydreigon lost some of its HP!</small><br></div><div class="spacer battle-history"><br></div><div class="battle-history">The opposing Gyarados fainted!<br></div><div class="spacer battle-history"><br></div><div class="battle-history">a sparrow sent out <strong>Sylveon</strong>!<br></div><div class="battle-history"><small>The opposing Sylveon was poisoned!</small><br></div><div class="battle-history"><small>Pointed stones dug into the opposing Sylveon!</small><br></div><div class="spacer battle-history"><br></div><h2 class="battle-history">Turn 28</h2><div class="spacer battle-history"><br></div><div class="battle-history">Hydreigon, come back!<br></div><div class="battle-history">Go! <strong>Blissey</strong>!<br></div><div class="battle-history"><small>Pointed stones dug into Blissey!</small><br></div><div class="battle-history"><small>Blissey is hurt by the spikes!</small><br></div><div class="spacer battle-history"><br></div><div class="battle-history">The opposing Sylveon used <strong>Calm Mind</strong>!<br></div><div class="battle-history"><small>The opposing Sylveon's Special Attack rose!</small><br></div><div class="battle-history"><small>The opposing Sylveon's Special Defense rose!</small><br></div><div class="spacer battle-history"><br></div><div class="battle-history"><small>The opposing Sylveon restored a little HP using its Leftovers!</small><br></div><div class="battle-history"><small>Blissey restored a little HP using its Leftovers!</small><br></div><div class="battle-history"><small>The opposing Sylveon was hurt by poison!</small><br></div><div class="spacer battle-history"><br></div><h2 class="battle-history">Turn 29</h2><div class="spacer battle-history"><br></div><div class="battle-history">The opposing Sylveon used <strong>Calm Mind</strong>!<br></div><div class="battle-history"><small>The opposing Sylveon's Special Attack rose!</small><br></div><div class="battle-history"><small>The opposing Sylveon's Special Defense rose!</small><br></div><div class="spacer battle-history"><br></div><div class="battle-history">Blissey used <strong>Wish</strong>!<br></div><div class="spacer battle-history"><br></div><div class="battle-history"><small>The opposing Sylveon restored a little HP using its Leftovers!</small><br></div><div class="battle-history"><small>Blissey restored a little HP using its Leftovers!</small><br></div><div class="battle-history"><small>The opposing Sylveon was hurt by poison!</small><br></div><div class="spacer battle-history"><br></div><h2 class="battle-history">Turn 30</h2><div class="spacer battle-history"><br></div><div class="battle-history">The opposing Sylveon used <strong>Hyper Voice</strong>!<br></div><div class="battle-history"><small>(Blissey lost <abbr title="−219/714">30.7%</abbr> of its health!)</small><br></div><div class="spacer battle-history"><br></div><div class="battle-history">Blissey used <strong>Seismic Toss</strong>!<br></div><div class="battle-history"><small>(The opposing Sylveon lost <abbr title="−100/393">25.4%</abbr> of its health!)</small><br></div><div class="spacer battle-history"><br></div><div class="battle-history"><small>Blissey's wish came true!</small><br></div><div class="battle-history"><small>The opposing Sylveon restored a little HP using its Leftovers!</small><br></div><div class="battle-history"><small>Blissey restored a little HP using its Leftovers!</small><br></div><div class="battle-history"><small>The opposing Sylveon was hurt by poison!</small><br></div><div class="spacer battle-history"><br></div><h2 class="battle-history">Turn 31</h2><div class="spacer battle-history"><br></div><div class="battle-history">The opposing Sylveon used <strong>Calm Mind</strong>!<br></div><div class="battle-history"><small>The opposing Sylveon's Special Attack rose!</small><br></div><div class="battle-history"><small>The opposing Sylveon's Special Defense rose!</small><br></div><div class="spacer battle-history"><br></div><div class="battle-history">Blissey used <strong>Seismic Toss</strong>!<br></div><div class="battle-history"><small>(The opposing Sylveon lost <abbr title="−100/393">25.4%</abbr> of its health!)</small><br></div><div class="spacer battle-history"><br></div><div class="battle-history"><small>The opposing Sylveon restored a little HP using its Leftovers!</small><br></div><div class="battle-history"><small>Blissey restored a little HP using its Leftovers!</small><br></div><div class="battle-history"><small>The opposing Sylveon was hurt by poison!</small><br></div><div class="spacer battle-history"><br></div><h2 class="battle-history">Turn 32</h2><div class="spacer battle-history"><br></div><div class="battle-history">The opposing Sylveon used <strong>Rest</strong>!<br></div><div class="battle-history"><small>The opposing Sylveon fell asleep!</small><br></div><div class="battle-history"><small>The opposing Sylveon slept and became healthy!</small><br></div><div class="spacer battle-history"><br></div><div class="battle-history">Blissey used <strong>Seismic Toss</strong>!<br></div><div class="battle-history"><small>(The opposing Sylveon lost <abbr title="−100/393">25.4%</abbr> of its health!)</small><br></div><div class="spacer battle-history"><br></div><div class="battle-history"><small>The opposing Sylveon restored a little HP using its Leftovers!</small><br></div><div class="battle-history"><small>Blissey restored a little HP using its Leftovers!</small><br></div><div class="spacer battle-history"><br></div><h2 class="battle-history">Turn 33</h2><div class="spacer battle-history"><br></div><div class="battle-history">The opposing Sylveon is fast asleep.<br></div><div class="spacer battle-history"><br></div><div class="battle-history">The opposing Sylveon used <strong>Snore</strong>!<br></div><div class="battle-history"><small>(Blissey lost <abbr title="−150/714">21.0%</abbr> of its health!)</small><br></div><div class="spacer battle-history"><br></div><div class="battle-history">Blissey used <strong>Wish</strong>!<br></div><div class="spacer battle-history"><br></div><div class="battle-history"><small>The opposing Sylveon restored a little HP using its Leftovers!</small><br></div><div class="battle-history"><small>Blissey restored a little HP using its Leftovers!</small><br></div><div class="spacer battle-history"><br></div><h2 class="battle-history">Turn 34</h2><div class="spacer battle-history"><br></div><div class="battle-history">Blissey, come back!<br></div><div class="battle-history">Go! <strong>Doublade</strong>!<br></div><div class="battle-history"><small>Pointed stones dug into Doublade!</small><br></div><div class="battle-history"><small>Doublade is hurt by the spikes!</small><br></div><div class="spacer battle-history"><br></div><div class="battle-history">The opposing Sylveon is fast asleep.<br></div><div class="spacer battle-history"><br></div><div class="battle-history">The opposing Sylveon used <strong>Snore</strong>!<br></div><div class="battle-history"><small>It's not very effective...</small><br></div><div class="battle-history"><small>(Doublade lost <abbr title="−114/321">35.5%</abbr> of its health!)</small><br></div><div class="spacer battle-history"><br></div><div class="battle-history"><small>Blissey's wish came true!</small><br></div><div class="battle-history"><small>The opposing Sylveon restored a little HP using its Leftovers!</small><br></div><div class="spacer battle-history"><br></div><h2 class="battle-history">Turn 35</h2><div class="chat"><small>Applaud joined.</small></div><div class="spacer battle-history"><br></div><div class="battle-history"><small>The opposing Sylveon woke up!</small><br></div><div class="spacer battle-history"><br></div><div class="battle-history">The opposing Sylveon used <strong>Hyper Voice</strong>!<br></div><div class="battle-history"><small>It's not very effective...</small><br></div><div class="battle-history"><small>(Doublade lost <abbr title="−235/321">73.2%</abbr> of its health!)</small><br></div><div class="spacer battle-history"><br></div><div class="battle-history">Doublade used <strong>Swords Dance</strong>!<br></div><div class="battle-history"><small>Doublade's Attack rose sharply!</small><br></div><div class="spacer battle-history"><br></div><div class="battle-history"><small>The opposing Sylveon restored a little HP using its Leftovers!</small><br></div><div class="spacer battle-history"><br></div><h2 class="battle-history">Turn 36</h2><div class="chat chatmessage-asparrow"><strong style="color:hsl(88,64%,38%)"><small>☆</small><span class="username" data-name="a sparrow">a sparrow</span>:</strong> <em>gottem</em></div><div class="spacer battle-history"><br></div><div class="battle-history">Doublade used <strong>Shadow Sneak</strong>!<br></div><div class="battle-history"><small>(The opposing Sylveon lost <abbr title="−187/393">47.6%</abbr> of its health!)</small><br></div><div class="spacer battle-history"><br></div><div class="battle-history">The opposing Sylveon used <strong>Hyper Voice</strong>!<br></div><div class="battle-history"><small>It's not very effective...</small><br></div><div class="battle-history"><small>(Doublade lost <abbr title="−86/321">26.8%</abbr> of its health!)</small><br></div><div class="spacer battle-history"><br></div><div class="battle-history">Doublade fainted!<br></div><div class="spacer battle-history"><br></div><div class="battle-history"><small>The opposing Sylveon restored a little HP using its Leftovers!</small><br></div><div class="spacer battle-history"><br></div><div class="battle-history">Go! <strong>Gardevoir</strong>!<br></div><div class="battle-history"><small>Gardevoir is hurt by the spikes!</small><br></div><div class="battle-history"><small>Pointed stones dug into Gardevoir!</small><br></div><div class="battle-history"><small>[Gardevoir's Trace]</small><br><small>[Gardevoir's Pixilate]</small><br><small>Gardevoir traced the opposing Sylveon's Pixilate!</small><br></div><div class="spacer battle-history"><br></div><h2 class="battle-history">Turn 37</h2><div class="spacer battle-history"><br></div><div class="battle-history">Gardevoir used <strong>Psyshock</strong>!<br></div><div class="battle-history"><small>(The opposing Sylveon lost <abbr title="−226/393">57.5%</abbr> of its health!)</small><br></div><div class="spacer battle-history"><br></div><div class="battle-history">The opposing Sylveon fainted!<br></div><div class="chat chatmessage-asparrow"><strong style="color:hsl(88,64%,38%)"><small>☆</small><span class="username" data-name="a sparrow">a sparrow</span>:</strong> <em>specs</em></div><div class="chat chatmessage-asparrow"><strong style="color:hsl(88,64%,38%)"><small>☆</small><span class="username" data-name="a sparrow">a sparrow</span>:</strong> <em>shit</em></div><div class="spacer battle-history"><br></div><div class="battle-history">a sparrow sent out <strong>Krookodile</strong>!<br></div><div class="battle-history"><small>Pointed stones dug into the opposing Krookodile!</small><br></div><div class="battle-history"><small>[The opposing Krookodile's Intimidate]</small><br></div><div class="battle-history"><small>Gardevoir's Attack fell!</small><br></div><div class="spacer battle-history"><br></div><h2 class="battle-history">Turn 38</h2><div class="spacer battle-history"><br></div><div class="battle-history">The opposing Krookodile used <strong>Pursuit</strong>!<br></div><div class="battle-history"><small>(Gardevoir lost <abbr title="−145/277">52.3%</abbr> of its health!)</small><br></div><div class="spacer battle-history"><br></div><div class="battle-history">Gardevoir used <strong>Psyshock</strong>!<br></div><div class="battle-history"><small>It doesn't affect the opposing Krookodile...</small><br></div><div class="spacer battle-history"><br></div><div class="battle-history"><small>The opposing Krookodile was hurt by poison!</small><br></div><div class="spacer battle-history"><br></div><h2 class="battle-history">Turn 39</h2><div class="chat chatmessage-nightingales"><strong style="color:hsl(234,74%,62.97933909768431%)"><small> </small><span class="username" data-name="Nightingales">Nightingales</span>:</strong> <em>Reveal pixie plate</em></div><div class="chat chatmessage-sniper"><strong style="color:hsl(345,47%,49%)"><small>☆</small><span class="username" data-name="sniper">sniper</span>:</strong> <em>Mmm more poison damage</em></div><div class="spacer battle-history"><br></div><div class="battle-history">The opposing Krookodile used <strong>Pursuit</strong>!<br></div><div class="battle-history"><small>(Gardevoir lost <abbr title="−64/277">23.1%</abbr> of its health!)</small><br></div><div class="spacer battle-history"><br></div><div class="battle-history">Gardevoir fainted!<br></div><div class="spacer battle-history"><br></div><div class="battle-history"><small>The opposing Krookodile was hurt by poison!</small><br></div><div class="spacer battle-history"><br></div><div class="battle-history">Go! <strong>Blissey</strong>!<br></div><div class="battle-history"><small>Blissey is hurt by the spikes!</small><br></div><div class="battle-history"><small>Pointed stones dug into Blissey!</small><br></div><div class="spacer battle-history"><br></div><h2 class="battle-history">Turn 40</h2><div class="spacer battle-history"><br></div><div class="battle-history">a sparrow withdrew Krookodile!<br></div><div class="battle-history">a sparrow sent out Sceptile (<strong>Sceptile-Mega</strong>)!<br></div><div class="battle-history"><small>Pointed stones dug into the opposing Sceptile!</small><br></div><div class="spacer battle-history"><br></div><div class="battle-history">Blissey used <strong>Heal Bell</strong>!<br></div><div class="battle-history"><small>A bell chimed!</small><br></div><div class="battle-history"><small>Hydreigon was cured of paralysis.</small><br></div><div class="spacer battle-history"><br></div><div class="battle-history"><small>Blissey restored a little HP using its Leftovers!</small><br></div><div class="battle-history"><small>The opposing Sceptile was hurt by poison!</small><br></div><div class="spacer battle-history"><br></div><h2 class="battle-history">Turn 41</h2><div class="spacer battle-history"><br></div><div class="battle-history">Blissey used <strong>Protect</strong>!<br></div><div class="battle-history"><small>Blissey protected itself!</small><br></div><div class="spacer battle-history"><br></div><div class="battle-history">The opposing Sceptile used <strong>Leech Seed</strong>!<br></div><div class="battle-history"><small>Blissey protected itself!</small><br></div><div class="spacer battle-history"><br></div><div class="battle-history"><small>Blissey restored a little HP using its Leftovers!</small><br></div><div class="battle-history"><small>The opposing Sceptile was hurt by poison!</small><br></div><div class="spacer battle-history"><br></div><h2 class="battle-history">Turn 42</h2><div class="spacer battle-history"><br></div><div class="battle-history">Blissey, come back!<br></div><div class="battle-history">Go! <strong>Tentacruel</strong>!<br></div><div class="battle-history"><small>Tentacruel is hurt by the spikes!</small><br></div><div class="battle-history"><small>Pointed stones dug into Tentacruel!</small><br></div><div class="spacer battle-history"><br></div><div class="battle-history">The opposing Sceptile used <strong>Leech Seed</strong>!<br></div><div class="battle-history"><small>Tentacruel was seeded!</small><br></div><div class="spacer battle-history"><br></div><div class="battle-history"><small>Tentacruel restored a little HP using its Black Sludge!</small><br></div><div class="battle-history"><small>Tentacruel's health is sapped by Leech Seed!</small><br></div><div class="battle-history"><small>[Tentacruel's Liquid Ooze]</small><br><small>The opposing Sceptile sucked up the liquid ooze!</small><br></div><div class="battle-history"><small>The opposing Sceptile was hurt by poison!</small><br></div><div class="spacer battle-history"><br></div><div class="battle-history">The opposing Sceptile fainted!<br></div><div class="chat chatmessage-asparrow"><strong style="color:hsl(88,64%,38%)"><small>☆</small><span class="username" data-name="a sparrow">a sparrow</span>:</strong> <em>nb</em></div><div class="chat chatmessage-asparrow"><strong style="color:hsl(88,64%,38%)"><small>☆</small><span class="username" data-name="a sparrow">a sparrow</span>:</strong> <em>gg mate</em></div><div class="chat chatmessage-asparrow"><strong style="color:hsl(88,64%,38%)"><small>☆</small><span class="username" data-name="a sparrow">a sparrow</span>:</strong> <em>was fun</em></div><div class="battle-history"><small>a sparrow forfeited.</small><br></div><div class="spacer battle-history"><br></div><div class="battle-history"><strong>sniper</strong> won the battle!<br></div><div class="chat"><small>cappino left.</small></div><div class="chat chatmessage-sniper"><strong style="color:hsl(345,47%,49%)"><small>☆</small><span class="username" data-name="sniper">sniper</span>:</strong> <em>Gg</em></div><div class="chat"><small>a sparrow left.</small></div><div class="chat"><small>Applaud left.</small></div><div class="chat"><small>sniper left.</small></div></div><div class="inner-preempt"></div></div></div>
</div>
<script>
let daily = Math.floor(Date.now()/1000/60/60/24);document.write('<script src="https://play.pokemonshowdown.com/js/replay-embed.js?version'+daily+'"></'+'script>');
</script>
