<!DOCTYPE html>
<meta charset="utf-8" />
<!-- version 1 -->
<title>UU replay: Jhey Jhey vs. Vinys ♔</title>
<style>
html,body {font-family:Verdana, sans-serif;font-size:10pt;margin:0;padding:0;}body{padding:12px 0;} .battle-log {font-family:Verdana, sans-serif;font-size:10pt;} .battle-log-inline {border:1px solid #AAAAAA;background:#EEF2F5;color:black;max-width:640px;margin:0 auto 80px;padding-bottom:5px;} .battle-log .inner {padding:4px 8px 0px 8px;} .battle-log .inner-preempt {padding:0 8px 4px 8px;} .battle-log .inner-after {margin-top:0.5em;} .battle-log h2 {margin:0.5em -8px;padding:4px 8px;border:1px solid #AAAAAA;background:#E0E7EA;border-left:0;border-right:0;font-family:Verdana, sans-serif;font-size:13pt;} .battle-log .chat {vertical-align:middle;padding:3px 0 3px 0;font-size:8pt;} .battle-log .chat strong {color:#40576A;} .battle-log .chat em {padding:1px 4px 1px 3px;color:#000000;font-style:normal;} .chat.mine {background:rgba(0,0,0,0.05);margin-left:-8px;margin-right:-8px;padding-left:8px;padding-right:8px;} .spoiler {color:#BBBBBB;background:#BBBBBB;padding:0px 3px;} .spoiler:hover, .spoiler:active, .spoiler-shown {color:#000000;background:#E2E2E2;padding:0px 3px;} .spoiler a {color:#BBBBBB;} .spoiler:hover a, .spoiler:active a, .spoiler-shown a {color:#2288CC;} .chat code, .chat .spoiler:hover code, .chat .spoiler:active code, .chat .spoiler-shown code {border:1px solid #C0C0C0;background:#EEEEEE;color:black;padding:0 2px;} .chat .spoiler code {border:1px solid #CCCCCC;background:#CCCCCC;color:#CCCCCC;} .battle-log .rated {padding:3px 4px;} .battle-log .rated strong {color:white;background:#89A;padding:1px 4px;border-radius:4px;} .spacer {margin-top:0.5em;} .message-announce {background:#6688AA;color:white;padding:1px 4px 2px;} .message-announce a, .broadcast-green a, .broadcast-blue a, .broadcast-red a {color:#DDEEFF;} .broadcast-green {background-color:#559955;color:white;padding:2px 4px;} .broadcast-blue {background-color:#6688AA;color:white;padding:2px 4px;} .infobox {border:1px solid #6688AA;padding:2px 4px;} .infobox-limited {max-height:200px;overflow:auto;overflow-x:hidden;} .broadcast-red {background-color:#AA5544;color:white;padding:2px 4px;} .message-learn-canlearn {font-weight:bold;color:#228822;text-decoration:underline;} .message-learn-cannotlearn {font-weight:bold;color:#CC2222;text-decoration:underline;} .message-effect-weak {font-weight:bold;color:#CC2222;} .message-effect-resist {font-weight:bold;color:#6688AA;} .message-effect-immune {font-weight:bold;color:#666666;} .message-learn-list {margin-top:0;margin-bottom:0;} .message-throttle-notice, .message-error {color:#992222;} .message-overflow, .chat small.message-overflow {font-size:0pt;} .message-overflow::before {font-size:9pt;content:'...';} .subtle {color:#3A4A66;}
</style>
<div class="wrapper replay-wrapper" style="max-width:1180px;margin:0 auto">
<input type="hidden" name="replayid" value="destiny-uu-52883" />
<div class="battle"></div><div class="battle-log"></div><div class="replay-controls"></div><div class="replay-controls-2"></div>
<h1 style="font-weight:normal;text-align:center"><strong>UU</strong><br /><a href="http://pokemonshowdown.com/users/jheyjhey" class="subtle" target="_blank">Jhey Jhey</a> vs. <a href="http://pokemonshowdown.com/users/vinys" class="subtle" target="_blank">Vinys ♔</a></h1>
<script type="text/plain" class="battle-log-data">|j|Jhey Jhey
|j|Vinys ♔
|unlink|||tour
|player|p1|Jhey Jhey|102
|player|p2|Vinys ♔|1010
|gametype|singles
|gen|7
|tier|UU
|seed|46604,54146,14244,26430
|rule|Cláusula-Mod de Dormir: solo puedes dormir a uno de tus oponentes a la vez.
|rule|Cláusula de Especie: Hasta un Pokémon de cada especie
|rule|Cláusula de Golpe Fulminante: los movimientos fulminantes (OHKO) estan prohibidos
|rule|Cláusula de Moody: la habilidad Moody está prohibida
|rule|Cláusula de Movimientos Evasivos: los movimientos de evasion estan prohibidos
|rule|Cláusula de Batallas Eternas: forzar batallas eternas está prohibido
|clearpoke
|poke|p1|Absol, undefined|item
|poke|p1|Gliscor, undefined, shiny|item
|poke|p1|Blissey, undefined|item
|poke|p1|Hawlucha, undefined|item
|poke|p1|Tentacruel, undefined|item
|poke|p1|Crawdaunt, undefined|item
|poke|p2|Suicune, undefined|item
|poke|p2|Mew, undefined|item
|poke|p2|Magneton, undefined|item
|poke|p2|Scizor, undefined|item
|poke|p2|Latias, undefined|item
|poke|p2|Arcanine, undefined|item
|rule|Cláusula de Relevo: se prohibe más de 1 Pokémon con Relevo, o transferir Velocidad junto a otros stats
|teampreview
|c|☆Vinys ♔|Suerte
|j|Gladiolus
|j|CursedStar
|c|☆Jhey Jhey|=
|choice|*|*team 123456
|raw|<div class="broadcast-red"><b>Chat Moderado. Nivel: +!<\/b><br \/>Solo quienes tengan rango + o superior pueden hablar.<\/div>
|choice|*team 213456|*
|choice|team 2, team 1, team 3, team 4, team 5, team 6|team 1, team 2, team 3, team 4, team 5, team 6
|
|start
|switch|p1a: Gliscor|Gliscor, undefined, shiny|354\/354
|switch|p2a: Suicune|Suicune, undefined|350\/350
|-ability|p2a: Suicune|Pressure
|turn|1
|choice|*move 2|*
|choice|*|*move 1
|choice|move toxic|move calmmind
|
|move|p2a: Suicune|Calm Mind|p2a: Suicune
|-boost|p2a: Suicune|spa|1
|-boost|p2a: Suicune|spd|1
|move|p1a: Gliscor|Toxic|p2a: Suicune
|-status|p2a: Suicune|tox
|
|-damage|p2a: Suicune|329\/350 tox|[from] psn
|-status|p1a: Gliscor|tox|[from] item: Toxic Orb
|upkeep
|turn|2
|choice|*|*move 1
|choice|*move 4|*
|choice|move protect|move calmmind
|
|move|p1a: Gliscor|Protect|p1a: Gliscor
|-singleturn|p1a: Gliscor|Protect
|move|p2a: Suicune|Calm Mind|p2a: Suicune
|-boost|p2a: Suicune|spa|1
|-boost|p2a: Suicune|spd|1
|
|-damage|p2a: Suicune|287\/350 tox|[from] psn
|upkeep
|turn|3
|choice|*|*move 2
|choice|*switch 3|*
|choice|switch 3|move hydropump
|
|switch|p1a: Blissey|Blissey, undefined|714\/714
|move|p2a: Suicune|Hydro Pump|p1a: Blissey
|-damage|p1a: Blissey|485\/714
|
|-damage|p2a: Suicune|224\/350 tox|[from] psn
|upkeep
|turn|4
|choice|*move 1|*
|choice|*|*move 2 zmove
|choice|move softboiled|move hydropump zmove
|
|-zpower|p2a: Suicune
|move|p2a: Suicune|Hydro Vortex|p1a: Blissey|[zeffect]
|-damage|p1a: Blissey|59\/714
|move|p1a: Blissey|Soft-Boiled|p1a: Blissey
|-heal|p1a: Blissey|416\/714
|
|-damage|p2a: Suicune|140\/350 tox|[from] psn
|upkeep
|turn|5
|c|☆Vinys ♔|a-a
|choice|*|*switch 6
|choice|*move 1|*
|choice|move softboiled|switch 6
|
|switch|p2a: Arcanine|Arcanine, undefined|321\/321
|-ability|p2a: Arcanine|Intimidate|boost
|-unboost|p1a: Blissey|atk|1
|move|p1a: Blissey|Soft-Boiled|p1a: Blissey
|-heal|p1a: Blissey|714\/714
|
|upkeep
|turn|6
|choice|*|*move 2
|choice|*move 2|*
|choice|move counter|move closecombat
|
|move|p2a: Arcanine|Close Combat|p1a: Blissey
|-supereffective|p1a: Blissey
|-enditem|p1a: Blissey|Chople Berry|[eat]
|-enditem|p1a: Blissey|Chople Berry|[weaken]
|-damage|p1a: Blissey|367\/714
|-unboost|p2a: Arcanine|def|1
|-unboost|p2a: Arcanine|spd|1
|move|p1a: Blissey|Counter|p2a: Arcanine
|-damage|p2a: Arcanine|0 fnt
|faint|p2a: Arcanine
|
|upkeep
|choice|*|*switch 5
|choice||switch 5
|
|switch|p2a: Latias|Latias, undefined|301\/301
|turn|7
|choice|*|*move 1
|j|Swan Dark
|choice|*move 1|*
|choice|move softboiled|move calmmind
|
|move|p2a: Latias|Calm Mind|p2a: Latias
|-boost|p2a: Latias|spa|1
|-boost|p2a: Latias|spd|1
|move|p1a: Blissey|Soft-Boiled|p1a: Blissey
|-heal|p1a: Blissey|714\/714
|
|upkeep
|turn|8
|choice|*switch 6|*
|choice|*|*move 3
|choice|switch 6|move psyshock
|
|switch|p1a: Crawdaunt|Crawdaunt, undefined|267\/267
|move|p2a: Latias|Psyshock|p1a: Crawdaunt
|-immune|p1a: Crawdaunt|[msg]
|
|upkeep
|turn|9
|choice|*move 4|*
|j|TRS3..
|choice|*|*move 4
|choice|move dragondance|move thunderbolt
|
|move|p2a: Latias|Thunderbolt|p1a: Crawdaunt
|-supereffective|p1a: Crawdaunt
|-enditem|p1a: Crawdaunt|Focus Sash
|-damage|p1a: Crawdaunt|1\/267
|-damage|p2a: Latias|271\/301|[from] item: Life Orb
|move|p1a: Crawdaunt|Dragon Dance|p1a: Crawdaunt
|-boost|p1a: Crawdaunt|atk|1
|-boost|p1a: Crawdaunt|spe|1
|
|upkeep
|turn|10
|choice|*move 2|*
|choice|*|*move 4
|choice|move knockoff|move thunderbolt
|
|move|p2a: Latias|Thunderbolt|p1a: Crawdaunt
|-supereffective|p1a: Crawdaunt
|-damage|p1a: Crawdaunt|0 fnt
|-damage|p2a: Latias|241\/301|[from] item: Life Orb
|faint|p1a: Crawdaunt
|
|upkeep
|c|☆Jhey Jhey|sad
|choice|*switch 2|*
|choice|switch 2|
|
|switch|p1a: Absol|Absol, undefined|271\/271
|turn|11
|choice|*|*switch 6
|choice|*move 2 mega|*
|choice|move pursuit mega|switch 6
|
|-activate|p2a: Latias|move: Pursuit
|detailschange|p1a: Absol|Absol-Mega, F
|-mega|p1a: Absol|Absol|Absolite
|move|p1a: Absol|Pursuit|p2a: Latias|[from]Pursuit
|-supereffective|p2a: Latias
|-damage|p2a: Latias|0 fnt
|faint|p2a: Latias
|
|upkeep
|choice|*|*switch 4
|choice||switch 4
|
|switch|p2a: Scizor|Scizor, undefined|344\/344
|turn|12
|choice|*|*move 1
|choice|*switch 3|*
|choice|switch 3|move swordsdance
|
|switch|p1a: Gliscor|Gliscor, undefined, shiny|354\/354 tox
|move|p2a: Scizor|Swords Dance|p2a: Scizor
|-boost|p2a: Scizor|atk|2
|
|upkeep
|turn|13
|j|RealMadrid1
|choice|*|*move 1
|choice|*move 3|*
|choice|move swordsdance|move swordsdance
|
|move|p1a: Gliscor|Swords Dance|p1a: Gliscor
|-boost|p1a: Gliscor|atk|2
|move|p2a: Scizor|Swords Dance|p2a: Scizor
|-boost|p2a: Scizor|atk|2
|
|upkeep
|turn|14
|choice|*move 1|*
|choice|*|*move 2
|choice|move earthquake|move bulletpunch
|
|move|p2a: Scizor|Bullet Punch|p1a: Gliscor
|-damage|p1a: Gliscor|188\/354 tox
|move|p1a: Gliscor|Earthquake|p2a: Scizor
|-damage|p2a: Scizor|187\/344
|
|-heal|p2a: Scizor|208\/344|[from] item: Leftovers
|-heal|p1a: Gliscor|232\/354 tox|[from] ability: Poison Heal
|upkeep
|turn|15
|choice|*move 4|*
|choice|*|*move 4
|choice|move protect|move roost
|
|move|p1a: Gliscor|Protect|p1a: Gliscor
|-singleturn|p1a: Gliscor|Protect
|move|p2a: Scizor|Roost|p2a: Scizor
|-heal|p2a: Scizor|344\/344
|
|-heal|p1a: Gliscor|276\/354 tox|[from] ability: Poison Heal
|upkeep
|turn|16
|choice|*move 1|*
|choice|*|*move 1
|choice|move earthquake|move swordsdance
|
|move|p1a: Gliscor|Earthquake|p2a: Scizor
|-damage|p2a: Scizor|173\/344
|move|p2a: Scizor|Swords Dance|p2a: Scizor
|-boost|p2a: Scizor|atk|2
|
|-heal|p2a: Scizor|194\/344|[from] item: Leftovers
|-heal|p1a: Gliscor|320\/354 tox|[from] ability: Poison Heal
|upkeep
|turn|17
|choice|*move 1|*
|choice|*|*move 2
|choice|move earthquake|move bulletpunch
|
|move|p2a: Scizor|Bullet Punch|p1a: Gliscor
|-damage|p1a: Gliscor|98\/354 tox
|move|p1a: Gliscor|Earthquake|p2a: Scizor
|-damage|p2a: Scizor|23\/344
|
|-heal|p2a: Scizor|44\/344|[from] item: Leftovers
|-heal|p1a: Gliscor|142\/354 tox|[from] ability: Poison Heal
|upkeep
|turn|18
|choice|*|*move 2
|choice|*move 1|*
|choice|move earthquake|move bulletpunch
|
|move|p2a: Scizor|Bullet Punch|p1a: Gliscor
|-damage|p1a: Gliscor|0 fnt
|faint|p1a: Gliscor
|
|-heal|p2a: Scizor|65\/344|[from] item: Leftovers
|upkeep
|choice|*switch 5|*
|choice|switch 5|
|
|switch|p1a: Tentacruel|Tentacruel, undefined|327\/327
|turn|19
|choice|*move 2|*
|choice|*|*move 2
|choice|move scald|move bulletpunch
|
|move|p2a: Scizor|Bullet Punch|p1a: Tentacruel
|-resisted|p1a: Tentacruel
|-damage|p1a: Tentacruel|98\/327
|move|p1a: Tentacruel|Scald|p2a: Scizor
|-damage|p2a: Scizor|0 fnt
|faint|p2a: Scizor
|
|-heal|p1a: Tentacruel|118\/327|[from] item: Black Sludge
|upkeep
|choice|*|*switch 3
|choice||switch 3
|
|switch|p2a: Magneton|Magneton, undefined|241\/241
|turn|20
|choice|*switch 6|*
|choice|*|*move 2
|choice|switch 6|move voltswitch
|
|switch|p1a: Blissey|Blissey, undefined|714\/714
|move|p2a: Magneton|Volt Switch|p1a: Blissey
|-damage|p1a: Blissey|570\/714
|c|☆Vinys ♔|gg
|-message|Vinys ♔ se rindió.
|
|win|Jhey Jhey
|player|p1
|player|p2
|l|Vinys ♔
|l|Gladiolus
|l|RealMadrid1</script>
</div>
<div class="battle-log battle-log-inline"><div class="inner"><div class="battle-options"></div><div class="inner"><div class="chat"><small>Jhey Jhey joined.</small></div><div class="chat"><small>Vinys ♔ joined.</small></div><div class=""><small>Format:</small> <br><strong>UU</strong></div><div class=""><small><em>Cláusula-Mod de Dormir:</em> solo puedes dormir a uno de tus oponentes a la vez.</small></div><div class=""><small><em>Cláusula de Especie:</em> Hasta un Pokémon de cada especie</small></div><div class=""><small><em>Cláusula de Golpe Fulminante:</em> los movimientos fulminantes (OHKO) estan prohibidos</small></div><div class=""><small><em>Cláusula de Moody:</em> la habilidad Moody está prohibida</small></div><div class=""><small><em>Cláusula de Movimientos Evasivos:</em> los movimientos de evasion estan prohibidos</small></div><div class=""><small><em>Cláusula de Batallas Eternas:</em> forzar batallas eternas está prohibido</small></div><div class=""><small><em>Cláusula de Relevo:</em> se prohibe más de 1 Pokémon con Relevo, o transferir Velocidad junto a otros stats</small></div><div class="chat battle-history"><strong>Jhey Jhey's team:</strong> <em style="color:#445566;display:block;">Absol / Gliscor / Blissey / Hawlucha / Tentacruel / Crawdaunt</em></div><div class="chat battle-history"><strong>Vinys ♔'s team:</strong> <em style="color:#445566;display:block;">Suicune / Mew / Magneton / Scizor / Latias / Arcanine</em></div><div class="chat chatmessage-vinys"><strong style="color:hsl(131,79%,34.80612843458432%)"><small>☆</small><span class="username" data-name="Vinys ♔">Vinys ♔</span>:</strong> <em>Suerte</em></div><div class="chat"><small>Gladiolus joined.</small></div><div class="chat"><small>CursedStar joined.</small></div><div class="chat chatmessage-jheyjhey"><strong style="color:hsl(310,63%,47.31790315619182%)"><small>☆</small><span class="username" data-name="Jhey Jhey">Jhey Jhey</span>:</strong> <em>=</em></div><div class="chat"><div class="broadcast-red"><b>Chat Moderado. Nivel: +!</b><br>Solo quienes tengan rango + o superior pueden hablar.</div></div><div class="spacer battle-history"><br></div><div class="battle-history">Battle started between Jhey Jhey and Vinys ♔!<br></div><div class="spacer battle-history"><br></div><div class="battle-history">Go! <strong>Gliscor</strong>!<br></div><div class="spacer battle-history"><br></div><div class="battle-history">Vinys ♔ sent out <strong>Suicune</strong>!<br></div><div class="battle-history"><small>[The opposing Suicune's Pressure]</small><br><small>The opposing Suicune is exerting its pressure!</small><br></div><div class="spacer battle-history"><br></div><h2 class="battle-history">Turn 1</h2><div class="spacer battle-history"><br></div><div class="battle-history">The opposing Suicune used <strong>Calm Mind</strong>!<br></div><div class="battle-history"><small>The opposing Suicune's Special Attack rose!</small><br></div><div class="battle-history"><small>The opposing Suicune's Special Defense rose!</small><br></div><div class="spacer battle-history"><br></div><div class="battle-history">Gliscor used <strong>Toxic</strong>!<br></div><div class="battle-history"><small>The opposing Suicune was badly poisoned!</small><br></div><div class="spacer battle-history"><br></div><div class="battle-history"><small>The opposing Suicune was hurt by poison!</small><br></div><div class="battle-history"><small>Gliscor was badly poisoned!</small><br></div><div class="spacer battle-history"><br></div><h2 class="battle-history">Turn 2</h2><div class="spacer battle-history"><br></div><div class="battle-history">Gliscor used <strong>Protect</strong>!<br></div><div class="battle-history"><small>Gliscor protected itself!</small><br></div><div class="spacer battle-history"><br></div><div class="battle-history">The opposing Suicune used <strong>Calm Mind</strong>!<br></div><div class="battle-history"><small>The opposing Suicune's Special Attack rose!</small><br></div><div class="battle-history"><small>The opposing Suicune's Special Defense rose!</small><br></div><div class="spacer battle-history"><br></div><div class="battle-history"><small>The opposing Suicune was hurt by poison!</small><br></div><div class="spacer battle-history"><br></div><h2 class="battle-history">Turn 3</h2><div class="spacer battle-history"><br></div><div class="battle-history">Gliscor, come back!<br></div><div class="battle-history">Go! <strong>Blissey</strong>!<br></div><div class="spacer battle-history"><br></div><div class="battle-history">The opposing Suicune used <strong>Hydro Pump</strong>!<br></div><div class="battle-history"><small>(Blissey lost <abbr title="−229/714">32.1%</abbr> of its health!)</small><br></div><div class="spacer battle-history"><br></div><div class="battle-history"><small>The opposing Suicune was hurt by poison!</small><br></div><div class="spacer battle-history"><br></div><h2 class="battle-history">Turn 4</h2><div class="spacer battle-history"><br></div><div class="battle-history"><small>The opposing Suicune surrounded itself with its Z-Power!</small><br></div><div class="spacer battle-history"><br></div><div class="battle-history">The opposing Suicune used <strong>Hydro Vortex</strong>!<br></div><div class="battle-history"><small>(Blissey lost <abbr title="−426/714">59.7%</abbr> of its health!)</small><br></div><div class="spacer battle-history"><br></div><div class="battle-history">Blissey used <strong>Soft-Boiled</strong>!<br></div><div class="battle-history"><small>Blissey restored its HP.</small><br></div><div class="spacer battle-history"><br></div><div class="battle-history"><small>The opposing Suicune was hurt by poison!</small><br></div><div class="spacer battle-history"><br></div><h2 class="battle-history">Turn 5</h2><div class="chat chatmessage-vinys"><strong style="color:hsl(131,79%,34.80612843458432%)"><small>☆</small><span class="username" data-name="Vinys ♔">Vinys ♔</span>:</strong> <em>a-a</em></div><div class="spacer battle-history"><br></div><div class="battle-history">Vinys ♔ withdrew Suicune!<br></div><div class="battle-history">Vinys ♔ sent out <strong>Arcanine</strong>!<br></div><div class="battle-history"><small>[The opposing Arcanine's Intimidate]</small><br></div><div class="battle-history"><small>Blissey's Attack fell!</small><br></div><div class="spacer battle-history"><br></div><div class="battle-history">Blissey used <strong>Soft-Boiled</strong>!<br></div><div class="battle-history"><small>Blissey restored its HP.</small><br></div><div class="spacer battle-history"><br></div><h2 class="battle-history">Turn 6</h2><div class="spacer battle-history"><br></div><div class="battle-history">The opposing Arcanine used <strong>Close Combat</strong>!<br></div><div class="battle-history"><small>It's super effective!</small><br></div><div class="battle-history"><small>Blissey ate its Chople Berry!</small><br></div><div class="battle-history"><small>The Chople Berry weakened the damage to Blissey!</small><br></div><div class="battle-history"><small>(Blissey lost <abbr title="−347/714">48.6%</abbr> of its health!)</small><br></div><div class="battle-history"><small>The opposing Arcanine's Defense fell!</small><br></div><div class="battle-history"><small>The opposing Arcanine's Special Defense fell!</small><br></div><div class="spacer battle-history"><br></div><div class="battle-history">Blissey used <strong>Counter</strong>!<br></div><div class="battle-history"><small>(The opposing Arcanine lost <abbr title="−321/321">100%</abbr> of its health!)</small><br></div><div class="spacer battle-history"><br></div><div class="battle-history">The opposing Arcanine fainted!<br></div><div class="spacer battle-history"><br></div><div class="battle-history">Vinys ♔ sent out <strong>Latias</strong>!<br></div><div class="spacer battle-history"><br></div><h2 class="battle-history">Turn 7</h2><div class="chat"><small>Swan Dark joined.</small></div><div class="spacer battle-history"><br></div><div class="battle-history">The opposing Latias used <strong>Calm Mind</strong>!<br></div><div class="battle-history"><small>The opposing Latias's Special Attack rose!</small><br></div><div class="battle-history"><small>The opposing Latias's Special Defense rose!</small><br></div><div class="spacer battle-history"><br></div><div class="battle-history">Blissey used <strong>Soft-Boiled</strong>!<br></div><div class="battle-history"><small>Blissey restored its HP.</small><br></div><div class="spacer battle-history"><br></div><h2 class="battle-history">Turn 8</h2><div class="spacer battle-history"><br></div><div class="battle-history">Blissey, come back!<br></div><div class="battle-history">Go! <strong>Crawdaunt</strong>!<br></div><div class="spacer battle-history"><br></div><div class="battle-history">The opposing Latias used <strong>Psyshock</strong>!<br></div><div class="battle-history"><small>It doesn't affect Crawdaunt...</small><br></div><div class="spacer battle-history"><br></div><h2 class="battle-history">Turn 9</h2><div class="chat"><small>TRS3.. joined.</small></div><div class="spacer battle-history"><br></div><div class="battle-history">The opposing Latias used <strong>Thunderbolt</strong>!<br></div><div class="battle-history"><small>It's super effective!</small><br></div><div class="battle-history"><small>Crawdaunt hung on using its Focus Sash!</small><br></div><div class="battle-history"><small>(Crawdaunt lost <abbr title="−266/267">99.6%</abbr> of its health!)</small><br></div><div class="battle-history"><small>The opposing Latias lost some of its HP!</small><br></div><div class="spacer battle-history"><br></div><div class="battle-history">Crawdaunt used <strong>Dragon Dance</strong>!<br></div><div class="battle-history"><small>Crawdaunt's Attack rose!</small><br></div><div class="battle-history"><small>Crawdaunt's Speed rose!</small><br></div><div class="spacer battle-history"><br></div><h2 class="battle-history">Turn 10</h2><div class="spacer battle-history"><br></div><div class="battle-history">The opposing Latias used <strong>Thunderbolt</strong>!<br></div><div class="battle-history"><small>It's super effective!</small><br></div><div class="battle-history"><small>(Crawdaunt lost <abbr title="−1/267">0.4%</abbr> of its health!)</small><br></div><div class="battle-history"><small>The opposing Latias lost some of its HP!</small><br></div><div class="spacer battle-history"><br></div><div class="battle-history">Crawdaunt fainted!<br></div><div class="chat chatmessage-jheyjhey"><strong style="color:hsl(310,63%,47.31790315619182%)"><small>☆</small><span class="username" data-name="Jhey Jhey">Jhey Jhey</span>:</strong> <em>sad</em></div><div class="spacer battle-history"><br></div><div class="battle-history">Go! <strong>Absol</strong>!<br></div><div class="spacer battle-history"><br></div><h2 class="battle-history">Turn 11</h2><div class="spacer battle-history"><br></div><div class="battle-history"><small>(The opposing Latias is being withdrawn...)</small><br></div><div class="spacer battle-history"><br></div><div class="battle-history"><small>Absol's Absolite is reacting to the Key Stone!</small><br>Absol has Mega Evolved into Mega Absol!<br></div><div class="spacer battle-history"><br></div><div class="battle-history">Absol used <strong>Pursuit</strong>!<br></div><div class="battle-history"><small>It's super effective!</small><br></div><div class="battle-history"><small>(The opposing Latias lost <abbr title="−241/301">80.1%</abbr> of its health!)</small><br></div><div class="spacer battle-history"><br></div><div class="battle-history">The opposing Latias fainted!<br></div><div class="spacer battle-history"><br></div><div class="battle-history">Vinys ♔ sent out <strong>Scizor</strong>!<br></div><div class="spacer battle-history"><br></div><h2 class="battle-history">Turn 12</h2><div class="spacer battle-history"><br></div><div class="battle-history">Absol, come back!<br></div><div class="battle-history">Go! <strong>Gliscor</strong>!<br></div><div class="spacer battle-history"><br></div><div class="battle-history">The opposing Scizor used <strong>Swords Dance</strong>!<br></div><div class="battle-history"><small>The opposing Scizor's Attack rose sharply!</small><br></div><div class="spacer battle-history"><br></div><h2 class="battle-history">Turn 13</h2><div class="chat"><small>RealMadrid1 joined.</small></div><div class="spacer battle-history"><br></div><div class="battle-history">Gliscor used <strong>Swords Dance</strong>!<br></div><div class="battle-history"><small>Gliscor's Attack rose sharply!</small><br></div><div class="spacer battle-history"><br></div><div class="battle-history">The opposing Scizor used <strong>Swords Dance</strong>!<br></div><div class="battle-history"><small>The opposing Scizor's Attack rose sharply!</small><br></div><div class="spacer battle-history"><br></div><h2 class="battle-history">Turn 14</h2><div class="spacer battle-history"><br></div><div class="battle-history">The opposing Scizor used <strong>Bullet Punch</strong>!<br></div><div class="battle-history"><small>(Gliscor lost <abbr title="−166/354">46.9%</abbr> of its health!)</small><br></div><div class="spacer battle-history"><br></div><div class="battle-history">Gliscor used <strong>Earthquake</strong>!<br></div><div class="battle-history"><small>(The opposing Scizor lost <abbr title="−157/344">45.6%</abbr> of its health!)</small><br></div><div class="spacer battle-history"><br></div><div class="battle-history"><small>The opposing Scizor restored a little HP using its Leftovers!</small><br></div><div class="battle-history"><small>[Gliscor's Poison Heal]</small><br><small>Gliscor restored its HP.</small><br></div><div class="spacer battle-history"><br></div><h2 class="battle-history">Turn 15</h2><div class="spacer battle-history"><br></div><div class="battle-history">Gliscor used <strong>Protect</strong>!<br></div><div class="battle-history"><small>Gliscor protected itself!</small><br></div><div class="spacer battle-history"><br></div><div class="battle-history">The opposing Scizor used <strong>Roost</strong>!<br></div><div class="battle-history"><small>The opposing Scizor restored its HP.</small><br></div><div class="spacer battle-history"><br></div><div class="battle-history"><small>[Gliscor's Poison Heal]</small><br><small>Gliscor restored its HP.</small><br></div><div class="spacer battle-history"><br></div><h2 class="battle-history">Turn 16</h2><div class="spacer battle-history"><br></div><div class="battle-history">Gliscor used <strong>Earthquake</strong>!<br></div><div class="battle-history"><small>(The opposing Scizor lost <abbr title="−171/344">49.7%</abbr> of its health!)</small><br></div><div class="spacer battle-history"><br></div><div class="battle-history">The opposing Scizor used <strong>Swords Dance</strong>!<br></div><div class="battle-history"><small>The opposing Scizor's Attack rose sharply!</small><br></div><div class="spacer battle-history"><br></div><div class="battle-history"><small>The opposing Scizor restored a little HP using its Leftovers!</small><br></div><div class="battle-history"><small>[Gliscor's Poison Heal]</small><br><small>Gliscor restored its HP.</small><br></div><div class="spacer battle-history"><br></div><h2 class="battle-history">Turn 17</h2><div class="spacer battle-history"><br></div><div class="battle-history">The opposing Scizor used <strong>Bullet Punch</strong>!<br></div><div class="battle-history"><small>(Gliscor lost <abbr title="−222/354">62.7%</abbr> of its health!)</small><br></div><div class="spacer battle-history"><br></div><div class="battle-history">Gliscor used <strong>Earthquake</strong>!<br></div><div class="battle-history"><small>(The opposing Scizor lost <abbr title="−171/344">49.7%</abbr> of its health!)</small><br></div><div class="spacer battle-history"><br></div><div class="battle-history"><small>The opposing Scizor restored a little HP using its Leftovers!</small><br></div><div class="battle-history"><small>[Gliscor's Poison Heal]</small><br><small>Gliscor restored its HP.</small><br></div><div class="spacer battle-history"><br></div><h2 class="battle-history">Turn 18</h2><div class="spacer battle-history"><br></div><div class="battle-history">The opposing Scizor used <strong>Bullet Punch</strong>!<br></div><div class="battle-history"><small>(Gliscor lost <abbr title="−142/354">40.1%</abbr> of its health!)</small><br></div><div class="spacer battle-history"><br></div><div class="battle-history">Gliscor fainted!<br></div><div class="spacer battle-history"><br></div><div class="battle-history"><small>The opposing Scizor restored a little HP using its Leftovers!</small><br></div><div class="spacer battle-history"><br></div><div class="battle-history">Go! <strong>Tentacruel</strong>!<br></div><div class="spacer battle-history"><br></div><h2 class="battle-history">Turn 19</h2><div class="spacer battle-history"><br></div><div class="battle-history">The opposing Scizor used <strong>Bullet Punch</strong>!<br></div><div class="battle-history"><small>It's not very effective...</small><br></div><div class="battle-history"><small>(Tentacruel lost <abbr title="−229/327">70.0%</abbr> of its health!)</small><br></div><div class="spacer battle-history"><br></div><div class="battle-history">Tentacruel used <strong>Scald</strong>!<br></div><div class="battle-history"><small>(The opposing Scizor lost <abbr title="−65/344">18.9%</abbr> of its health!)</small><br></div><div class="spacer battle-history"><br></div><div class="battle-history">The opposing Scizor fainted!<br></div><div class="spacer battle-history"><br></div><div class="battle-history"><small>Tentacruel restored a little HP using its Black Sludge!</small><br></div><div class="spacer battle-history"><br></div><div class="battle-history">Vinys ♔ sent out <strong>Magneton</strong>!<br></div><div class="spacer battle-history"><br></div><h2 class="battle-history">Turn 20</h2><div class="spacer battle-history"><br></div><div class="battle-history">Tentacruel, come back!<br></div><div class="battle-history">Go! <strong>Blissey</strong>!<br></div><div class="spacer battle-history"><br></div><div class="battle-history">The opposing Magneton used <strong>Volt Switch</strong>!<br></div><div class="battle-history"><small>(Blissey lost <abbr title="−144/714">20.2%</abbr> of its health!)</small><br></div><div class="chat chatmessage-vinys"><strong style="color:hsl(131,79%,34.80612843458432%)"><small>☆</small><span class="username" data-name="Vinys ♔">Vinys ♔</span>:</strong> <em>gg</em></div><div class="battle-history"><small>Vinys ♔ se rindió.</small><br></div><div class="spacer battle-history"><br></div><div class="battle-history"><strong>Jhey Jhey</strong> won the battle!<br></div><div class="chat"><small>Vinys ♔ left.</small></div><div class="chat"><small>Gladiolus left.</small></div><div class="chat"><small>RealMadrid1 left.</small></div></div><div class="inner-preempt"></div></div></div>
</div>
<script>
let daily = Math.floor(Date.now()/1000/60/60/24);document.write('<script src="https://play.pokemonshowdown.com/js/replay-embed.js?version'+daily+'"></'+'script>');
</script>
