<!DOCTYPE html>
<meta charset="utf-8" />
<!-- version 1 -->
<title>UU replay: Anakleto vs. RobbieRottenWeAre1</title>
<style>
html,body {font-family:Verdana, sans-serif;font-size:10pt;margin:0;padding:0;}body{padding:12px 0;} .battle-log {font-family:Verdana, sans-serif;font-size:10pt;} .battle-log-inline {border:1px solid #AAAAAA;background:#EEF2F5;color:black;max-width:640px;margin:0 auto 80px;padding-bottom:5px;} .battle-log .inner {padding:4px 8px 0px 8px;} .battle-log .inner-preempt {padding:0 8px 4px 8px;} .battle-log .inner-after {margin-top:0.5em;} .battle-log h2 {margin:0.5em -8px;padding:4px 8px;border:1px solid #AAAAAA;background:#E0E7EA;border-left:0;border-right:0;font-family:Verdana, sans-serif;font-size:13pt;} .battle-log .chat {vertical-align:middle;padding:3px 0 3px 0;font-size:8pt;} .battle-log .chat strong {color:#40576A;} .battle-log .chat em {padding:1px 4px 1px 3px;color:#000000;font-style:normal;} .chat.mine {background:rgba(0,0,0,0.05);margin-left:-8px;margin-right:-8px;padding-left:8px;padding-right:8px;} .spoiler {color:#BBBBBB;background:#BBBBBB;padding:0px 3px;} .spoiler:hover, .spoiler:active, .spoiler-shown {color:#000000;background:#E2E2E2;padding:0px 3px;} .spoiler a {color:#BBBBBB;} .spoiler:hover a, .spoiler:active a, .spoiler-shown a {color:#2288CC;} .chat code, .chat .spoiler:hover code, .chat .spoiler:active code, .chat .spoiler-shown code {border:1px solid #C0C0C0;background:#EEEEEE;color:black;padding:0 2px;} .chat .spoiler code {border:1px solid #CCCCCC;background:#CCCCCC;color:#CCCCCC;} .battle-log .rated {padding:3px 4px;} .battle-log .rated strong {color:white;background:#89A;padding:1px 4px;border-radius:4px;} .spacer {margin-top:0.5em;} .message-announce {background:#6688AA;color:white;padding:1px 4px 2px;} .message-announce a, .broadcast-green a, .broadcast-blue a, .broadcast-red a {color:#DDEEFF;} .broadcast-green {background-color:#559955;color:white;padding:2px 4px;} .broadcast-blue {background-color:#6688AA;color:white;padding:2px 4px;} .infobox {border:1px solid #6688AA;padding:2px 4px;} .infobox-limited {max-height:200px;overflow:auto;overflow-x:hidden;} .broadcast-red {background-color:#AA5544;color:white;padding:2px 4px;} .message-learn-canlearn {font-weight:bold;color:#228822;text-decoration:underline;} .message-learn-cannotlearn {font-weight:bold;color:#CC2222;text-decoration:underline;} .message-effect-weak {font-weight:bold;color:#CC2222;} .message-effect-resist {font-weight:bold;color:#6688AA;} .message-effect-immune {font-weight:bold;color:#666666;} .message-learn-list {margin-top:0;margin-bottom:0;} .message-throttle-notice, .message-error {color:#992222;} .message-overflow, .chat small.message-overflow {font-size:0pt;} .message-overflow::before {font-size:9pt;content:'...';} .subtle {color:#3A4A66;}
</style>
<div class="wrapper replay-wrapper" style="max-width:1180px;margin:0 auto">
<input type="hidden" name="replayid" value="uu-534158935" />
<div class="battle"></div><div class="battle-log"></div><div class="replay-controls"></div><div class="replay-controls-2"></div>
<h1 style="font-weight:normal;text-align:center"><strong>UU</strong><br /><a href="http://pokemonshowdown.com/users/anakleto" class="subtle" target="_blank">Anakleto</a> vs. <a href="http://pokemonshowdown.com/users/robbierottenweare1" class="subtle" target="_blank">RobbieRottenWeAre1</a></h1>
<script type="text/plain" class="battle-log-data">|j|Anakleto
|j|RobbieRottenWeAre1
|player|p1|Anakleto|154
|player|p2|RobbieRottenWeAre1|176
|gametype|singles
|gen|6
|tier|UU
|rated
|seed|21628,39986,8298,6686
|rule|Sleep Clause Mod: Limit one foe put to sleep
|rule|Species Clause: Limit one of each Pokémon
|rule|OHKO Clause: OHKO moves are banned
|rule|Moody Clause: Moody is banned
|rule|Evasion Moves Clause: Evasion moves are banned
|rule|Endless Battle Clause: Forcing endless battles is banned
|rule|HP Percentage Mod: HP is shown in percentages
|clearpoke
|poke|p1|Scyther, F|item
|poke|p1|Feraligatr, F|item
|poke|p1|Donphan, F|item
|poke|p1|Snorlax, M|item
|poke|p1|Torterra, M|item
|poke|p1|Ampharos, M|item
|poke|p2|Snorlax, M, shiny|item
|poke|p2|Cofagrigus, M, shiny|item
|poke|p2|Absol, F, shiny|item
|poke|p2|Forretress, M, shiny|item
|poke|p2|Tornadus, M, shiny|item
|poke|p2|Mienshao, F, shiny|item
|rule|Swagger Clause: Swagger is banned
|rule|Baton Pass Clause: Limit one Baton Passer, can't pass Spe and other stats simultaneously
|teampreview
|c|★RobbieRottenWeAre1|gl
|choice|team 1, team 2, team 3, team 4, team 5, team 6|team 5, team 2, team 3, team 4, team 1, team 6
|
|start
|switch|p1a: BixoDestruktor|Scyther, F|281\/281
|switch|p2a: Tornadus|Tornadus, M, shiny|362\/362
|turn|1
|choice|switch 6|move substitute
|
|switch|p1a: ElektrisistaDestru|Ampharos, M|383\/383
|move|p2a: Tornadus|Substitute|p2a: Tornadus
|-start|p2a: Tornadus|Substitute
|-damage|p2a: Tornadus|272\/362
|
|-heal|p2a: Tornadus|294\/362|[from] item: Leftovers
|upkeep
|turn|2
|choice|move thunderbolt mega|move toxic
|
|detailschange|p1a: ElektrisistaDestru|Ampharos-Mega, M
|-mega|p1a: ElektrisistaDestru|Ampharos|Ampharosite
|-ability|p1a: ElektrisistaDestru|Mold Breaker
|move|p2a: Tornadus|Toxic|p1a: ElektrisistaDestru
|-status|p1a: ElektrisistaDestru|tox
|move|p1a: ElektrisistaDestru|Thunderbolt|p2a: Tornadus
|-supereffective|p2a: Tornadus
|-end|p2a: Tornadus|Substitute
|
|-heal|p2a: Tornadus|316\/362|[from] item: Leftovers
|-damage|p1a: ElektrisistaDestru|360\/383 tox|[from] psn
|upkeep
|turn|3
|choice|move thunderbolt|move substitute
|
|move|p2a: Tornadus|Substitute|p2a: Tornadus
|-start|p2a: Tornadus|Substitute
|-damage|p2a: Tornadus|226\/362
|move|p1a: ElektrisistaDestru|Thunderbolt|p2a: Tornadus
|-supereffective|p2a: Tornadus
|-end|p2a: Tornadus|Substitute
|
|-heal|p2a: Tornadus|248\/362|[from] item: Leftovers
|-damage|p1a: ElektrisistaDestru|314\/383 tox|[from] psn
|upkeep
|turn|4
|choice|move thunderbolt|move substitute
|
|move|p2a: Tornadus|Substitute|p2a: Tornadus
|-start|p2a: Tornadus|Substitute
|-damage|p2a: Tornadus|158\/362
|move|p1a: ElektrisistaDestru|Thunderbolt|p2a: Tornadus
|-supereffective|p2a: Tornadus
|-end|p2a: Tornadus|Substitute
|
|-heal|p2a: Tornadus|180\/362|[from] item: Leftovers
|-damage|p1a: ElektrisistaDestru|245\/383 tox|[from] psn
|upkeep
|turn|5
|choice|move thunderbolt|move substitute
|
|move|p2a: Tornadus|Substitute|p2a: Tornadus
|-start|p2a: Tornadus|Substitute
|-damage|p2a: Tornadus|90\/362
|move|p1a: ElektrisistaDestru|Thunderbolt|p2a: Tornadus
|-supereffective|p2a: Tornadus
|-end|p2a: Tornadus|Substitute
|
|-heal|p2a: Tornadus|112\/362|[from] item: Leftovers
|-damage|p1a: ElektrisistaDestru|153\/383 tox|[from] psn
|upkeep
|turn|6
|choice|switch 4|move substitute
|
|switch|p1a: DestruktorGato|Snorlax, M|524\/524
|move|p2a: Tornadus|Substitute|p2a: Tornadus
|-start|p2a: Tornadus|Substitute
|-damage|p2a: Tornadus|22\/362
|
|-heal|p2a: Tornadus|44\/362|[from] item: Leftovers
|upkeep
|turn|7
|choice|move curse|move airslash
|
|move|p2a: Tornadus|Air Slash|p1a: DestruktorGato
|-damage|p1a: DestruktorGato|431\/524
|move|p1a: DestruktorGato|Curse|p1a: DestruktorGato
|-unboost|p1a: DestruktorGato|spe|1
|-boost|p1a: DestruktorGato|atk|1
|-boost|p1a: DestruktorGato|def|1
|
|-heal|p2a: Tornadus|66\/362|[from] item: Leftovers
|-heal|p1a: DestruktorGato|463\/524|[from] item: Leftovers
|upkeep
|turn|8
|choice|move curse|move toxic
|
|move|p2a: Tornadus|Toxic|p1a: DestruktorGato
|-status|p1a: DestruktorGato|tox
|move|p1a: DestruktorGato|Curse|p1a: DestruktorGato
|-unboost|p1a: DestruktorGato|spe|1
|-boost|p1a: DestruktorGato|atk|1
|-boost|p1a: DestruktorGato|def|1
|
|-heal|p2a: Tornadus|88\/362|[from] item: Leftovers
|-heal|p1a: DestruktorGato|495\/524 tox|[from] item: Leftovers
|-damage|p1a: DestruktorGato|463\/524 tox|[from] psn
|upkeep
|turn|9
|choice|move curse|move taunt
|
|move|p2a: Tornadus|Taunt|p1a: DestruktorGato
|-start|p1a: DestruktorGato|move: Taunt
|cant|p1a: DestruktorGato|move: Taunt|Curse
|
|-heal|p2a: Tornadus|110\/362|[from] item: Leftovers
|-heal|p1a: DestruktorGato|495\/524 tox|[from] item: Leftovers
|-damage|p1a: DestruktorGato|431\/524 tox|[from] psn
|upkeep
|turn|10
|choice|move bodyslam|move airslash
|
|move|p2a: Tornadus|Air Slash|p1a: DestruktorGato
|-damage|p1a: DestruktorGato|334\/524 tox
|move|p1a: DestruktorGato|Body Slam|p2a: Tornadus
|-end|p2a: Tornadus|Substitute
|
|-heal|p2a: Tornadus|132\/362|[from] item: Leftovers
|-heal|p1a: DestruktorGato|366\/524 tox|[from] item: Leftovers
|-damage|p1a: DestruktorGato|270\/524 tox|[from] psn
|upkeep
|turn|11
|choice|move bodyslam|move substitute
|
|move|p2a: Tornadus|Substitute|p2a: Tornadus
|-start|p2a: Tornadus|Substitute
|-damage|p2a: Tornadus|42\/362
|move|p1a: DestruktorGato|Body Slam|p2a: Tornadus
|-end|p2a: Tornadus|Substitute
|
|-heal|p2a: Tornadus|64\/362|[from] item: Leftovers
|-heal|p1a: DestruktorGato|302\/524 tox|[from] item: Leftovers
|-damage|p1a: DestruktorGato|174\/524 tox|[from] psn
|-end|p1a: DestruktorGato|move: Taunt
|upkeep
|turn|12
|choice|move bodyslam|move taunt
|
|move|p2a: Tornadus|Taunt|p1a: DestruktorGato
|-start|p1a: DestruktorGato|move: Taunt
|move|p1a: DestruktorGato|Body Slam|p2a: Tornadus
|-damage|p2a: Tornadus|0 fnt
|faint|p2a: Tornadus
|
|-heal|p1a: DestruktorGato|206\/524 tox|[from] item: Leftovers
|-damage|p1a: DestruktorGato|46\/524 tox|[from] psn
|upkeep
|choice||switch 3
|
|switch|p2a: Absol|Absol, F, shiny|272\/272
|-ability|p2a: Absol|Pressure
|turn|13
|c|★Anakleto|You have no Life
|choice|move bodyslam|move knockoff mega
|
|detailschange|p2a: Absol|Absol-Mega, F, shiny
|-mega|p2a: Absol|Absol|Absolite
|move|p2a: Absol|Knock Off|p1a: DestruktorGato
|-crit|p1a: DestruktorGato
|-damage|p1a: DestruktorGato|0 fnt
|-enditem|p1a: DestruktorGato|Leftovers|[from] move: Knock Off|[of] p2a: Absol
|faint|p1a: DestruktorGato
|
|upkeep
|choice|switch 6|
|
|switch|p1a: BixoDestruktor|Scyther, F|281\/281
|turn|14
|c|★RobbieRottenWeAre1|dont talk about your mom like that
|choice|move swordsdance|move stoneedge
|
|move|p2a: Absol|Stone Edge|p1a: BixoDestruktor
|-supereffective|p1a: BixoDestruktor
|-damage|p1a: BixoDestruktor|0 fnt
|faint|p1a: BixoDestruktor
|
|upkeep
|choice|switch 2|
|
|switch|p1a: KrokodiloDestrukto|Feraligatr, F|311\/311
|turn|15
|choice|move dragondance|move knockoff
|
|move|p2a: Absol|Knock Off|p1a: KrokodiloDestrukto
|-damage|p1a: KrokodiloDestrukto|113\/311
|-enditem|p1a: KrokodiloDestrukto|Leftovers|[from] move: Knock Off|[of] p2a: Absol
|move|p1a: KrokodiloDestrukto|Dragon Dance|p1a: KrokodiloDestrukto
|-boost|p1a: KrokodiloDestrukto|atk|1
|-boost|p1a: KrokodiloDestrukto|spe|1
|
|upkeep
|turn|16
|choice|move waterfall|move suckerpunch
|
|move|p2a: Absol|Sucker Punch|p1a: KrokodiloDestrukto
|-damage|p1a: KrokodiloDestrukto|0 fnt
|faint|p1a: KrokodiloDestrukto
|
|upkeep
|-message|Anakleto forfeited.
|
|win|RobbieRottenWeAre1
|player|p1
|player|p2
|l|Anakleto</script>
</div>
<div class="battle-log battle-log-inline"><div class="inner"><div class="battle-options"></div><div class="inner"><div class="chat"><small>Anakleto joined.</small></div><div class="chat"><small>RobbieRottenWeAre1 joined.</small></div><div class=""><small>Format:</small> <br><strong>UU</strong></div><div class="rated"><strong>Rated battle</strong></div><div class=""><small><em>Sleep Clause Mod:</em> Limit one foe put to sleep</small></div><div class=""><small><em>Species Clause:</em> Limit one of each Pokémon</small></div><div class=""><small><em>OHKO Clause:</em> OHKO moves are banned</small></div><div class=""><small><em>Moody Clause:</em> Moody is banned</small></div><div class=""><small><em>Evasion Moves Clause:</em> Evasion moves are banned</small></div><div class=""><small><em>Endless Battle Clause:</em> Forcing endless battles is banned</small></div><div class=""><small><em>HP Percentage Mod:</em> HP is shown in percentages</small></div><div class=""><small><em>Swagger Clause:</em> Swagger is banned</small></div><div class=""><small><em>Baton Pass Clause:</em> Limit one Baton Passer, can't pass Spe and other stats simultaneously</small></div><div class="chat battle-history"><strong>Anakleto's team:</strong> <em style="color:#445566;display:block;">Scyther / Feraligatr / Donphan / Snorlax / Torterra / Ampharos</em></div><div class="chat battle-history"><strong>RobbieRottenWeAre1's team:</strong> <em style="color:#445566;display:block;">Snorlax / Cofagrigus / Absol / Forretress / Tornadus / Mienshao</em></div><div class="chat chatmessage-robbierottenweare1"><strong style="color:hsl(24,68%,48%)"><small>★</small><span class="username" data-name="RobbieRottenWeAre1">RobbieRottenWeAre1</span>:</strong> <em>gl</em></div><div class="spacer battle-history"><br></div><div class="battle-history">Battle started between Anakleto and RobbieRottenWeAre1!<br></div><div class="spacer battle-history"><br></div><div class="battle-history">Go! BixoDestruktor (<strong>Scyther</strong>)!<br></div><div class="spacer battle-history"><br></div><div class="battle-history">RobbieRottenWeAre1 sent out <strong>Tornadus</strong>!<br></div><div class="spacer battle-history"><br></div><h2 class="battle-history">Turn 1</h2><div class="spacer battle-history"><br></div><div class="battle-history">BixoDestruktor, come back!<br></div><div class="battle-history">Go! ElektrisistaDestru (<strong>Ampharos</strong>)!<br></div><div class="spacer battle-history"><br></div><div class="battle-history">The opposing Tornadus used <strong>Substitute</strong>!<br></div><div class="battle-history"><small>The opposing Tornadus put in a substitute!</small><br></div><div class="battle-history"><small>(The opposing Tornadus lost <abbr title="−90/362">24.9%</abbr> of its health!)</small><br></div><div class="spacer battle-history"><br></div><div class="battle-history"><small>The opposing Tornadus restored a little HP using its Leftovers!</small><br></div><div class="spacer battle-history"><br></div><h2 class="battle-history">Turn 2</h2><div class="spacer battle-history"><br></div><div class="battle-history"><small>ElektrisistaDestru's Ampharosite is reacting to Anakleto's Mega Bracelet!</small><br>ElektrisistaDestru has Mega Evolved into Mega Ampharos!<br></div><div class="battle-history"><small>[ElektrisistaDestru's Mold Breaker]</small><br><small>ElektrisistaDestru breaks the mold!</small><br></div><div class="spacer battle-history"><br></div><div class="battle-history">The opposing Tornadus used <strong>Toxic</strong>!<br></div><div class="battle-history"><small>ElektrisistaDestru was badly poisoned!</small><br></div><div class="spacer battle-history"><br></div><div class="battle-history">ElektrisistaDestru used <strong>Thunderbolt</strong>!<br></div><div class="battle-history"><small>It's super effective!</small><br></div><div class="battle-history"><small>The opposing Tornadus's substitute faded!</small><br></div><div class="spacer battle-history"><br></div><div class="battle-history"><small>The opposing Tornadus restored a little HP using its Leftovers!</small><br></div><div class="battle-history"><small>ElektrisistaDestru was hurt by poison!</small><br></div><div class="spacer battle-history"><br></div><h2 class="battle-history">Turn 3</h2><div class="spacer battle-history"><br></div><div class="battle-history">The opposing Tornadus used <strong>Substitute</strong>!<br></div><div class="battle-history"><small>The opposing Tornadus put in a substitute!</small><br></div><div class="battle-history"><small>(The opposing Tornadus lost <abbr title="−90/362">24.9%</abbr> of its health!)</small><br></div><div class="spacer battle-history"><br></div><div class="battle-history">ElektrisistaDestru used <strong>Thunderbolt</strong>!<br></div><div class="battle-history"><small>It's super effective!</small><br></div><div class="battle-history"><small>The opposing Tornadus's substitute faded!</small><br></div><div class="spacer battle-history"><br></div><div class="battle-history"><small>The opposing Tornadus restored a little HP using its Leftovers!</small><br></div><div class="battle-history"><small>ElektrisistaDestru was hurt by poison!</small><br></div><div class="spacer battle-history"><br></div><h2 class="battle-history">Turn 4</h2><div class="spacer battle-history"><br></div><div class="battle-history">The opposing Tornadus used <strong>Substitute</strong>!<br></div><div class="battle-history"><small>The opposing Tornadus put in a substitute!</small><br></div><div class="battle-history"><small>(The opposing Tornadus lost <abbr title="−90/362">24.9%</abbr> of its health!)</small><br></div><div class="spacer battle-history"><br></div><div class="battle-history">ElektrisistaDestru used <strong>Thunderbolt</strong>!<br></div><div class="battle-history"><small>It's super effective!</small><br></div><div class="battle-history"><small>The opposing Tornadus's substitute faded!</small><br></div><div class="spacer battle-history"><br></div><div class="battle-history"><small>The opposing Tornadus restored a little HP using its Leftovers!</small><br></div><div class="battle-history"><small>ElektrisistaDestru was hurt by poison!</small><br></div><div class="spacer battle-history"><br></div><h2 class="battle-history">Turn 5</h2><div class="spacer battle-history"><br></div><div class="battle-history">The opposing Tornadus used <strong>Substitute</strong>!<br></div><div class="battle-history"><small>The opposing Tornadus put in a substitute!</small><br></div><div class="battle-history"><small>(The opposing Tornadus lost <abbr title="−90/362">24.9%</abbr> of its health!)</small><br></div><div class="spacer battle-history"><br></div><div class="battle-history">ElektrisistaDestru used <strong>Thunderbolt</strong>!<br></div><div class="battle-history"><small>It's super effective!</small><br></div><div class="battle-history"><small>The opposing Tornadus's substitute faded!</small><br></div><div class="spacer battle-history"><br></div><div class="battle-history"><small>The opposing Tornadus restored a little HP using its Leftovers!</small><br></div><div class="battle-history"><small>ElektrisistaDestru was hurt by poison!</small><br></div><div class="spacer battle-history"><br></div><h2 class="battle-history">Turn 6</h2><div class="spacer battle-history"><br></div><div class="battle-history">ElektrisistaDestru, come back!<br></div><div class="battle-history">Go! DestruktorGato (<strong>Snorlax</strong>)!<br></div><div class="spacer battle-history"><br></div><div class="battle-history">The opposing Tornadus used <strong>Substitute</strong>!<br></div><div class="battle-history"><small>The opposing Tornadus put in a substitute!</small><br></div><div class="battle-history"><small>(The opposing Tornadus lost <abbr title="−90/362">24.9%</abbr> of its health!)</small><br></div><div class="spacer battle-history"><br></div><div class="battle-history"><small>The opposing Tornadus restored a little HP using its Leftovers!</small><br></div><div class="spacer battle-history"><br></div><h2 class="battle-history">Turn 7</h2><div class="spacer battle-history"><br></div><div class="battle-history">The opposing Tornadus used <strong>Air Slash</strong>!<br></div><div class="battle-history"><small>(DestruktorGato lost <abbr title="−93/524">17.7%</abbr> of its health!)</small><br></div><div class="spacer battle-history"><br></div><div class="battle-history">DestruktorGato used <strong>Curse</strong>!<br></div><div class="battle-history"><small>DestruktorGato's Speed fell!</small><br></div><div class="battle-history"><small>DestruktorGato's Attack rose!</small><br></div><div class="battle-history"><small>DestruktorGato's Defense rose!</small><br></div><div class="spacer battle-history"><br></div><div class="battle-history"><small>The opposing Tornadus restored a little HP using its Leftovers!</small><br></div><div class="battle-history"><small>DestruktorGato restored a little HP using its Leftovers!</small><br></div><div class="spacer battle-history"><br></div><h2 class="battle-history">Turn 8</h2><div class="spacer battle-history"><br></div><div class="battle-history">The opposing Tornadus used <strong>Toxic</strong>!<br></div><div class="battle-history"><small>DestruktorGato was badly poisoned!</small><br></div><div class="spacer battle-history"><br></div><div class="battle-history">DestruktorGato used <strong>Curse</strong>!<br></div><div class="battle-history"><small>DestruktorGato's Speed fell!</small><br></div><div class="battle-history"><small>DestruktorGato's Attack rose!</small><br></div><div class="battle-history"><small>DestruktorGato's Defense rose!</small><br></div><div class="spacer battle-history"><br></div><div class="battle-history"><small>The opposing Tornadus restored a little HP using its Leftovers!</small><br></div><div class="battle-history"><small>DestruktorGato restored a little HP using its Leftovers!</small><br></div><div class="battle-history"><small>DestruktorGato was hurt by poison!</small><br></div><div class="spacer battle-history"><br></div><h2 class="battle-history">Turn 9</h2><div class="spacer battle-history"><br></div><div class="battle-history">The opposing Tornadus used <strong>Taunt</strong>!<br></div><div class="battle-history"><small>DestruktorGato fell for the taunt!</small><br></div><div class="spacer battle-history"><br></div><div class="battle-history">DestruktorGato can't use Curse after the taunt!<br></div><div class="spacer battle-history"><br></div><div class="battle-history"><small>The opposing Tornadus restored a little HP using its Leftovers!</small><br></div><div class="battle-history"><small>DestruktorGato restored a little HP using its Leftovers!</small><br></div><div class="battle-history"><small>DestruktorGato was hurt by poison!</small><br></div><div class="spacer battle-history"><br></div><h2 class="battle-history">Turn 10</h2><div class="spacer battle-history"><br></div><div class="battle-history">The opposing Tornadus used <strong>Air Slash</strong>!<br></div><div class="battle-history"><small>(DestruktorGato lost <abbr title="−97/524">18.5%</abbr> of its health!)</small><br></div><div class="spacer battle-history"><br></div><div class="battle-history">DestruktorGato used <strong>Body Slam</strong>!<br></div><div class="battle-history"><small>The opposing Tornadus's substitute faded!</small><br></div><div class="spacer battle-history"><br></div><div class="battle-history"><small>The opposing Tornadus restored a little HP using its Leftovers!</small><br></div><div class="battle-history"><small>DestruktorGato restored a little HP using its Leftovers!</small><br></div><div class="battle-history"><small>DestruktorGato was hurt by poison!</small><br></div><div class="spacer battle-history"><br></div><h2 class="battle-history">Turn 11</h2><div class="spacer battle-history"><br></div><div class="battle-history">The opposing Tornadus used <strong>Substitute</strong>!<br></div><div class="battle-history"><small>The opposing Tornadus put in a substitute!</small><br></div><div class="battle-history"><small>(The opposing Tornadus lost <abbr title="−90/362">24.9%</abbr> of its health!)</small><br></div><div class="spacer battle-history"><br></div><div class="battle-history">DestruktorGato used <strong>Body Slam</strong>!<br></div><div class="battle-history"><small>The opposing Tornadus's substitute faded!</small><br></div><div class="spacer battle-history"><br></div><div class="battle-history"><small>The opposing Tornadus restored a little HP using its Leftovers!</small><br></div><div class="battle-history"><small>DestruktorGato restored a little HP using its Leftovers!</small><br></div><div class="battle-history"><small>DestruktorGato was hurt by poison!</small><br></div><div class="battle-history"><small>DestruktorGato's taunt wore off!</small><br></div><div class="spacer battle-history"><br></div><h2 class="battle-history">Turn 12</h2><div class="spacer battle-history"><br></div><div class="battle-history">The opposing Tornadus used <strong>Taunt</strong>!<br></div><div class="battle-history"><small>DestruktorGato fell for the taunt!</small><br></div><div class="spacer battle-history"><br></div><div class="battle-history">DestruktorGato used <strong>Body Slam</strong>!<br></div><div class="battle-history"><small>(The opposing Tornadus lost <abbr title="−64/362">17.7%</abbr> of its health!)</small><br></div><div class="spacer battle-history"><br></div><div class="battle-history">The opposing Tornadus fainted!<br></div><div class="spacer battle-history"><br></div><div class="battle-history"><small>DestruktorGato restored a little HP using its Leftovers!</small><br></div><div class="battle-history"><small>DestruktorGato was hurt by poison!</small><br></div><div class="spacer battle-history"><br></div><div class="battle-history">RobbieRottenWeAre1 sent out <strong>Absol</strong>!<br></div><div class="battle-history"><small>[The opposing Absol's Pressure]</small><br><small>The opposing Absol is exerting its pressure!</small><br></div><div class="spacer battle-history"><br></div><h2 class="battle-history">Turn 13</h2><div class="chat chatmessage-anakleto"><strong style="color:hsl(178,70%,39.333333333333336%)"><small>★</small><span class="username" data-name="Anakleto">Anakleto</span>:</strong> <em>You have no Life</em></div><div class="spacer battle-history"><br></div><div class="battle-history"><small>The opposing Absol's Absolite is reacting to RobbieRottenWeAre1's Mega Bracelet!</small><br>The opposing Absol has Mega Evolved into Mega Absol!<br></div><div class="spacer battle-history"><br></div><div class="battle-history">The opposing Absol used <strong>Knock Off</strong>!<br></div><div class="battle-history"><small>A critical hit!</small><br></div><div class="battle-history"><small>(DestruktorGato lost <abbr title="−46/524">8.8%</abbr> of its health!)</small><br></div><div class="battle-history"><small>The opposing Absol knocked off DestruktorGato's Leftovers!</small><br></div><div class="spacer battle-history"><br></div><div class="battle-history">DestruktorGato fainted!<br></div><div class="spacer battle-history"><br></div><div class="battle-history">Go! BixoDestruktor (<strong>Scyther</strong>)!<br></div><div class="spacer battle-history"><br></div><h2 class="battle-history">Turn 14</h2><div class="chat chatmessage-robbierottenweare1"><strong style="color:hsl(24,68%,48%)"><small>★</small><span class="username" data-name="RobbieRottenWeAre1">RobbieRottenWeAre1</span>:</strong> <em>dont talk about your mom like that</em></div><div class="spacer battle-history"><br></div><div class="battle-history">The opposing Absol used <strong>Stone Edge</strong>!<br></div><div class="battle-history"><small>It's super effective!</small><br></div><div class="battle-history"><small>(BixoDestruktor lost <abbr title="−281/281">100%</abbr> of its health!)</small><br></div><div class="spacer battle-history"><br></div><div class="battle-history">BixoDestruktor fainted!<br></div><div class="spacer battle-history"><br></div><div class="battle-history">Go! KrokodiloDestrukto (<strong>Feraligatr</strong>)!<br></div><div class="spacer battle-history"><br></div><h2 class="battle-history">Turn 15</h2><div class="spacer battle-history"><br></div><div class="battle-history">The opposing Absol used <strong>Knock Off</strong>!<br></div><div class="battle-history"><small>(KrokodiloDestrukto lost <abbr title="−198/311">63.7%</abbr> of its health!)</small><br></div><div class="battle-history"><small>The opposing Absol knocked off KrokodiloDestrukto's Leftovers!</small><br></div><div class="spacer battle-history"><br></div><div class="battle-history">KrokodiloDestrukto used <strong>Dragon Dance</strong>!<br></div><div class="battle-history"><small>KrokodiloDestrukto's Attack rose!</small><br></div><div class="battle-history"><small>KrokodiloDestrukto's Speed rose!</small><br></div><div class="spacer battle-history"><br></div><h2 class="battle-history">Turn 16</h2><div class="spacer battle-history"><br></div><div class="battle-history">The opposing Absol used <strong>Sucker Punch</strong>!<br></div><div class="battle-history"><small>(KrokodiloDestrukto lost <abbr title="−113/311">36.3%</abbr> of its health!)</small><br></div><div class="spacer battle-history"><br></div><div class="battle-history">KrokodiloDestrukto fainted!<br></div><div class="spacer battle-history"><br></div><div class="battle-history"><small>Anakleto forfeited.</small><br></div><div class="spacer battle-history"><br></div><div class="battle-history"><strong>RobbieRottenWeAre1</strong> won the battle!<br></div><div class="chat"><small>Anakleto left.</small></div></div><div class="inner-preempt"></div></div></div>
</div>
<script>
let daily = Math.floor(Date.now()/1000/60/60/24);document.write('<script src="https://play.pokemonshowdown.com/js/replay-embed.js?version'+daily+'"></'+'script>');
</script>
