<!DOCTYPE html>
<meta charset="utf-8" />
<!-- version 1 -->
<title>UU replay: Parnstar vs. leandrobrito</title>
<style>
html,body {font-family:Verdana, sans-serif;font-size:10pt;margin:0;padding:0;}body{padding:12px 0;} .battle-log {font-family:Verdana, sans-serif;font-size:10pt;} .battle-log-inline {border:1px solid #AAAAAA;background:#EEF2F5;color:black;max-width:640px;margin:0 auto 80px;padding-bottom:5px;} .battle-log .inner {padding:4px 8px 0px 8px;} .battle-log .inner-preempt {padding:0 8px 4px 8px;} .battle-log .inner-after {margin-top:0.5em;} .battle-log h2 {margin:0.5em -8px;padding:4px 8px;border:1px solid #AAAAAA;background:#E0E7EA;border-left:0;border-right:0;font-family:Verdana, sans-serif;font-size:13pt;} .battle-log .chat {vertical-align:middle;padding:3px 0 3px 0;font-size:8pt;} .battle-log .chat strong {color:#40576A;} .battle-log .chat em {padding:1px 4px 1px 3px;color:#000000;font-style:normal;} .chat.mine {background:rgba(0,0,0,0.05);margin-left:-8px;margin-right:-8px;padding-left:8px;padding-right:8px;} .spoiler {color:#BBBBBB;background:#BBBBBB;padding:0px 3px;} .spoiler:hover, .spoiler:active, .spoiler-shown {color:#000000;background:#E2E2E2;padding:0px 3px;} .spoiler a {color:#BBBBBB;} .spoiler:hover a, .spoiler:active a, .spoiler-shown a {color:#2288CC;} .chat code, .chat .spoiler:hover code, .chat .spoiler:active code, .chat .spoiler-shown code {border:1px solid #C0C0C0;background:#EEEEEE;color:black;padding:0 2px;} .chat .spoiler code {border:1px solid #CCCCCC;background:#CCCCCC;color:#CCCCCC;} .battle-log .rated {padding:3px 4px;} .battle-log .rated strong {color:white;background:#89A;padding:1px 4px;border-radius:4px;} .spacer {margin-top:0.5em;} .message-announce {background:#6688AA;color:white;padding:1px 4px 2px;} .message-announce a, .broadcast-green a, .broadcast-blue a, .broadcast-red a {color:#DDEEFF;} .broadcast-green {background-color:#559955;color:white;padding:2px 4px;} .broadcast-blue {background-color:#6688AA;color:white;padding:2px 4px;} .infobox {border:1px solid #6688AA;padding:2px 4px;} .infobox-limited {max-height:200px;overflow:auto;overflow-x:hidden;} .broadcast-red {background-color:#AA5544;color:white;padding:2px 4px;} .message-learn-canlearn {font-weight:bold;color:#228822;text-decoration:underline;} .message-learn-cannotlearn {font-weight:bold;color:#CC2222;text-decoration:underline;} .message-effect-weak {font-weight:bold;color:#CC2222;} .message-effect-resist {font-weight:bold;color:#6688AA;} .message-effect-immune {font-weight:bold;color:#666666;} .message-learn-list {margin-top:0;margin-bottom:0;} .message-throttle-notice, .message-error {color:#992222;} .message-overflow, .chat small.message-overflow {font-size:0pt;} .message-overflow::before {font-size:9pt;content:'...';} .subtle {color:#3A4A66;}
</style>
<div class="wrapper replay-wrapper" style="max-width:1180px;margin:0 auto">
<input type="hidden" name="replayid" value="uu-538814602" />
<div class="battle"></div><div class="battle-log"></div><div class="replay-controls"></div><div class="replay-controls-2"></div>
<h1 style="font-weight:normal;text-align:center"><strong>UU</strong><br /><a href="http://pokemonshowdown.com/users/parnstar" class="subtle" target="_blank">Parnstar</a> vs. <a href="http://pokemonshowdown.com/users/leandrobrito" class="subtle" target="_blank">leandrobrito</a></h1>
<script type="text/plain" class="battle-log-data">|j|Parnstar
|j|leandrobrito
|player|p1|Parnstar|24
|player|p2|leandrobrito|150
|gametype|singles
|gen|6
|tier|UU
|rated
|seed|12144,49216,34904,62138
|rule|Sleep Clause Mod: Limit one foe put to sleep
|rule|Species Clause: Limit one of each Pokémon
|rule|OHKO Clause: OHKO moves are banned
|rule|Moody Clause: Moody is banned
|rule|Evasion Moves Clause: Evasion moves are banned
|rule|Endless Battle Clause: Forcing endless battles is banned
|rule|HP Percentage Mod: HP is shown in percentages
|clearpoke
|poke|p1|Conkeldurr, M, shiny|item
|poke|p1|Magneton, shiny|item
|poke|p1|Porygon-Z|item
|poke|p1|Whimsicott, M, shiny|item
|poke|p1|Entei, shiny|item
|poke|p1|Tentacruel, F|item
|poke|p2|Kingdra, F|item
|poke|p2|Goodra, M|item
|poke|p2|Swampert, F|item
|poke|p2|Crobat, M|item
|poke|p2|Zoroark, F|item
|poke|p2|Espeon, M|item
|rule|Swagger Clause: Swagger is banned
|rule|Baton Pass Clause: Limit one Baton Passer, can't pass Spe and other stats simultaneously
|teampreview
|choice|team 3, team 2, team 1, team 4, team 5, team 6|team 6, team 5, team 4, team 3, team 2, team 1
|
|start
|switch|p1a: beta|Porygon-Z|311\/311
|switch|p2a: Espeon|Espeon, M|334\/334
|turn|1
|choice|move triattack|move calmmind
|
|move|p1a: beta|Tri Attack|p2a: Espeon
|-damage|p2a: Espeon|0 fnt
|faint|p2a: Espeon
|
|upkeep
|choice||switch 2
|
|switch|p2a: Kingdra|Kingdra, F|261\/261
|turn|2
|choice|move triattack|move focusblast
|
|move|p2a: Kingdra|Focus Blast|p1a: beta
|-supereffective|p1a: beta
|-damage|p1a: beta|0 fnt
|-damage|p2a: Kingdra|235\/261|[from] item: Life Orb
|faint|p1a: beta
|
|upkeep
|choice|switch 4|
|
|switch|p1a: Presscott|Whimsicott, M, shiny|261\/261
|turn|3
|choice|move naturepower|move flamethrower
|
|move|p1a: Presscott|Nature Power|p2a: Kingdra
|move|p1a: Presscott|Tri Attack|p2a: Kingdra|[from]Nature Power
|replace|p2a: Zoroark|Zoroark, F
|-end|p2a: Zoroark|Illusion
|-damage|p2a: Zoroark|121\/261
|-status|p2a: Zoroark|brn
|move|p2a: Zoroark|Flamethrower|p1a: Presscott
|-supereffective|p1a: Presscott
|-damage|p1a: Presscott|0 fnt
|-damage|p2a: Zoroark|95\/261 brn|[from] item: Life Orb
|faint|p1a: Presscott
|
|-damage|p2a: Zoroark|63\/261 brn|[from] brn
|upkeep
|choice|switch 5|
|
|switch|p1a: Ash could of caugh|Entei, shiny|371\/371
|-ability|p1a: Ash could of caugh|Pressure
|turn|4
|choice|move extremespeed|move nightdaze
|
|move|p1a: Ash could of caugh|Extreme Speed|p2a: Zoroark
|-damage|p2a: Zoroark|0 fnt
|faint|p2a: Zoroark
|
|upkeep
|choice||switch 6
|
|switch|p2a: Kingdra|Kingdra, F|291\/291
|turn|5
|choice|move sacredfire|move raindance
|
|move|p1a: Ash could of caugh|Sacred Fire|p2a: Kingdra
|-resisted|p2a: Kingdra
|-damage|p2a: Kingdra|237\/291
|-status|p2a: Kingdra|brn
|move|p2a: Kingdra|Rain Dance|p2a: Kingdra
|-weather|RainDance
|
|-weather|RainDance|[upkeep]
|-damage|p2a: Kingdra|201\/291 brn|[from] brn
|upkeep
|turn|6
|choice|switch 6|move hydropump
|
|switch|p1a: Hitomi Tanaka|Tentacruel, F|301\/301
|move|p2a: Kingdra|Hydro Pump|p1a: Hitomi Tanaka
|-resisted|p1a: Hitomi Tanaka
|-damage|p1a: Hitomi Tanaka|226\/301
|
|-weather|RainDance|[upkeep]
|-heal|p1a: Hitomi Tanaka|244\/301|[from] item: Black Sludge
|-damage|p2a: Kingdra|165\/291 brn|[from] brn
|upkeep
|turn|7
|choice|move hydropump|switch 4
|
|switch|p2a: Swampert|Swampert, F|341\/341
|move|p1a: Hitomi Tanaka|Hydro Pump|p2a: Swampert
|-damage|p2a: Swampert|107\/341
|
|-weather|RainDance|[upkeep]
|-heal|p1a: Hitomi Tanaka|262\/301|[from] item: Black Sludge
|upkeep
|turn|8
|choice|switch 3|move earthquake mega
|
|switch|p1a: Mandingo|Conkeldurr, M, shiny|414\/414
|detailschange|p2a: Swampert|Swampert-Mega, F
|-mega|p2a: Swampert|Swampert|Swampertite
|move|p2a: Swampert|Earthquake|p1a: Mandingo
|-damage|p1a: Mandingo|176\/414
|
|-weather|RainDance|[upkeep]
|-status|p1a: Mandingo|brn|[from] item: Flame Orb
|upkeep
|turn|9
|l|leandrobrito
|player|p2
|-message|leandrobrito lost due to inactivity.
|
|win|Parnstar
|player|p1</script>
</div>
<div class="battle-log battle-log-inline"><div class="inner"><div class="battle-options"></div><div class="inner"><div class="chat"><small>Parnstar joined.</small></div><div class="chat"><small>leandrobrito joined.</small></div><div class=""><small>Format:</small> <br><strong>UU</strong></div><div class="rated"><strong>Rated battle</strong></div><div class=""><small><em>Sleep Clause Mod:</em> Limit one foe put to sleep</small></div><div class=""><small><em>Species Clause:</em> Limit one of each Pokémon</small></div><div class=""><small><em>OHKO Clause:</em> OHKO moves are banned</small></div><div class=""><small><em>Moody Clause:</em> Moody is banned</small></div><div class=""><small><em>Evasion Moves Clause:</em> Evasion moves are banned</small></div><div class=""><small><em>Endless Battle Clause:</em> Forcing endless battles is banned</small></div><div class=""><small><em>HP Percentage Mod:</em> HP is shown in percentages</small></div><div class=""><small><em>Swagger Clause:</em> Swagger is banned</small></div><div class=""><small><em>Baton Pass Clause:</em> Limit one Baton Passer, can't pass Spe and other stats simultaneously</small></div><div class="chat battle-history"><strong>Parnstar's team:</strong> <em style="color:#445566;display:block;">Conkeldurr / Magneton / Porygon-Z / Whimsicott / Entei / Tentacruel</em></div><div class="chat battle-history"><strong>leandrobrito's team:</strong> <em style="color:#445566;display:block;">Kingdra / Goodra / Swampert / Crobat / Zoroark / Espeon</em></div><div class="spacer battle-history"><br></div><div class="battle-history">Battle started between Parnstar and leandrobrito!<br></div><div class="spacer battle-history"><br></div><div class="battle-history">Go! beta (<strong>Porygon-Z</strong>)!<br></div><div class="spacer battle-history"><br></div><div class="battle-history">leandrobrito sent out <strong>Espeon</strong>!<br></div><div class="spacer battle-history"><br></div><h2 class="battle-history">Turn 1</h2><div class="spacer battle-history"><br></div><div class="battle-history">beta used <strong>Tri Attack</strong>!<br></div><div class="battle-history"><small>(The opposing Espeon lost <abbr title="−334/334">100%</abbr> of its health!)</small><br></div><div class="spacer battle-history"><br></div><div class="battle-history">The opposing Espeon fainted!<br></div><div class="spacer battle-history"><br></div><div class="battle-history">leandrobrito sent out <strong>Kingdra</strong>!<br></div><div class="spacer battle-history"><br></div><h2 class="battle-history">Turn 2</h2><div class="spacer battle-history"><br></div><div class="battle-history">The opposing Kingdra used <strong>Focus Blast</strong>!<br></div><div class="battle-history"><small>It's super effective!</small><br></div><div class="battle-history"><small>(beta lost <abbr title="−311/311">100%</abbr> of its health!)</small><br></div><div class="battle-history"><small>The opposing Kingdra lost some of its HP!</small><br></div><div class="spacer battle-history"><br></div><div class="battle-history">beta fainted!<br></div><div class="spacer battle-history"><br></div><div class="battle-history">Go! Presscott (<strong>Whimsicott</strong>)!<br></div><div class="spacer battle-history"><br></div><h2 class="battle-history">Turn 3</h2><div class="spacer battle-history"><br></div><div class="battle-history">Presscott used <strong>Nature Power</strong>!<br></div><div class="spacer battle-history"><br></div><div class="battle-history">Nature Power turned into Tri Attack!<br></div><div class="battle-history"><small>The opposing Zoroark's illusion wore off!</small><br></div><div class="battle-history"><small>(The opposing Zoroark lost <abbr title="−114/261">43.7%</abbr> of its health!)</small><br></div><div class="battle-history"><small>The opposing Zoroark was burned!</small><br></div><div class="spacer battle-history"><br></div><div class="battle-history">The opposing Zoroark used <strong>Flamethrower</strong>!<br></div><div class="battle-history"><small>It's super effective!</small><br></div><div class="battle-history"><small>(Presscott lost <abbr title="−261/261">100%</abbr> of its health!)</small><br></div><div class="battle-history"><small>The opposing Zoroark lost some of its HP!</small><br></div><div class="spacer battle-history"><br></div><div class="battle-history">Presscott fainted!<br></div><div class="spacer battle-history"><br></div><div class="battle-history"><small>The opposing Zoroark was hurt by its burn!</small><br></div><div class="spacer battle-history"><br></div><div class="battle-history">Go! Ash could of caugh (<strong>Entei</strong>)!<br></div><div class="battle-history"><small>[Ash could of caugh's Pressure]</small><br><small>Ash could of caugh is exerting its pressure!</small><br></div><div class="spacer battle-history"><br></div><h2 class="battle-history">Turn 4</h2><div class="spacer battle-history"><br></div><div class="battle-history">Ash could of caugh used <strong>Extreme Speed</strong>!<br></div><div class="battle-history"><small>(The opposing Zoroark lost <abbr title="−63/261">24.1%</abbr> of its health!)</small><br></div><div class="spacer battle-history"><br></div><div class="battle-history">The opposing Zoroark fainted!<br></div><div class="spacer battle-history"><br></div><div class="battle-history">leandrobrito sent out <strong>Kingdra</strong>!<br></div><div class="spacer battle-history"><br></div><h2 class="battle-history">Turn 5</h2><div class="spacer battle-history"><br></div><div class="battle-history">Ash could of caugh used <strong>Sacred Fire</strong>!<br></div><div class="battle-history"><small>It's not very effective...</small><br></div><div class="battle-history"><small>(The opposing Kingdra lost <abbr title="−54/291">18.6%</abbr> of its health!)</small><br></div><div class="battle-history"><small>The opposing Kingdra was burned!</small><br></div><div class="spacer battle-history"><br></div><div class="battle-history">The opposing Kingdra used <strong>Rain Dance</strong>!<br></div><div class="battle-history"><small>It started to rain!</small><br></div><div class="spacer battle-history"><br></div><div class="battle-history"><small>(Rain continues to fall!)</small><br></div><div class="battle-history"><small>The opposing Kingdra was hurt by its burn!</small><br></div><div class="spacer battle-history"><br></div><h2 class="battle-history">Turn 6</h2><div class="spacer battle-history"><br></div><div class="battle-history">Ash could of caugh, come back!<br></div><div class="battle-history">Go! Hitomi Tanaka (<strong>Tentacruel</strong>)!<br></div><div class="spacer battle-history"><br></div><div class="battle-history">The opposing Kingdra used <strong>Hydro Pump</strong>!<br></div><div class="battle-history"><small>It's not very effective...</small><br></div><div class="battle-history"><small>(Hitomi Tanaka lost <abbr title="−75/301">24.9%</abbr> of its health!)</small><br></div><div class="spacer battle-history"><br></div><div class="battle-history"><small>(Rain continues to fall!)</small><br></div><div class="battle-history"><small>Hitomi Tanaka restored a little HP using its Black Sludge!</small><br></div><div class="battle-history"><small>The opposing Kingdra was hurt by its burn!</small><br></div><div class="spacer battle-history"><br></div><h2 class="battle-history">Turn 7</h2><div class="spacer battle-history"><br></div><div class="battle-history">leandrobrito withdrew Kingdra!<br></div><div class="battle-history">leandrobrito sent out <strong>Swampert</strong>!<br></div><div class="spacer battle-history"><br></div><div class="battle-history">Hitomi Tanaka used <strong>Hydro Pump</strong>!<br></div><div class="battle-history"><small>(The opposing Swampert lost <abbr title="−234/341">68.6%</abbr> of its health!)</small><br></div><div class="spacer battle-history"><br></div><div class="battle-history"><small>(Rain continues to fall!)</small><br></div><div class="battle-history"><small>Hitomi Tanaka restored a little HP using its Black Sludge!</small><br></div><div class="spacer battle-history"><br></div><h2 class="battle-history">Turn 8</h2><div class="spacer battle-history"><br></div><div class="battle-history">Hitomi Tanaka, come back!<br></div><div class="battle-history">Go! Mandingo (<strong>Conkeldurr</strong>)!<br></div><div class="spacer battle-history"><br></div><div class="battle-history"><small>The opposing Swampert's Swampertite is reacting to leandrobrito's Mega Bracelet!</small><br>The opposing Swampert has Mega Evolved into Mega Swampert!<br></div><div class="spacer battle-history"><br></div><div class="battle-history">The opposing Swampert used <strong>Earthquake</strong>!<br></div><div class="battle-history"><small>(Mandingo lost <abbr title="−238/414">57.5%</abbr> of its health!)</small><br></div><div class="spacer battle-history"><br></div><div class="battle-history"><small>(Rain continues to fall!)</small><br></div><div class="battle-history"><small>Mandingo was burned!</small><br></div><div class="spacer battle-history"><br></div><h2 class="battle-history">Turn 9</h2><div class="chat"><small>leandrobrito left.</small></div><div class="spacer battle-history"><br></div><div class="battle-history"><small>leandrobrito lost due to inactivity.</small><br></div><div class="spacer battle-history"><br></div><div class="battle-history"><strong>Parnstar</strong> won the battle!<br></div></div><div class="inner-preempt"></div></div></div>
</div>
<script>
let daily = Math.floor(Date.now()/1000/60/60/24);document.write('<script src="https://play.pokemonshowdown.com/js/replay-embed.js?version'+daily+'"></'+'script>');
</script>
