<!DOCTYPE html>
<meta charset="utf-8" />
<!-- version 1 -->
<title>UU replay: cutae vs. Owns</title>
<style>
html,body {font-family:Verdana, sans-serif;font-size:10pt;margin:0;padding:0;}body{padding:12px 0;} .battle-log {font-family:Verdana, sans-serif;font-size:10pt;} .battle-log-inline {border:1px solid #AAAAAA;background:#EEF2F5;color:black;max-width:640px;margin:0 auto 80px;padding-bottom:5px;} .battle-log .inner {padding:4px 8px 0px 8px;} .battle-log .inner-preempt {padding:0 8px 4px 8px;} .battle-log .inner-after {margin-top:0.5em;} .battle-log h2 {margin:0.5em -8px;padding:4px 8px;border:1px solid #AAAAAA;background:#E0E7EA;border-left:0;border-right:0;font-family:Verdana, sans-serif;font-size:13pt;} .battle-log .chat {vertical-align:middle;padding:3px 0 3px 0;font-size:8pt;} .battle-log .chat strong {color:#40576A;} .battle-log .chat em {padding:1px 4px 1px 3px;color:#000000;font-style:normal;} .chat.mine {background:rgba(0,0,0,0.05);margin-left:-8px;margin-right:-8px;padding-left:8px;padding-right:8px;} .spoiler {color:#BBBBBB;background:#BBBBBB;padding:0px 3px;} .spoiler:hover, .spoiler:active, .spoiler-shown {color:#000000;background:#E2E2E2;padding:0px 3px;} .spoiler a {color:#BBBBBB;} .spoiler:hover a, .spoiler:active a, .spoiler-shown a {color:#2288CC;} .chat code, .chat .spoiler:hover code, .chat .spoiler:active code, .chat .spoiler-shown code {border:1px solid #C0C0C0;background:#EEEEEE;color:black;padding:0 2px;} .chat .spoiler code {border:1px solid #CCCCCC;background:#CCCCCC;color:#CCCCCC;} .battle-log .rated {padding:3px 4px;} .battle-log .rated strong {color:white;background:#89A;padding:1px 4px;border-radius:4px;} .spacer {margin-top:0.5em;} .message-announce {background:#6688AA;color:white;padding:1px 4px 2px;} .message-announce a, .broadcast-green a, .broadcast-blue a, .broadcast-red a {color:#DDEEFF;} .broadcast-green {background-color:#559955;color:white;padding:2px 4px;} .broadcast-blue {background-color:#6688AA;color:white;padding:2px 4px;} .infobox {border:1px solid #6688AA;padding:2px 4px;} .infobox-limited {max-height:200px;overflow:auto;overflow-x:hidden;} .broadcast-red {background-color:#AA5544;color:white;padding:2px 4px;} .message-learn-canlearn {font-weight:bold;color:#228822;text-decoration:underline;} .message-learn-cannotlearn {font-weight:bold;color:#CC2222;text-decoration:underline;} .message-effect-weak {font-weight:bold;color:#CC2222;} .message-effect-resist {font-weight:bold;color:#6688AA;} .message-effect-immune {font-weight:bold;color:#666666;} .message-learn-list {margin-top:0;margin-bottom:0;} .message-throttle-notice, .message-error {color:#992222;} .message-overflow, .chat small.message-overflow {font-size:0pt;} .message-overflow::before {font-size:9pt;content:'...';} .subtle {color:#3A4A66;}
</style>
<div class="wrapper replay-wrapper" style="max-width:1180px;margin:0 auto">
<input type="hidden" name="replayid" value="uu-595228241" />
<div class="battle"></div><div class="battle-log"></div><div class="replay-controls"></div><div class="replay-controls-2"></div>
<h1 style="font-weight:normal;text-align:center"><strong>UU</strong><br /><a href="http://pokemonshowdown.com/users/cutae" class="subtle" target="_blank">cutae</a> vs. <a href="http://pokemonshowdown.com/users/owns" class="subtle" target="_blank">Owns</a></h1>
<script type="text/plain" class="battle-log-data">|j|cutae
|j|Owns
|player|p1|cutae|280
|teamsize|p1|6
|player|p2|Owns|286
|teamsize|p2|6
|gametype|singles
|gen|6
|tier|UU
|rated
|seed|52565,50802,3031,54269
|rule|Sleep Clause Mod: Limit one foe put to sleep
|rule|Species Clause: Limit one of each Pokémon
|rule|OHKO Clause: OHKO moves are banned
|rule|Moody Clause: Moody is banned
|rule|Evasion Moves Clause: Evasion moves are banned
|rule|Endless Battle Clause: Forcing endless battles is banned
|rule|HP Percentage Mod: HP is shown in percentages
|clearpoke
|poke|p1|Forretress, F|item
|poke|p1|Alomomola, M, shiny|item
|poke|p1|Blissey, F|item
|poke|p1|Dragalge, F|item
|poke|p1|Quagsire, M|item
|poke|p1|Articuno|item
|poke|p2|Beedrill, M|item
|poke|p2|Mienshao, F|item
|poke|p2|Krookodile, M|item
|poke|p2|Gligar, F|item
|poke|p2|Rotom-Mow|item
|poke|p2|Empoleon, M|item
|rule|Swagger Clause: Swagger is banned
|rule|Baton Pass Clause: Limit one Baton Passer, can't pass Spe and other stats simultaneously
|teampreview
|c|☆cutae|LOL
|c|☆Owns|AHHHHHHHHHHHHH
|c|☆cutae|hi
|c|☆cutae|hahahah
|c|☆Owns|I SNIPED  THE WRONG NIGGA
|c|☆cutae|lets do this
|c|☆cutae|hahahah
|choice|team 4, team 2, team 3, team 1, team 5, team 6|team 5, team 2, team 3, team 4, team 1, team 6
|
|start
|switch|p1a: Dragalge|Dragalge, F|334\/334
|switch|p2a: Rotom|Rotom-Mow|241\/241
|turn|1
|choice|move dragontail|move voltswitch
|
|move|p2a: Rotom|Volt Switch|p1a: Dragalge
|-resisted|p1a: Dragalge
|-damage|p1a: Dragalge|263\/334
|choice||switch 6
|
|switch|p2a: Empoleon|Empoleon, M|371\/371
|move|p1a: Dragalge|Dragon Tail|p2a: Empoleon
|-resisted|p2a: Empoleon
|-damage|p2a: Empoleon|342\/371
|drag|p2a: Gligar|Gligar, F|331\/331
|
|-heal|p1a: Dragalge|283\/334|[from] item: Leftovers
|upkeep
|turn|2
|choice|switch 6|move stealthrock
|
|switch|p1a: Articono|Articuno|383\/383
|-ability|p1a: Articono|Pressure
|move|p2a: Gligar|Stealth Rock|p1a: Articono
|-sidestart|p1: cutae|move: Stealth Rock
|
|upkeep
|turn|3
|choice|move defog|switch 4
|
|switch|p2a: Empoleon|Empoleon, M|342\/371
|move|p1a: Articono|Defog|p2a: Empoleon
|-unboost|p2a: Empoleon|evasion|1
|-sideend|p1: cutae|Stealth Rock|[from] move: Defog|[of] p1a: Articono
|
|-heal|p2a: Empoleon|365\/371|[from] item: Leftovers
|upkeep
|turn|4
|c|☆Owns|>scary
|c|☆cutae|xD
|j|g e o t a l
|choice|switch 3|move scald
|
|switch|p1a: Blissey|Blissey, F|708\/708
|move|p2a: Empoleon|Scald|p1a: Blissey
|-damage|p1a: Blissey|636\/708
|
|-heal|p2a: Empoleon|371\/371|[from] item: Leftovers
|-heal|p1a: Blissey|680\/708|[from] item: Leftovers
|upkeep
|turn|5
|c|☆cutae|hi geo
|choice|move stealthrock|switch 3
|
|switch|p2a: Krookodile|Krookodile, M|331\/331
|-ability|p2a: Krookodile|Intimidate|boost
|-unboost|p1a: Blissey|atk|1
|move|p1a: Blissey|Stealth Rock|p2a: Krookodile
|-sidestart|p2: Owns|move: Stealth Rock
|
|-heal|p1a: Blissey|708\/708|[from] item: Leftovers
|upkeep
|turn|6
|c|☆cutae|welp
|c|☆cutae|mind games time
|choice|switch 2|move superpower
|
|switch|p1a: Kimyan|Alomomola, M, shiny|529\/529
|move|p2a: Krookodile|Superpower|p1a: Kimyan
|-damage|p1a: Kimyan|370\/529
|-damage|p2a: Krookodile|276\/331|[from] item: Rocky Helmet|[of] p1a: Kimyan
|-unboost|p2a: Krookodile|atk|1
|-unboost|p2a: Krookodile|def|1
|
|upkeep
|turn|7
|choice|move toxic|switch 3
|
|switch|p2a: Empoleon|Empoleon, M|371\/371
|-damage|p2a: Empoleon|348\/371|[from] Stealth Rock
|move|p1a: Kimyan|Toxic|p2a: Empoleon
|-immune|p2a: Empoleon|[msg]
|
|-heal|p2a: Empoleon|371\/371|[from] item: Leftovers
|upkeep
|turn|8
|choice|switch 3|move defog
|
|switch|p1a: Articono|Articuno|383\/383
|-ability|p1a: Articono|Pressure
|move|p2a: Empoleon|Defog|p1a: Articono
|-unboost|p1a: Articono|evasion|1
|-sideend|p2: Owns|Stealth Rock|[from] move: Defog|[of] p2a: Empoleon
|
|upkeep
|turn|9
|choice|switch 3|move roar
|
|switch|p1a: Kimyan|Alomomola, M, shiny|529\/529
|move|p2a: Empoleon|Roar|p1a: Kimyan
|drag|p1a: Quagsire|Quagsire, M|393\/393
|
|upkeep
|turn|10
|choice|switch 2|switch 6
|
|switch|p2a: Rotom|Rotom-Mow|241\/241
|switch|p1a: Blissey|Blissey, F|708\/708
|
|upkeep
|turn|11
|choice|switch 6|move trick
|
|switch|p1a: Dragalge|Dragalge, F|283\/334
|move|p2a: Rotom|Trick|p1a: Dragalge
|-activate|p2a: Rotom|move: Trick|[of] p1a: Dragalge
|-item|p1a: Dragalge|Choice Specs|[from] move: Trick
|-item|p2a: Rotom|Leftovers|[from] move: Trick
|
|upkeep
|turn|12
|c|☆Owns|use
|c|☆Owns|black sludge
|c|☆cutae|lol
|c|☆cutae|it's so they can't trick back to blissey
|j|SpaceBass
|c|☆Owns|tfw well thought out
|c|☆cutae|leftovers is actually better long term
|c| g e o t a l|Commit schemacide, with seppuku, it's your fate I hope you die slow, from the puncture of the blade.
|c| g e o t a l|If you got no nuts to do it yourself then it's okay
|c| g e o t a l|I got the red beam, and it's **aiming at your face.**
|c|☆cutae|tfw
|choice|switch 2|move voltswitch
|
|switch|p1a: Quagsire|Quagsire, M|393\/393
|move|p2a: Rotom|Volt Switch|p1a: Quagsire
|-immune|p1a: Quagsire|[msg]
|
|upkeep
|turn|13
|c|@SpaceBass|fgstds
|choice|switch 3|move voltswitch
|
|switch|p1a: Articono|Articuno|383\/383
|-ability|p1a: Articono|Pressure
|move|p2a: Rotom|Volt Switch|p1a: Articono
|-supereffective|p1a: Articono
|-damage|p1a: Articono|249\/383
|c|☆cutae|xD
|c| g e o t a l|\/me aims the red beam at SpaceBass
|choice||switch 2
|
|switch|p2a: Mienshao|Mienshao, F|271\/271
|
|-heal|p1a: Articono|272\/383|[from] item: Leftovers
|upkeep
|turn|14
|c|@SpaceBass|\/me smokes the red beam
|choice|switch 5|move highjumpkick
|
|switch|p1a: Kimyan|Alomomola, M, shiny|529\/529
|move|p2a: Mienshao|High Jump Kick|p1a: Kimyan
|-damage|p1a: Kimyan|306\/529
|-damage|p2a: Mienshao|226\/271|[from] item: Rocky Helmet|[of] p1a: Kimyan
|
|upkeep
|turn|15
|c| g e o t a l|aye pass that shit cuz
|c| g e o t a l|lmao
|choice|move wish|switch 2
|
|switch|p2a: Rotom|Rotom-Mow|241\/241
|move|p1a: Kimyan|Wish|p1a: Kimyan
|
|upkeep
|turn|16
|choice|switch 5|move voltswitch
|
|switch|p1a: Articono|Articuno|272\/383
|-ability|p1a: Articono|Pressure
|move|p2a: Rotom|Volt Switch|p1a: Articono
|-supereffective|p1a: Articono
|-damage|p1a: Articono|126\/383
|choice||switch 2
|
|switch|p2a: Mienshao|Mienshao, F|226\/271
|
|-heal|p1a: Articono|383\/383|[from] move: Wish|[wisher] Kimyan
|upkeep
|turn|17
|choice|switch 5|switch 2
|
|switch|p2a: Rotom|Rotom-Mow|241\/241
|switch|p1a: Kimyan|Alomomola, M, shiny|482\/529
|
|upkeep
|turn|18
|choice|move protect|move voltswitch
|
|move|p1a: Kimyan|Protect|p1a: Kimyan
|-singleturn|p1a: Kimyan|Protect
|move|p2a: Rotom|Volt Switch|p1a: Kimyan
|-activate|p1a: Kimyan|move: Protect
|
|upkeep
|turn|19
|choice|switch 2|move leafstorm
|
|switch|p1a: Dragalge|Dragalge, F|283\/334
|move|p2a: Rotom|Leaf Storm|p1a: Dragalge
|-resisted|p1a: Dragalge
|-damage|p1a: Dragalge|241\/334
|-unboost|p2a: Rotom|spa|2
|
|upkeep
|turn|20
|choice|switch 3|move voltswitch
|
|switch|p1a: Quagsire|Quagsire, M|393\/393
|move|p2a: Rotom|Volt Switch|p1a: Quagsire
|-immune|p1a: Quagsire|[msg]
|
|upkeep
|turn|21
|j|Giltia
|choice|switch 5|move voltswitch
|
|switch|p1a: Articono|Articuno|383\/383
|-ability|p1a: Articono|Pressure
|move|p2a: Rotom|Volt Switch|p1a: Articono
|-supereffective|p1a: Articono
|-damage|p1a: Articono|315\/383
|c| Giltia|hello~~
|c|☆cutae|hiiii
|c|☆Owns|yo
|c|☆cutae|etc.
|choice||switch 5
|
|switch|p2a: Beedrill|Beedrill, M|271\/271
|
|-heal|p1a: Articono|338\/383|[from] item: Leftovers
|upkeep
|turn|22
|choice|switch 4|move uturn mega
|
|switch|p1a: Forretress|Forretress, F|353\/353
|detailschange|p2a: Beedrill|Beedrill-Mega, M
|-mega|p2a: Beedrill|Beedrill|Beedrillite
|move|p2a: Beedrill|U-turn|p1a: Forretress
|-resisted|p1a: Forretress
|-damage|p1a: Forretress|302\/353
|l|g e o t a l
|choice||switch 6
|
|switch|p2a: Empoleon|Empoleon, M|371\/371
|
|-heal|p1a: Forretress|324\/353|[from] item: Leftovers
|upkeep
|turn|23
|choice|switch 4|switch 4
|
|switch|p2a: Gligar|Gligar, F|331\/331
|switch|p1a: Articono|Articuno|338\/383
|-ability|p1a: Articono|Pressure
|
|-heal|p1a: Articono|361\/383|[from] item: Leftovers
|upkeep
|turn|24
|choice|move freezedry|move stealthrock
|
|move|p1a: Articono|Freeze-Dry|p2a: Gligar
|-supereffective|p2a: Gligar
|-damage|p2a: Gligar|55\/331
|move|p2a: Gligar|Stealth Rock|p1a: Articono
|-sidestart|p1: cutae|move: Stealth Rock
|
|-heal|p1a: Articono|383\/383|[from] item: Leftovers
|upkeep
|turn|25
|c| Giltia|did you give up on NU?
|c|☆cutae|haven't really tried much
|c|☆cutae|I played like 3 games
|choice|move defog|move stealthrock
|
|move|p1a: Articono|Defog|p2a: Gligar
|-unboost|p2a: Gligar|evasion|1
|-sideend|p1: cutae|Stealth Rock|[from] move: Defog|[of] p1a: Articono
|move|p2a: Gligar|Stealth Rock|p1a: Articono
|-sidestart|p1: cutae|move: Stealth Rock
|
|upkeep
|turn|26
|c| Giltia|oic
|choice|move freezedry|move stealthrock
|
|move|p1a: Articono|Freeze-Dry|p2a: Gligar
|-supereffective|p2a: Gligar
|-damage|p2a: Gligar|0 fnt
|faint|p2a: Gligar
|
|upkeep
|choice||switch 2
|
|switch|p2a: Mienshao|Mienshao, F|226\/271
|turn|27
|choice|switch 2|move stoneedge
|
|switch|p1a: Kimyan|Alomomola, M, shiny|529\/529
|-damage|p1a: Kimyan|463\/529|[from] Stealth Rock
|move|p2a: Mienshao|Stone Edge|p1a: Kimyan|[miss]
|-miss|p2a: Mienshao|p1a: Kimyan
|
|upkeep
|turn|28
|choice|move wish|move stoneedge
|
|move|p2a: Mienshao|Stone Edge|p1a: Kimyan|[miss]
|-miss|p2a: Mienshao|p1a: Kimyan
|move|p1a: Kimyan|Wish|p1a: Kimyan
|
|upkeep
|turn|29
|choice|switch 4|switch 5
|
|switch|p2a: Rotom|Rotom-Mow|241\/241
|switch|p1a: Forretress|Forretress, F|324\/353
|-damage|p1a: Forretress|280\/353|[from] Stealth Rock
|
|-heal|p1a: Forretress|353\/353|[from] move: Wish|[wisher] Kimyan
|upkeep
|turn|30
|choice|move rapidspin|move voltswitch
|
|move|p2a: Rotom|Volt Switch|p1a: Forretress
|-crit|p1a: Forretress
|-damage|p1a: Forretress|110\/353
|choice||switch 3
|
|switch|p2a: Krookodile|Krookodile, M|276\/331
|-ability|p2a: Krookodile|Intimidate|boost
|-unboost|p1a: Forretress|atk|1
|move|p1a: Forretress|Rapid Spin|p2a: Krookodile
|-damage|p2a: Krookodile|265\/331
|-sideend|p1: cutae|Stealth Rock|[from] move: Rapid Spin|[of] p1a: Forretress
|
|-heal|p1a: Forretress|132\/353|[from] item: Leftovers
|upkeep
|turn|31
|choice|switch 4|move pursuit
|
|-activate|p1a: Forretress|move: Pursuit
|move|p2a: Krookodile|Pursuit|p1a: Forretress|[from]Pursuit
|-damage|p1a: Forretress|24\/353
|switch|p1a: Kimyan|Alomomola, M, shiny|529\/529
|
|upkeep
|turn|32
|choice|move wish|switch 3
|
|switch|p2a: Rotom|Rotom-Mow|241\/241
|move|p1a: Kimyan|Wish|p1a: Kimyan
|
|upkeep
|turn|33
|choice|switch 3|move voltswitch
|
|switch|p1a: Dragalge|Dragalge, F|241\/334
|move|p2a: Rotom|Volt Switch|p1a: Dragalge
|-resisted|p1a: Dragalge
|-damage|p1a: Dragalge|196\/334
|choice||switch 3
|
|switch|p2a: Krookodile|Krookodile, M|265\/331
|-ability|p2a: Krookodile|Intimidate|boost
|-unboost|p1a: Dragalge|atk|1
|
|-heal|p1a: Dragalge|334\/334|[from] move: Wish|[wisher] Kimyan
|upkeep
|turn|34
|choice|switch 3|move earthquake
|
|switch|p1a: Kimyan|Alomomola, M, shiny|529\/529
|move|p2a: Krookodile|Earthquake|p1a: Kimyan
|-damage|p1a: Kimyan|328\/529
|
|upkeep
|turn|35
|choice|switch 4|switch 4
|
|switch|p2a: Empoleon|Empoleon, M|371\/371
|switch|p1a: Forretress|Forretress, F|24\/353
|
|-heal|p1a: Forretress|46\/353|[from] item: Leftovers
|upkeep
|turn|36
|choice|switch 6|move scald
|
|switch|p1a: Blissey|Blissey, F|708\/708
|move|p2a: Empoleon|Scald|p1a: Blissey
|-damage|p1a: Blissey|639\/708
|-status|p1a: Blissey|brn
|
|-heal|p1a: Blissey|683\/708 brn|[from] item: Leftovers
|-damage|p1a: Blissey|595\/708 brn|[from] brn
|upkeep
|turn|37
|choice|switch 4|switch 4
|
|switch|p2a: Krookodile|Krookodile, M|265\/331
|-ability|p2a: Krookodile|Intimidate|boost
|-unboost|p1a: Blissey|atk|1
|-curestatus|p1a: Blissey|brn|[from] ability: Natural Cure
|switch|p1a: Kimyan|Alomomola, M, shiny|504\/529
|
|upkeep
|turn|38
|choice|move toxic|switch 4
|
|switch|p2a: Empoleon|Empoleon, M|371\/371
|move|p1a: Kimyan|Toxic|p2a: Empoleon
|-immune|p2a: Empoleon|[msg]
|
|upkeep
|turn|39
|choice|switch 3|switch 4
|
|switch|p2a: Krookodile|Krookodile, M|265\/331
|-ability|p2a: Krookodile|Intimidate|boost
|-unboost|p1a: Kimyan|atk|1
|switch|p1a: Dragalge|Dragalge, F|334\/334
|
|upkeep
|turn|40
|choice|switch 3|move pursuit
|
|-activate|p1a: Dragalge|move: Pursuit
|move|p2a: Krookodile|Pursuit|p1a: Dragalge|[from]Pursuit
|-damage|p1a: Dragalge|165\/334
|switch|p1a: Kimyan|Alomomola, M, shiny|529\/529
|
|upkeep
|turn|41
|choice|switch 3|switch 3
|
|switch|p2a: Rotom|Rotom-Mow|241\/241
|switch|p1a: Dragalge|Dragalge, F|165\/334
|
|upkeep
|turn|42
|choice|move rest|move voltswitch
|
|move|p2a: Rotom|Volt Switch|p1a: Dragalge
|-resisted|p1a: Dragalge
|-damage|p1a: Dragalge|122\/334
|choice||switch 3
|
|switch|p2a: Krookodile|Krookodile, M|265\/331
|-ability|p2a: Krookodile|Intimidate|boost
|-unboost|p1a: Dragalge|atk|1
|move|p1a: Dragalge|Rest|p1a: Dragalge
|-status|p1a: Dragalge|slp
|-heal|p1a: Dragalge|334\/334 slp|[silent]
|-status|p1a: Dragalge|slp|[from] move: Rest
|
|upkeep
|turn|43
|choice|switch 3|move pursuit
|
|-activate|p1a: Dragalge|move: Pursuit
|move|p2a: Krookodile|Pursuit|p1a: Dragalge|[from]Pursuit
|-damage|p1a: Dragalge|174\/334 slp
|switch|p1a: Kimyan|Alomomola, M, shiny|529\/529
|
|upkeep
|turn|44
|c|☆cutae|xD
|choice|move scald|switch 3
|
|switch|p2a: Rotom|Rotom-Mow|241\/241
|move|p1a: Kimyan|Scald|p2a: Rotom
|-resisted|p2a: Rotom
|-damage|p2a: Rotom|220\/241
|
|-heal|p2a: Rotom|235\/241|[from] item: Leftovers
|upkeep
|turn|45
|choice|move protect|move voltswitch
|
|move|p1a: Kimyan|Protect|p1a: Kimyan
|-singleturn|p1a: Kimyan|Protect
|move|p2a: Rotom|Volt Switch|p1a: Kimyan
|-activate|p1a: Kimyan|move: Protect
|
|-heal|p2a: Rotom|241\/241|[from] item: Leftovers
|upkeep
|turn|46
|choice|move wish|move thunderbolt
|
|move|p2a: Rotom|Thunderbolt|p1a: Kimyan
|-supereffective|p1a: Kimyan
|-damage|p1a: Kimyan|41\/529
|move|p1a: Kimyan|Wish|p1a: Kimyan
|
|upkeep
|turn|47
|c|☆cutae|wp
|c|☆Owns|would have been better if
|c| Giltia|o
|c|☆Owns|id clicked leaf storm
|choice|switch 3|move voltswitch
|
|switch|p1a: Dragalge|Dragalge, F|174\/334 slp
|move|p2a: Rotom|Volt Switch|p1a: Dragalge
|-resisted|p1a: Dragalge
|-damage|p1a: Dragalge|128\/334 slp
|c|☆cutae|yeah maybe
|choice||switch 3
|
|switch|p2a: Krookodile|Krookodile, M|265\/331
|-ability|p2a: Krookodile|Intimidate|boost
|-unboost|p1a: Dragalge|atk|1
|
|-heal|p1a: Dragalge|334\/334 slp|[from] move: Wish|[wisher] Kimyan
|upkeep
|turn|48
|choice|switch 2|move knockoff
|
|switch|p1a: Articono|Articuno|383\/383
|-ability|p1a: Articono|Pressure
|move|p2a: Krookodile|Knock Off|p1a: Articono
|-crit|p1a: Articono
|-damage|p1a: Articono|31\/383
|-enditem|p1a: Articono|Leftovers|[from] move: Knock Off|[of] p2a: Krookodile
|
|upkeep
|turn|49
|c|☆cutae|ok
|c| Giltia|ouch
|c|☆Owns|er
|c|☆Owns|i don't think that 2 hit KO'd
|c|☆Owns|:c
|choice|switch 6|move knockoff
|
|switch|p1a: Forretress|Forretress, F|46\/353
|move|p2a: Krookodile|Knock Off|p1a: Forretress
|-damage|p1a: Forretress|0 fnt
|-enditem|p1a: Forretress|Leftovers|[from] move: Knock Off|[of] p2a: Krookodile
|faint|p1a: Forretress
|
|upkeep
|c|☆cutae|eh
|choice|switch 5|
|
|switch|p1a: Quagsire|Quagsire, M|393\/393
|turn|50
|c| Giltia|moxie where??
|choice|move toxic|switch 3
|
|switch|p2a: Rotom|Rotom-Mow|241\/241
|move|p1a: Quagsire|Toxic|p2a: Rotom
|-status|p2a: Rotom|tox
|
|-damage|p2a: Rotom|226\/241 tox|[from] psn
|upkeep
|turn|51
|c| Giltia|hp grass where?
|c|☆Owns|its banded
|c|☆Owns|Lul
|c|☆cutae|^
|c| Giltia|wut????!!
|choice|move recover|move voltswitch
|
|move|p2a: Rotom|Volt Switch|p1a: Quagsire
|-immune|p1a: Quagsire|[msg]
|move|p1a: Quagsire|Recover|p1a: Quagsire
|-fail|p1a: Quagsire
|
|-heal|p2a: Rotom|241\/241 tox|[from] item: Leftovers
|-damage|p2a: Rotom|211\/241 tox|[from] psn
|upkeep
|turn|52
|c| Giltia|nani!!
|choice|switch 2|move voltswitch
|
|switch|p1a: Dragalge|Dragalge, F|334\/334 slp
|move|p2a: Rotom|Volt Switch|p1a: Dragalge
|-resisted|p1a: Dragalge
|-damage|p1a: Dragalge|285\/334 slp
|c|☆cutae|pls
|choice||switch 3
|
|switch|p2a: Krookodile|Krookodile, M|265\/331
|-ability|p2a: Krookodile|Intimidate|boost
|-unboost|p1a: Dragalge|atk|1
|
|upkeep
|turn|53
|choice|switch 6|move earthquake
|
|switch|p1a: Articono|Articuno|31\/383
|-ability|p1a: Articono|Pressure
|move|p2a: Krookodile|Earthquake|p1a: Articono
|-immune|p1a: Articono|[msg]
|
|upkeep
|turn|54
|choice|move roost|switch 4
|
|switch|p2a: Empoleon|Empoleon, M|371\/371
|move|p1a: Articono|Roost|p1a: Articono
|-heal|p1a: Articono|223\/383
|
|upkeep
|turn|55
|c|☆cutae|eyy
|c| Giltia|nb
|choice|move roost|move icebeam
|
|move|p1a: Articono|Roost|p1a: Articono
|-heal|p1a: Articono|383\/383
|move|p2a: Empoleon|Ice Beam|p1a: Articono
|-resisted|p1a: Articono
|-damage|p1a: Articono|359\/383
|
|upkeep
|turn|56
|choice|move freezedry|move scald
|
|move|p1a: Articono|Freeze-Dry|p2a: Empoleon
|-damage|p2a: Empoleon|307\/371
|move|p2a: Empoleon|Scald|p1a: Articono
|-damage|p1a: Articono|287\/383
|-status|p1a: Articono|brn
|
|-heal|p2a: Empoleon|330\/371|[from] item: Leftovers
|-damage|p1a: Articono|240\/383 brn|[from] brn
|upkeep
|turn|57
|c| Giltia|0
|c|☆cutae|sad
|c|☆Owns|o
|c| Giltia|:T
|c|☆Owns|i forot
|c|☆Owns|burn was 12%
|c|☆cutae|lol
|c| Giltia|99%
|c| Giltia|o
|choice|move roost|move roar
|
|move|p1a: Articono|Roost|p1a: Articono
|-heal|p1a: Articono|383\/383 brn
|move|p2a: Empoleon|Roar|p1a: Articono
|drag|p1a: Dragalge|Dragalge, F|285\/334 slp
|
|-heal|p2a: Empoleon|353\/371|[from] item: Leftovers
|upkeep
|turn|58
|c| Giltia|nm
|choice|switch 3|switch 4
|
|switch|p2a: Krookodile|Krookodile, M|265\/331
|-ability|p2a: Krookodile|Intimidate|boost
|-unboost|p1a: Dragalge|atk|1
|switch|p1a: Kimyan|Alomomola, M, shiny|217\/529
|
|upkeep
|turn|59
|choice|move protect|move knockoff
|
|move|p1a: Kimyan|Protect|p1a: Kimyan
|-singleturn|p1a: Kimyan|Protect
|move|p2a: Krookodile|Knock Off|p1a: Kimyan
|-activate|p1a: Kimyan|move: Protect
|
|upkeep
|turn|60
|choice|move wish|move knockoff
|
|move|p2a: Krookodile|Knock Off|p1a: Kimyan
|-damage|p1a: Kimyan|31\/529
|-damage|p2a: Krookodile|210\/331|[from] item: Rocky Helmet|[of] p1a: Kimyan
|-enditem|p1a: Kimyan|Rocky Helmet|[from] move: Knock Off|[of] p2a: Krookodile
|move|p1a: Kimyan|Wish|p1a: Kimyan
|
|upkeep
|turn|61
|choice|move protect|switch 3
|
|switch|p2a: Rotom|Rotom-Mow|211\/241 tox
|move|p1a: Kimyan|Protect|p1a: Kimyan
|-fail|p1a: Kimyan
|
|-heal|p1a: Kimyan|295\/529|[from] move: Wish|[wisher] Kimyan
|-heal|p2a: Rotom|226\/241 tox|[from] item: Leftovers
|-damage|p2a: Rotom|211\/241 tox|[from] psn
|upkeep
|turn|62
|c| Giltia|ah
|choice|move protect|move voltswitch
|
|move|p1a: Kimyan|Protect|p1a: Kimyan
|-singleturn|p1a: Kimyan|Protect
|move|p2a: Rotom|Volt Switch|p1a: Kimyan
|-activate|p1a: Kimyan|move: Protect
|
|-heal|p2a: Rotom|226\/241 tox|[from] item: Leftovers
|-damage|p2a: Rotom|196\/241 tox|[from] psn
|upkeep
|turn|63
|c| Giltia|I wouldntve protected
|c| Giltia|If I was u
|choice|switch 3|move leafstorm
|
|switch|p1a: Dragalge|Dragalge, F|285\/334 slp
|move|p2a: Rotom|Leaf Storm|p1a: Dragalge
|-resisted|p1a: Dragalge
|-crit|p1a: Dragalge
|-damage|p1a: Dragalge|227\/334 slp
|-unboost|p2a: Rotom|spa|2
|
|-heal|p2a: Rotom|211\/241 tox|[from] item: Leftovers
|-damage|p2a: Rotom|166\/241 tox|[from] psn
|upkeep
|turn|64
|c| Giltia|when kroo switched out
|c|☆cutae|I was thinking about it
|c| Giltia|I guess I have a reckless playstyle
|c|☆cutae|but cam is real so
|c| Giltia|lol
|c|☆Owns|this is just a mind game
|choice|move sleeptalk|move voltswitch
|
|move|p2a: Rotom|Volt Switch|p1a: Dragalge
|-resisted|p1a: Dragalge
|-damage|p1a: Dragalge|206\/334 slp
|choice||switch 6
|
|switch|p2a: Beedrill|Beedrill-Mega, M|271\/271
|cant|p1a: Dragalge|slp
|move|p1a: Dragalge|Sleep Talk|p1a: Dragalge
|move|p1a: Dragalge|Dragon Tail|p2a: Beedrill|[from]Sleep Talk
|-crit|p2a: Beedrill
|-damage|p2a: Beedrill|100\/271
|drag|p2a: Mienshao|Mienshao, F|226\/271
|
|upkeep
|turn|65
|choice|switch 3|move uturn
|
|switch|p1a: Kimyan|Alomomola, M, shiny|471\/529
|move|p2a: Mienshao|U-turn|p1a: Kimyan
|-damage|p1a: Kimyan|408\/529
|choice||switch 6
|
|switch|p2a: Rotom|Rotom-Mow|166\/241 tox
|
|-heal|p2a: Rotom|181\/241 tox|[from] item: Leftovers
|-damage|p2a: Rotom|166\/241 tox|[from] psn
|upkeep
|turn|66
|c| Giltia|mein sleeves
|choice|move protect|move thunderbolt
|
|move|p1a: Kimyan|Protect|p1a: Kimyan
|-singleturn|p1a: Kimyan|Protect
|move|p2a: Rotom|Thunderbolt|p1a: Kimyan
|-activate|p1a: Kimyan|move: Protect
|
|-heal|p2a: Rotom|181\/241 tox|[from] item: Leftovers
|-damage|p2a: Rotom|151\/241 tox|[from] psn
|upkeep
|turn|67
|choice|switch 2|move voltswitch
|
|switch|p1a: Quagsire|Quagsire, M|393\/393
|move|p2a: Rotom|Volt Switch|p1a: Quagsire
|-immune|p1a: Quagsire|[msg]
|
|-heal|p2a: Rotom|166\/241 tox|[from] item: Leftovers
|-damage|p2a: Rotom|121\/241 tox|[from] psn
|upkeep
|turn|68
|c| Giltia|o
|choice|switch 3|move leafstorm
|
|switch|p1a: Dragalge|Dragalge, F|206\/334 slp
|move|p2a: Rotom|Leaf Storm|p1a: Dragalge
|-resisted|p1a: Dragalge
|-damage|p1a: Dragalge|163\/334 slp
|-unboost|p2a: Rotom|spa|2
|
|-heal|p2a: Rotom|136\/241 tox|[from] item: Leftovers
|-damage|p2a: Rotom|76\/241 tox|[from] psn
|upkeep
|turn|69
|c| Giltia|ml
|c|☆Owns|stop being real
|choice|switch 3|switch 4
|
|switch|p2a: Empoleon|Empoleon, M|353\/371
|switch|p1a: Quagsire|Quagsire, M|393\/393
|
|-heal|p2a: Empoleon|371\/371|[from] item: Leftovers
|upkeep
|turn|70
|c|☆cutae|lmao
|choice|switch 4|move scald
|
|switch|p1a: Blissey|Blissey, F|595\/708
|move|p2a: Empoleon|Scald|p1a: Blissey
|-damage|p1a: Blissey|528\/708
|
|-heal|p1a: Blissey|572\/708|[from] item: Leftovers
|upkeep
|turn|71
|choice|switch 2|switch 6
|
|switch|p2a: Mienshao|Mienshao, F|226\/271
|switch|p1a: Kimyan|Alomomola, M, shiny|529\/529
|
|upkeep
|turn|72
|choice|move scald|switch 4
|
|switch|p2a: Rotom|Rotom-Mow|76\/241 tox
|move|p1a: Kimyan|Scald|p2a: Rotom
|-resisted|p2a: Rotom
|-damage|p2a: Rotom|55\/241 tox
|
|-heal|p2a: Rotom|70\/241 tox|[from] item: Leftovers
|-damage|p2a: Rotom|55\/241 tox|[from] psn
|upkeep
|turn|73
|choice|move protect|move thunderbolt
|
|move|p1a: Kimyan|Protect|p1a: Kimyan
|-singleturn|p1a: Kimyan|Protect
|move|p2a: Rotom|Thunderbolt|p1a: Kimyan
|-activate|p1a: Kimyan|move: Protect
|
|-heal|p2a: Rotom|70\/241 tox|[from] item: Leftovers
|-damage|p2a: Rotom|40\/241 tox|[from] psn
|upkeep
|turn|74
|choice|switch 3|move voltswitch
|
|switch|p1a: Dragalge|Dragalge, F|163\/334 slp
|move|p2a: Rotom|Volt Switch|p1a: Dragalge
|-resisted|p1a: Dragalge
|-damage|p1a: Dragalge|115\/334 slp
|choice||switch 3
|
|switch|p2a: Krookodile|Krookodile, M|210\/331
|-ability|p2a: Krookodile|Intimidate|boost
|-unboost|p1a: Dragalge|atk|1
|
|upkeep
|turn|75
|choice|move sleeptalk|move pursuit
|
|move|p2a: Krookodile|Pursuit|p1a: Dragalge
|-damage|p1a: Dragalge|36\/334 slp
|cant|p1a: Dragalge|slp
|move|p1a: Dragalge|Sleep Talk|p1a: Dragalge
|move|p1a: Dragalge|Toxic Spikes|p2a: Krookodile|[from]Sleep Talk
|-sidestart|p2: Owns|move: Toxic Spikes
|
|upkeep
|turn|76
|c|☆cutae|?
|choice|move sleeptalk|move pursuit
|
|move|p2a: Krookodile|Pursuit|p1a: Dragalge
|-damage|p1a: Dragalge|0 fnt
|faint|p1a: Dragalge
|
|upkeep
|c| Giltia|lol sadly
|c|☆Owns|hm?
|c| Giltia|it dies
|choice|switch 2|
|
|switch|p1a: Blissey|Blissey, F|572\/708
|turn|77
|c| Giltia|due to low hp
|choice|move seismictoss|switch 6
|
|switch|p2a: Empoleon|Empoleon, M|371\/371
|move|p1a: Blissey|Seismic Toss|p2a: Empoleon
|-damage|p2a: Empoleon|271\/371
|
|-heal|p2a: Empoleon|294\/371|[from] item: Leftovers
|-heal|p1a: Blissey|616\/708|[from] item: Leftovers
|upkeep
|turn|78
|choice|switch 3|move defog
|
|switch|p1a: Kimyan|Alomomola, M, shiny|529\/529
|move|p2a: Empoleon|Defog|p1a: Kimyan
|-unboost|p1a: Kimyan|evasion|1
|-sideend|p2: Owns|Toxic Spikes|[from] move: Defog|[of] p2a: Empoleon
|
|-heal|p2a: Empoleon|317\/371|[from] item: Leftovers
|upkeep
|turn|79
|choice|move scald|move scald
|
|move|p1a: Kimyan|Scald|p2a: Empoleon
|-resisted|p2a: Empoleon
|-damage|p2a: Empoleon|301\/371
|-status|p2a: Empoleon|brn
|move|p2a: Empoleon|Scald|p1a: Kimyan
|-resisted|p1a: Kimyan
|-damage|p1a: Kimyan|439\/529
|-status|p1a: Kimyan|brn
|
|-heal|p2a: Empoleon|324\/371 brn|[from] item: Leftovers
|-damage|p1a: Kimyan|373\/529 brn|[from] brn
|-damage|p2a: Empoleon|278\/371 brn|[from] brn
|upkeep
|turn|80
|choice|move wish|switch 4
|
|switch|p2a: Mienshao|Mienshao, F|226\/271
|move|p1a: Kimyan|Wish|p1a: Kimyan
|
|-damage|p1a: Kimyan|307\/529 brn|[from] brn
|upkeep
|turn|81
|choice|move scald|move uturn
|
|move|p2a: Mienshao|U-turn|p1a: Kimyan
|-damage|p1a: Kimyan|245\/529 brn
|choice||switch 4
|
|switch|p2a: Empoleon|Empoleon, M|278\/371 brn
|move|p1a: Kimyan|Scald|p2a: Empoleon
|-resisted|p2a: Empoleon
|-damage|p2a: Empoleon|261\/371 brn
|
|-heal|p1a: Kimyan|509\/529 brn|[from] move: Wish|[wisher] Kimyan
|-heal|p2a: Empoleon|284\/371 brn|[from] item: Leftovers
|-damage|p2a: Empoleon|238\/371 brn|[from] brn
|-damage|p1a: Kimyan|443\/529 brn|[from] brn
|upkeep
|turn|82
|choice|move wish|switch 4
|
|switch|p2a: Mienshao|Mienshao, F|226\/271
|move|p1a: Kimyan|Wish|p1a: Kimyan
|
|-damage|p1a: Kimyan|377\/529 brn|[from] brn
|upkeep
|turn|83
|choice|move scald|move highjumpkick
|
|move|p2a: Mienshao|High Jump Kick|p1a: Kimyan
|-damage|p1a: Kimyan|136\/529 brn
|move|p1a: Kimyan|Scald|p2a: Mienshao
|-crit|p2a: Mienshao
|-damage|p2a: Mienshao|117\/271
|-status|p2a: Mienshao|brn
|
|-heal|p1a: Kimyan|400\/529 brn|[from] move: Wish|[wisher] Kimyan
|-damage|p2a: Mienshao|84\/271 brn|[from] brn
|-damage|p1a: Kimyan|334\/529 brn|[from] brn
|upkeep
|turn|84
|c|☆cutae|really...
|c|☆cutae|ok sorry
|choice|move wish|move highjumpkick
|
|move|p2a: Mienshao|High Jump Kick|p1a: Kimyan
|-damage|p1a: Kimyan|225\/529 brn
|move|p1a: Kimyan|Wish|p1a: Kimyan
|
|-damage|p2a: Mienshao|51\/271 brn|[from] brn
|-damage|p1a: Kimyan|159\/529 brn|[from] brn
|upkeep
|turn|85
|c|☆Owns|its fine lol
|choice|move protect|move highjumpkick
|
|move|p1a: Kimyan|Protect|p1a: Kimyan
|-singleturn|p1a: Kimyan|Protect
|move|p2a: Mienshao|High Jump Kick|p1a: Kimyan
|-activate|p1a: Kimyan|move: Protect
|-damage|p2a: Mienshao|0 fnt|[from] highjumpkick
|faint|p2a: Mienshao
|
|-heal|p1a: Kimyan|423\/529 brn|[from] move: Wish|[wisher] Kimyan
|-damage|p1a: Kimyan|357\/529 brn|[from] brn
|upkeep
|choice||switch 3
|
|switch|p2a: Rotom|Rotom-Mow|40\/241 tox
|turn|86
|choice|switch 6|move voltswitch
|
|switch|p1a: Articono|Articuno|383\/383 brn
|-ability|p1a: Articono|Pressure
|move|p2a: Rotom|Volt Switch|p1a: Articono
|-supereffective|p1a: Articono
|-damage|p1a: Articono|245\/383 brn
|choice||switch 5
|
|switch|p2a: Beedrill|Beedrill-Mega, M|100\/271
|
|-damage|p1a: Articono|198\/383 brn|[from] brn
|upkeep
|turn|87
|choice|move freezedry|move poisonjab
|
|move|p2a: Beedrill|Poison Jab|p1a: Articono
|-damage|p1a: Articono|2\/383 brn
|move|p1a: Articono|Freeze-Dry|p2a: Beedrill
|-damage|p2a: Beedrill|10\/271
|
|-damage|p1a: Articono|0 fnt|[from] brn
|upkeep
|faint|p1a: Articono
|choice|switch 6|
|
|switch|p1a: Kimyan|Alomomola, M, shiny|529\/529 brn
|turn|88
|choice|move scald|move uturn
|
|move|p2a: Beedrill|U-turn|p1a: Kimyan
|-damage|p1a: Kimyan|383\/529 brn
|choice||switch 4
|
|switch|p2a: Empoleon|Empoleon, M|238\/371 brn
|move|p1a: Kimyan|Scald|p2a: Empoleon
|-resisted|p2a: Empoleon
|-damage|p2a: Empoleon|220\/371 brn
|
|-heal|p2a: Empoleon|243\/371 brn|[from] item: Leftovers
|-damage|p2a: Empoleon|197\/371 brn|[from] brn
|-damage|p1a: Kimyan|317\/529 brn|[from] brn
|upkeep
|turn|89
|choice|move wish|move roar
|
|move|p1a: Kimyan|Wish|p1a: Kimyan
|move|p2a: Empoleon|Roar|p1a: Kimyan
|drag|p1a: Blissey|Blissey, F|616\/708
|
|-heal|p2a: Empoleon|220\/371 brn|[from] item: Leftovers
|-heal|p1a: Blissey|660\/708|[from] item: Leftovers
|-damage|p2a: Empoleon|174\/371 brn|[from] brn
|upkeep
|turn|90
|c| Giltia|rip
|c| Giltia|I guess it's decided
|choice|move healbell|switch 6
|
|switch|p2a: Krookodile|Krookodile, M|210\/331
|-ability|p2a: Krookodile|Intimidate|boost
|-unboost|p1a: Blissey|atk|1
|move|p1a: Blissey|Heal Bell|p1a: Blissey
|-activate|p1a: Blissey|move: Heal Bell
|-curestatus|p1: Kimyan|brn|[msg]
|
|-heal|p1a: Blissey|708\/708|[from] move: Wish|[wisher] Kimyan
|upkeep
|turn|91
|c| Giltia|nm
|choice|move seismictoss|move pursuit
|
|move|p2a: Krookodile|Pursuit|p1a: Blissey
|-damage|p1a: Blissey|498\/708
|move|p1a: Blissey|Seismic Toss|p2a: Krookodile
|-damage|p2a: Krookodile|110\/331
|
|-heal|p1a: Blissey|542\/708|[from] item: Leftovers
|upkeep
|turn|92
|c|☆cutae|?
|c| Giltia|nmnm
|choice|move stealthrock|move pursuit
|
|move|p2a: Krookodile|Pursuit|p1a: Blissey
|-damage|p1a: Blissey|332\/708
|move|p1a: Blissey|Stealth Rock|p2a: Krookodile
|-sidestart|p2: Owns|move: Stealth Rock
|
|-heal|p1a: Blissey|376\/708|[from] item: Leftovers
|upkeep
|turn|93
|choice|move softboiled|switch 4
|
|switch|p2a: Beedrill|Beedrill-Mega, M|10\/271
|-damage|p2a: Beedrill|0 fnt|[from] Stealth Rock
|faint|p2a: Beedrill
|move|p1a: Blissey|Soft-Boiled|p1a: Blissey
|-heal|p1a: Blissey|708\/708
|
|upkeep
|choice||switch 4
|
|switch|p2a: Krookodile|Krookodile, M|110\/331
|-damage|p2a: Krookodile|90\/331|[from] Stealth Rock
|-ability|p2a: Krookodile|Intimidate|boost
|-unboost|p1a: Blissey|atk|1
|turn|94
|c| Giltia|pursuit again
|c|☆Owns|ea
|c|☆Owns|yea
|c| Giltia|reveal protect
|c|☆Owns|zz
|c|☆cutae|lol if only
|c|☆Owns|shes definitely switching
|choice|move seismictoss|move superpower
|
|move|p2a: Krookodile|Superpower|p1a: Blissey
|-supereffective|p1a: Blissey
|-damage|p1a: Blissey|0 fnt
|-unboost|p2a: Krookodile|atk|1
|-unboost|p2a: Krookodile|def|1
|faint|p1a: Blissey
|
|upkeep
|c|☆Owns|lol
|c|☆cutae|xD
|c| Giltia|lol
|c| Giltia|ffs
|c|@SpaceBass|bg
|c|☆cutae|got me
|choice|switch 3|
|
|switch|p1a: Kimyan|Alomomola, M, shiny|493\/529
|turn|95
|c|☆Owns|if noone had said anything
|c|☆Owns|I would have pursuited
|c|☆cutae|really
|c|☆Owns|you still win
|c|☆cutae|fun game though
|c|☆Owns|its okay
|c|☆cutae|really nice team
|c|☆Owns|i was gonna forfeit
|c|☆cutae|oh rip
|c|☆Owns|if I was wining
|c| Giltia|empo is only thing left that can fight after kroo
|choice|move scald|move superpower
|
|move|p2a: Krookodile|Superpower|p1a: Kimyan
|-damage|p1a: Kimyan|389\/529
|-unboost|p2a: Krookodile|atk|1
|-unboost|p2a: Krookodile|def|1
|move|p1a: Kimyan|Scald|p2a: Krookodile
|-supereffective|p2a: Krookodile
|-damage|p2a: Krookodile|0 fnt
|faint|p2a: Krookodile
|
|upkeep
|c| Giltia|I dont think it can take on quag +alomo
|choice||switch 6
|
|switch|p2a: Empoleon|Empoleon, M|174\/371 brn
|-damage|p2a: Empoleon|151\/371 brn|[from] Stealth Rock
|turn|96
|choice|move scald|move scald
|
|move|p2a: Empoleon|Scald|p1a: Kimyan
|-resisted|p1a: Kimyan
|-damage|p1a: Kimyan|303\/529
|-status|p1a: Kimyan|brn
|move|p1a: Kimyan|Scald|p2a: Empoleon
|-resisted|p2a: Empoleon
|-damage|p2a: Empoleon|135\/371 brn
|
|-heal|p2a: Empoleon|158\/371 brn|[from] item: Leftovers
|-damage|p2a: Empoleon|112\/371 brn|[from] brn
|-damage|p1a: Kimyan|237\/529 brn|[from] brn
|upkeep
|turn|97
|choice|switch 4|move defog
|
|switch|p1a: Quagsire|Quagsire, M|393\/393
|move|p2a: Empoleon|Defog|p1a: Quagsire
|-unboost|p1a: Quagsire|evasion|1
|-sideend|p2: Owns|Stealth Rock|[from] move: Defog|[of] p2a: Empoleon
|
|-heal|p2a: Empoleon|135\/371 brn|[from] item: Leftovers
|-damage|p2a: Empoleon|89\/371 brn|[from] brn
|upkeep
|turn|98
|c|☆cutae|oh god
|c| Giltia|lol
|c|☆cutae|oh ok
|c| Giltia|lol
|c| Giltia|lol
|choice|move earthquake|move scald
|
|move|p2a: Empoleon|Scald|p1a: Quagsire
|-damage|p1a: Quagsire|164\/393
|-status|p1a: Quagsire|brn
|move|p1a: Quagsire|Earthquake|p2a: Empoleon
|-supereffective|p2a: Empoleon
|-damage|p2a: Empoleon|0 fnt
|faint|p2a: Empoleon
|
|-damage|p1a: Quagsire|115\/393 brn|[from] brn
|upkeep
|choice||switch 5
|
|switch|p2a: Rotom|Rotom-Mow|40\/241 tox
|turn|99
|c| Giltia|yuh
|c|@SpaceBass|sweep
|c|@SpaceBass|sweep
|c|@SpaceBass|sweep
|c|@SpaceBass|sweep
|c|☆Owns|barely
|c|☆cutae|^
|c| Giltia|nah
|choice|move recover|move leafstorm
|
|move|p2a: Rotom|Leaf Storm|p1a: Quagsire
|-supereffective|p1a: Quagsire
|-enditem|p1a: Quagsire|Rindo Berry|[eat]
|-enditem|p1a: Quagsire|Rindo Berry|[weaken]
|-damage|p1a: Quagsire|0 fnt
|-unboost|p2a: Rotom|spa|2
|faint|p1a: Quagsire
|
|-heal|p2a: Rotom|55\/241 tox|[from] item: Leftovers
|-damage|p2a: Rotom|40\/241 tox|[from] psn
|upkeep
|c|@SpaceBass|crit
|c|@SpaceBass|crit
|c|@SpaceBass|crit
|choice|switch 4|
|
|switch|p1a: Kimyan|Alomomola, M, shiny|413\/529 brn
|turn|100
|choice|move wish|move leafstorm
|
|move|p2a: Rotom|Leaf Storm|p1a: Kimyan
|-supereffective|p1a: Kimyan
|-damage|p1a: Kimyan|83\/529 brn
|-unboost|p2a: Rotom|spa|2
|move|p1a: Kimyan|Wish|p1a: Kimyan
|
|-heal|p2a: Rotom|55\/241 tox|[from] item: Leftovers
|-damage|p2a: Rotom|25\/241 tox|[from] psn
|-damage|p1a: Kimyan|17\/529 brn|[from] brn
|upkeep
|turn|101
|c|@SpaceBass|bg
|c| Giltia|LOL
|c|☆Owns|mm
|c|☆cutae|f
|c|☆cutae|do you still live .-.
|c| Giltia|reveal
|c|☆Owns|don't tect
|c| Giltia|rest
|c|☆Owns|<3
|c|☆Owns|no I don't
|choice|move protect|move thunderbolt
|
|move|p1a: Kimyan|Protect|p1a: Kimyan
|-singleturn|p1a: Kimyan|Protect
|move|p2a: Rotom|Thunderbolt|p1a: Kimyan
|-activate|p1a: Kimyan|move: Protect
|
|-heal|p1a: Kimyan|281\/529 brn|[from] move: Wish|[wisher] Kimyan
|-heal|p2a: Rotom|40\/241 tox|[from] item: Leftovers
|-damage|p2a: Rotom|0 fnt|[from] psn
|-damage|p1a: Kimyan|215\/529 brn|[from] brn
|upkeep
|faint|p2a: Rotom
|
|win|cutae
|c|☆cutae|lol
|raw|cutae's rating: 1000 &rarr; <strong>1040<\/strong><br \/>(+40 for winning)
|raw|Owns's rating: 1000 &rarr; <strong>1000<\/strong><br \/>(+0 for losing)
|c|☆cutae|christ
|c|☆Owns|ggwp
|c|☆cutae|scary game
|c|☆cutae|ggwp
|l|Owns
|l|cutae
|l|Giltia
|j|Giltia
|l|Giltia
|j|Cam</script>
</div>
<div class="battle-log battle-log-inline"><div class="inner"><div class="battle-options"></div><div class="inner"><div class="chat"><small>cutae joined.</small></div><div class="chat"><small>Owns joined.</small></div><div class=""><small>Format:</small> <br><strong>UU</strong></div><div class="rated"><strong>Rated battle</strong></div><div class=""><small><em>Sleep Clause Mod:</em> Limit one foe put to sleep</small></div><div class=""><small><em>Species Clause:</em> Limit one of each Pokémon</small></div><div class=""><small><em>OHKO Clause:</em> OHKO moves are banned</small></div><div class=""><small><em>Moody Clause:</em> Moody is banned</small></div><div class=""><small><em>Evasion Moves Clause:</em> Evasion moves are banned</small></div><div class=""><small><em>Endless Battle Clause:</em> Forcing endless battles is banned</small></div><div class=""><small><em>HP Percentage Mod:</em> HP is shown in percentages</small></div><div class=""><small><em>Swagger Clause:</em> Swagger is banned</small></div><div class=""><small><em>Baton Pass Clause:</em> Limit one Baton Passer, can't pass Spe and other stats simultaneously</small></div><div class="chat battle-history"><strong>cutae's team:</strong> <em style="color:#445566;display:block;">Forretress / Alomomola / Blissey / Dragalge / Quagsire / Articuno</em></div><div class="chat battle-history"><strong>Owns's team:</strong> <em style="color:#445566;display:block;">Beedrill / Mienshao / Krookodile / Gligar / Rotom-Mow / Empoleon</em></div><div class="chat chatmessage-cutae"><strong style="color:hsl(311,52%,49.586817481671645%)"><small>☆</small><span class="username" data-name="cutae">cutae</span>:</strong> <em>LOL</em></div><div class="chat chatmessage-owns"><strong style="color:hsl(299,76%,41.69665182262525%)"><small>☆</small><span class="username" data-name="Owns">Owns</span>:</strong> <em>AHHHHHHHHHHHHH</em></div><div class="chat chatmessage-cutae"><strong style="color:hsl(311,52%,49.586817481671645%)"><small>☆</small><span class="username" data-name="cutae">cutae</span>:</strong> <em>hi</em></div><div class="chat chatmessage-cutae"><strong style="color:hsl(311,52%,49.586817481671645%)"><small>☆</small><span class="username" data-name="cutae">cutae</span>:</strong> <em>hahahah</em></div><div class="chat chatmessage-owns"><strong style="color:hsl(299,76%,41.69665182262525%)"><small>☆</small><span class="username" data-name="Owns">Owns</span>:</strong> <em>I SNIPED  THE WRONG NIGGA</em></div><div class="chat chatmessage-cutae"><strong style="color:hsl(311,52%,49.586817481671645%)"><small>☆</small><span class="username" data-name="cutae">cutae</span>:</strong> <em>lets do this</em></div><div class="chat chatmessage-cutae"><strong style="color:hsl(311,52%,49.586817481671645%)"><small>☆</small><span class="username" data-name="cutae">cutae</span>:</strong> <em>hahahah</em></div><div class="spacer battle-history"><br></div><div class="battle-history">Battle started between cutae and Owns!<br></div><div class="spacer battle-history"><br></div><div class="battle-history">Go! <strong>Dragalge</strong>!<br></div><div class="spacer battle-history"><br></div><div class="battle-history">Owns sent out Rotom (<strong>Rotom-Mow</strong>)!<br></div><div class="spacer battle-history"><br></div><h2 class="battle-history">Turn 1</h2><div class="spacer battle-history"><br></div><div class="battle-history">The opposing Rotom used <strong>Volt Switch</strong>!<br></div><div class="battle-history"><small>It's not very effective...</small><br></div><div class="battle-history"><small>(Dragalge lost <abbr title="−71/334">21.3%</abbr> of its health!)</small><br></div><div class="spacer battle-history"><br></div><div class="battle-history">The opposing Rotom went back to Owns!<br></div><div class="battle-history">Owns sent out <strong>Empoleon</strong>!<br></div><div class="spacer battle-history"><br></div><div class="battle-history">Dragalge used <strong>Dragon Tail</strong>!<br></div><div class="battle-history"><small>It's not very effective...</small><br></div><div class="battle-history"><small>(The opposing Empoleon lost <abbr title="−29/371">7.8%</abbr> of its health!)</small><br></div><div class="spacer battle-history"><br></div><div class="battle-history"><strong>Gligar</strong> was dragged out!<br></div><div class="spacer battle-history"><br></div><div class="battle-history"><small>Dragalge restored a little HP using its Leftovers!</small><br></div><div class="spacer battle-history"><br></div><h2 class="battle-history">Turn 2</h2><div class="spacer battle-history"><br></div><div class="battle-history">Dragalge, come back!<br></div><div class="battle-history">Go! Articono (<strong>Articuno</strong>)!<br></div><div class="battle-history"><small>[Articono's Pressure]</small><br><small>Articono is exerting its pressure!</small><br></div><div class="spacer battle-history"><br></div><div class="battle-history">The opposing Gligar used <strong>Stealth Rock</strong>!<br></div><div class="battle-history"><small>Pointed stones float in the air around your team!</small><br></div><div class="spacer battle-history"><br></div><h2 class="battle-history">Turn 3</h2><div class="spacer battle-history"><br></div><div class="battle-history">Owns withdrew Gligar!<br></div><div class="battle-history">Owns sent out <strong>Empoleon</strong>!<br></div><div class="spacer battle-history"><br></div><div class="battle-history">Articono used <strong>Defog</strong>!<br></div><div class="battle-history"><small>The opposing Empoleon's evasiveness fell!</small><br></div><div class="battle-history"><small>The pointed stones disappeared from around your team!</small><br></div><div class="spacer battle-history"><br></div><div class="battle-history"><small>The opposing Empoleon restored a little HP using its Leftovers!</small><br></div><div class="spacer battle-history"><br></div><h2 class="battle-history">Turn 4</h2><div class="chat chatmessage-owns"><strong style="color:hsl(299,76%,41.69665182262525%)"><small>☆</small><span class="username" data-name="Owns">Owns</span>:</strong> <em><span class="greentext">&gt;scary</span></em></div><div class="chat chatmessage-cutae"><strong style="color:hsl(311,52%,49.586817481671645%)"><small>☆</small><span class="username" data-name="cutae">cutae</span>:</strong> <em>xD</em></div><div class="chat"><small>g e o t a l joined.</small></div><div class="spacer battle-history"><br></div><div class="battle-history">Articono, come back!<br></div><div class="battle-history">Go! <strong>Blissey</strong>!<br></div><div class="spacer battle-history"><br></div><div class="battle-history">The opposing Empoleon used <strong>Scald</strong>!<br></div><div class="battle-history"><small>(Blissey lost <abbr title="−72/708">10.2%</abbr> of its health!)</small><br></div><div class="spacer battle-history"><br></div><div class="battle-history"><small>The opposing Empoleon restored a little HP using its Leftovers!</small><br></div><div class="battle-history"><small>Blissey restored a little HP using its Leftovers!</small><br></div><div class="spacer battle-history"><br></div><h2 class="battle-history">Turn 5</h2><div class="chat chatmessage-cutae"><strong style="color:hsl(311,52%,49.586817481671645%)"><small>☆</small><span class="username" data-name="cutae">cutae</span>:</strong> <em>hi geo</em></div><div class="spacer battle-history"><br></div><div class="battle-history">Owns withdrew Empoleon!<br></div><div class="battle-history">Owns sent out <strong>Krookodile</strong>!<br></div><div class="battle-history"><small>[The opposing Krookodile's Intimidate]</small><br></div><div class="battle-history"><small>Blissey's Attack fell!</small><br></div><div class="spacer battle-history"><br></div><div class="battle-history">Blissey used <strong>Stealth Rock</strong>!<br></div><div class="battle-history"><small>Pointed stones float in the air around the opposing team!</small><br></div><div class="spacer battle-history"><br></div><div class="battle-history"><small>Blissey restored a little HP using its Leftovers!</small><br></div><div class="spacer battle-history"><br></div><h2 class="battle-history">Turn 6</h2><div class="chat chatmessage-cutae"><strong style="color:hsl(311,52%,49.586817481671645%)"><small>☆</small><span class="username" data-name="cutae">cutae</span>:</strong> <em>welp</em></div><div class="chat chatmessage-cutae"><strong style="color:hsl(311,52%,49.586817481671645%)"><small>☆</small><span class="username" data-name="cutae">cutae</span>:</strong> <em>mind games time</em></div><div class="spacer battle-history"><br></div><div class="battle-history">Blissey, come back!<br></div><div class="battle-history">Go! Kimyan (<strong>Alomomola</strong>)!<br></div><div class="spacer battle-history"><br></div><div class="battle-history">The opposing Krookodile used <strong>Superpower</strong>!<br></div><div class="battle-history"><small>(Kimyan lost <abbr title="−159/529">30.1%</abbr> of its health!)</small><br></div><div class="battle-history"><small>The opposing Krookodile was hurt by the Rocky Helmet!</small><br></div><div class="battle-history"><small>The opposing Krookodile's Attack fell!</small><br></div><div class="battle-history"><small>The opposing Krookodile's Defense fell!</small><br></div><div class="spacer battle-history"><br></div><h2 class="battle-history">Turn 7</h2><div class="spacer battle-history"><br></div><div class="battle-history">Owns withdrew Krookodile!<br></div><div class="battle-history">Owns sent out <strong>Empoleon</strong>!<br></div><div class="battle-history"><small>Pointed stones dug into the opposing Empoleon!</small><br></div><div class="spacer battle-history"><br></div><div class="battle-history">Kimyan used <strong>Toxic</strong>!<br></div><div class="battle-history"><small>It doesn't affect the opposing Empoleon...</small><br></div><div class="spacer battle-history"><br></div><div class="battle-history"><small>The opposing Empoleon restored a little HP using its Leftovers!</small><br></div><div class="spacer battle-history"><br></div><h2 class="battle-history">Turn 8</h2><div class="spacer battle-history"><br></div><div class="battle-history">Kimyan, come back!<br></div><div class="battle-history">Go! Articono (<strong>Articuno</strong>)!<br></div><div class="battle-history"><small>[Articono's Pressure]</small><br><small>Articono is exerting its pressure!</small><br></div><div class="spacer battle-history"><br></div><div class="battle-history">The opposing Empoleon used <strong>Defog</strong>!<br></div><div class="battle-history"><small>Articono's evasiveness fell!</small><br></div><div class="battle-history"><small>The pointed stones disappeared from around the opposing team!</small><br></div><div class="spacer battle-history"><br></div><h2 class="battle-history">Turn 9</h2><div class="spacer battle-history"><br></div><div class="battle-history">Articono, come back!<br></div><div class="battle-history">Go! Kimyan (<strong>Alomomola</strong>)!<br></div><div class="spacer battle-history"><br></div><div class="battle-history">The opposing Empoleon used <strong>Roar</strong>!<br></div><div class="spacer battle-history"><br></div><div class="battle-history"><strong>Quagsire</strong> was dragged out!<br></div><div class="spacer battle-history"><br></div><h2 class="battle-history">Turn 10</h2><div class="spacer battle-history"><br></div><div class="battle-history">Owns withdrew Empoleon!<br></div><div class="battle-history">Owns sent out Rotom (<strong>Rotom-Mow</strong>)!<br></div><div class="spacer battle-history"><br></div><div class="battle-history">Quagsire, come back!<br></div><div class="battle-history">Go! <strong>Blissey</strong>!<br></div><div class="spacer battle-history"><br></div><h2 class="battle-history">Turn 11</h2><div class="spacer battle-history"><br></div><div class="battle-history">Blissey, come back!<br></div><div class="battle-history">Go! <strong>Dragalge</strong>!<br></div><div class="spacer battle-history"><br></div><div class="battle-history">The opposing Rotom used <strong>Trick</strong>!<br></div><div class="battle-history"><small>The opposing Rotom switched items with its target!</small><br></div><div class="battle-history"><small>Dragalge obtained one Choice Specs.</small><br></div><div class="battle-history"><small>The opposing Rotom obtained one Leftovers.</small><br></div><div class="spacer battle-history"><br></div><h2 class="battle-history">Turn 12</h2><div class="chat chatmessage-owns"><strong style="color:hsl(299,76%,41.69665182262525%)"><small>☆</small><span class="username" data-name="Owns">Owns</span>:</strong> <em>use</em></div><div class="chat chatmessage-owns"><strong style="color:hsl(299,76%,41.69665182262525%)"><small>☆</small><span class="username" data-name="Owns">Owns</span>:</strong> <em>black sludge</em></div><div class="chat chatmessage-cutae"><strong style="color:hsl(311,52%,49.586817481671645%)"><small>☆</small><span class="username" data-name="cutae">cutae</span>:</strong> <em>lol</em></div><div class="chat chatmessage-cutae"><strong style="color:hsl(311,52%,49.586817481671645%)"><small>☆</small><span class="username" data-name="cutae">cutae</span>:</strong> <em>it's so they can't trick back to blissey</em></div><div class="chat"><small>SpaceBass joined.</small></div><div class="chat chatmessage-owns"><strong style="color:hsl(299,76%,41.69665182262525%)"><small>☆</small><span class="username" data-name="Owns">Owns</span>:</strong> <em>tfw well thought out</em></div><div class="chat chatmessage-cutae"><strong style="color:hsl(311,52%,49.586817481671645%)"><small>☆</small><span class="username" data-name="cutae">cutae</span>:</strong> <em>leftovers is actually better long term</em></div><div class="chat chatmessage-geotal"><strong style="color:hsl(356,72%,45.33768406619588%)"><small> </small><span class="username" data-name="g e o t a l">g e o t a l</span>:</strong> <em>Commit schemacide, with seppuku, it's your fate I hope you die slow, from the puncture of the blade.</em></div><div class="chat chatmessage-geotal"><strong style="color:hsl(356,72%,45.33768406619588%)"><small> </small><span class="username" data-name="g e o t a l">g e o t a l</span>:</strong> <em>If you got no nuts to do it yourself then it's okay</em></div><div class="chat chatmessage-geotal"><strong style="color:hsl(356,72%,45.33768406619588%)"><small> </small><span class="username" data-name="g e o t a l">g e o t a l</span>:</strong> <em>I got the red beam, and it's <b>aiming at your face.</b></em></div><div class="chat chatmessage-cutae"><strong style="color:hsl(311,52%,49.586817481671645%)"><small>☆</small><span class="username" data-name="cutae">cutae</span>:</strong> <em>tfw</em></div><div class="spacer battle-history"><br></div><div class="battle-history">Dragalge, come back!<br></div><div class="battle-history">Go! <strong>Quagsire</strong>!<br></div><div class="spacer battle-history"><br></div><div class="battle-history">The opposing Rotom used <strong>Volt Switch</strong>!<br></div><div class="battle-history"><small>It doesn't affect Quagsire...</small><br></div><div class="spacer battle-history"><br></div><h2 class="battle-history">Turn 13</h2><div class="chat chatmessage-spacebass"><strong style="color:hsl(105,43%,37%)"><small>@</small><span class="username" data-name="SpaceBass">SpaceBass</span>:</strong> <em>fgstds</em></div><div class="spacer battle-history"><br></div><div class="battle-history">Quagsire, come back!<br></div><div class="battle-history">Go! Articono (<strong>Articuno</strong>)!<br></div><div class="battle-history"><small>[Articono's Pressure]</small><br><small>Articono is exerting its pressure!</small><br></div><div class="spacer battle-history"><br></div><div class="battle-history">The opposing Rotom used <strong>Volt Switch</strong>!<br></div><div class="battle-history"><small>It's super effective!</small><br></div><div class="battle-history"><small>(Articono lost <abbr title="−134/383">35.0%</abbr> of its health!)</small><br></div><div class="chat chatmessage-cutae"><strong style="color:hsl(311,52%,49.586817481671645%)"><small>☆</small><span class="username" data-name="cutae">cutae</span>:</strong> <em>xD</em></div><div class="chat chatmessage-geotal"><em><i><strong style="color:hsl(356,72%,45.33768406619588%)">• <small> </small><span class="username" data-name="g e o t a l">g e o t a l</span></strong> aims the red beam at SpaceBass</i></em></div><div class="spacer battle-history"><br></div><div class="battle-history">The opposing Rotom went back to Owns!<br></div><div class="battle-history">Owns sent out <strong>Mienshao</strong>!<br></div><div class="spacer battle-history"><br></div><div class="battle-history"><small>Articono restored a little HP using its Leftovers!</small><br></div><div class="spacer battle-history"><br></div><h2 class="battle-history">Turn 14</h2><div class="chat chatmessage-spacebass"><em><i><strong style="color:hsl(105,43%,37%)">• <small>@</small><span class="username" data-name="SpaceBass">SpaceBass</span></strong> smokes the red beam</i></em></div><div class="spacer battle-history"><br></div><div class="battle-history">Articono, come back!<br></div><div class="battle-history">Go! Kimyan (<strong>Alomomola</strong>)!<br></div><div class="spacer battle-history"><br></div><div class="battle-history">The opposing Mienshao used <strong>High Jump Kick</strong>!<br></div><div class="battle-history"><small>(Kimyan lost <abbr title="−223/529">42.2%</abbr> of its health!)</small><br></div><div class="battle-history"><small>The opposing Mienshao was hurt by the Rocky Helmet!</small><br></div><div class="spacer battle-history"><br></div><h2 class="battle-history">Turn 15</h2><div class="chat chatmessage-geotal"><strong style="color:hsl(356,72%,45.33768406619588%)"><small> </small><span class="username" data-name="g e o t a l">g e o t a l</span>:</strong> <em>aye pass that shit cuz</em></div><div class="chat chatmessage-geotal"><strong style="color:hsl(356,72%,45.33768406619588%)"><small> </small><span class="username" data-name="g e o t a l">g e o t a l</span>:</strong> <em>lmao</em></div><div class="spacer battle-history"><br></div><div class="battle-history">Owns withdrew Mienshao!<br></div><div class="battle-history">Owns sent out Rotom (<strong>Rotom-Mow</strong>)!<br></div><div class="spacer battle-history"><br></div><div class="battle-history">Kimyan used <strong>Wish</strong>!<br></div><div class="spacer battle-history"><br></div><h2 class="battle-history">Turn 16</h2><div class="spacer battle-history"><br></div><div class="battle-history">Kimyan, come back!<br></div><div class="battle-history">Go! Articono (<strong>Articuno</strong>)!<br></div><div class="battle-history"><small>[Articono's Pressure]</small><br><small>Articono is exerting its pressure!</small><br></div><div class="spacer battle-history"><br></div><div class="battle-history">The opposing Rotom used <strong>Volt Switch</strong>!<br></div><div class="battle-history"><small>It's super effective!</small><br></div><div class="battle-history"><small>(Articono lost <abbr title="−146/383">38.1%</abbr> of its health!)</small><br></div><div class="spacer battle-history"><br></div><div class="battle-history">The opposing Rotom went back to Owns!<br></div><div class="battle-history">Owns sent out <strong>Mienshao</strong>!<br></div><div class="spacer battle-history"><br></div><div class="battle-history"><small>Kimyan's wish came true!</small><br></div><div class="spacer battle-history"><br></div><h2 class="battle-history">Turn 17</h2><div class="spacer battle-history"><br></div><div class="battle-history">Owns withdrew Mienshao!<br></div><div class="battle-history">Owns sent out Rotom (<strong>Rotom-Mow</strong>)!<br></div><div class="spacer battle-history"><br></div><div class="battle-history">Articono, come back!<br></div><div class="battle-history">Go! Kimyan (<strong>Alomomola</strong>)!<br></div><div class="spacer battle-history"><br></div><h2 class="battle-history">Turn 18</h2><div class="spacer battle-history"><br></div><div class="battle-history">Kimyan used <strong>Protect</strong>!<br></div><div class="battle-history"><small>Kimyan protected itself!</small><br></div><div class="spacer battle-history"><br></div><div class="battle-history">The opposing Rotom used <strong>Volt Switch</strong>!<br></div><div class="battle-history"><small>Kimyan protected itself!</small><br></div><div class="spacer battle-history"><br></div><h2 class="battle-history">Turn 19</h2><div class="spacer battle-history"><br></div><div class="battle-history">Kimyan, come back!<br></div><div class="battle-history">Go! <strong>Dragalge</strong>!<br></div><div class="spacer battle-history"><br></div><div class="battle-history">The opposing Rotom used <strong>Leaf Storm</strong>!<br></div><div class="battle-history"><small>It's not very effective...</small><br></div><div class="battle-history"><small>(Dragalge lost <abbr title="−42/334">12.6%</abbr> of its health!)</small><br></div><div class="battle-history"><small>The opposing Rotom's Special Attack fell harshly!</small><br></div><div class="spacer battle-history"><br></div><h2 class="battle-history">Turn 20</h2><div class="spacer battle-history"><br></div><div class="battle-history">Dragalge, come back!<br></div><div class="battle-history">Go! <strong>Quagsire</strong>!<br></div><div class="spacer battle-history"><br></div><div class="battle-history">The opposing Rotom used <strong>Volt Switch</strong>!<br></div><div class="battle-history"><small>It doesn't affect Quagsire...</small><br></div><div class="spacer battle-history"><br></div><h2 class="battle-history">Turn 21</h2><div class="chat"><small>Giltia joined.</small></div><div class="spacer battle-history"><br></div><div class="battle-history">Quagsire, come back!<br></div><div class="battle-history">Go! Articono (<strong>Articuno</strong>)!<br></div><div class="battle-history"><small>[Articono's Pressure]</small><br><small>Articono is exerting its pressure!</small><br></div><div class="spacer battle-history"><br></div><div class="battle-history">The opposing Rotom used <strong>Volt Switch</strong>!<br></div><div class="battle-history"><small>It's super effective!</small><br></div><div class="battle-history"><small>(Articono lost <abbr title="−68/383">17.8%</abbr> of its health!)</small><br></div><div class="chat chatmessage-giltia"><strong style="color:hsl(105,42%,34%)"><small> </small><span class="username" data-name="Giltia">Giltia</span>:</strong> <em>hello~~</em></div><div class="chat chatmessage-cutae"><strong style="color:hsl(311,52%,49.586817481671645%)"><small>☆</small><span class="username" data-name="cutae">cutae</span>:</strong> <em>hiiii</em></div><div class="chat chatmessage-owns"><strong style="color:hsl(299,76%,41.69665182262525%)"><small>☆</small><span class="username" data-name="Owns">Owns</span>:</strong> <em>yo</em></div><div class="chat chatmessage-cutae"><strong style="color:hsl(311,52%,49.586817481671645%)"><small>☆</small><span class="username" data-name="cutae">cutae</span>:</strong> <em>etc.</em></div><div class="spacer battle-history"><br></div><div class="battle-history">The opposing Rotom went back to Owns!<br></div><div class="battle-history">Owns sent out <strong>Beedrill</strong>!<br></div><div class="spacer battle-history"><br></div><div class="battle-history"><small>Articono restored a little HP using its Leftovers!</small><br></div><div class="spacer battle-history"><br></div><h2 class="battle-history">Turn 22</h2><div class="spacer battle-history"><br></div><div class="battle-history">Articono, come back!<br></div><div class="battle-history">Go! <strong>Forretress</strong>!<br></div><div class="spacer battle-history"><br></div><div class="battle-history"><small>The opposing Beedrill's Beedrillite is reacting to Owns's Mega Bracelet!</small><br>The opposing Beedrill has Mega Evolved into Mega Beedrill!<br></div><div class="spacer battle-history"><br></div><div class="battle-history">The opposing Beedrill used <strong>U-turn</strong>!<br></div><div class="battle-history"><small>It's not very effective...</small><br></div><div class="battle-history"><small>(Forretress lost <abbr title="−51/353">14.4%</abbr> of its health!)</small><br></div><div class="chat"><small>g e o t a l left.</small></div><div class="spacer battle-history"><br></div><div class="battle-history">The opposing Beedrill went back to Owns!<br></div><div class="battle-history">Owns sent out <strong>Empoleon</strong>!<br></div><div class="spacer battle-history"><br></div><div class="battle-history"><small>Forretress restored a little HP using its Leftovers!</small><br></div><div class="spacer battle-history"><br></div><h2 class="battle-history">Turn 23</h2><div class="spacer battle-history"><br></div><div class="battle-history">Owns withdrew Empoleon!<br></div><div class="battle-history">Owns sent out <strong>Gligar</strong>!<br></div><div class="spacer battle-history"><br></div><div class="battle-history">Forretress, come back!<br></div><div class="battle-history">Go! Articono (<strong>Articuno</strong>)!<br></div><div class="battle-history"><small>[Articono's Pressure]</small><br><small>Articono is exerting its pressure!</small><br></div><div class="spacer battle-history"><br></div><div class="battle-history"><small>Articono restored a little HP using its Leftovers!</small><br></div><div class="spacer battle-history"><br></div><h2 class="battle-history">Turn 24</h2><div class="spacer battle-history"><br></div><div class="battle-history">Articono used <strong>Freeze-Dry</strong>!<br></div><div class="battle-history"><small>It's super effective!</small><br></div><div class="battle-history"><small>(The opposing Gligar lost <abbr title="−276/331">83.4%</abbr> of its health!)</small><br></div><div class="spacer battle-history"><br></div><div class="battle-history">The opposing Gligar used <strong>Stealth Rock</strong>!<br></div><div class="battle-history"><small>Pointed stones float in the air around your team!</small><br></div><div class="spacer battle-history"><br></div><div class="battle-history"><small>Articono restored a little HP using its Leftovers!</small><br></div><div class="spacer battle-history"><br></div><h2 class="battle-history">Turn 25</h2><div class="chat chatmessage-giltia"><strong style="color:hsl(105,42%,34%)"><small> </small><span class="username" data-name="Giltia">Giltia</span>:</strong> <em>did you give up on NU?</em></div><div class="chat chatmessage-cutae"><strong style="color:hsl(311,52%,49.586817481671645%)"><small>☆</small><span class="username" data-name="cutae">cutae</span>:</strong> <em>haven't really tried much</em></div><div class="chat chatmessage-cutae"><strong style="color:hsl(311,52%,49.586817481671645%)"><small>☆</small><span class="username" data-name="cutae">cutae</span>:</strong> <em>I played like 3 games</em></div><div class="spacer battle-history"><br></div><div class="battle-history">Articono used <strong>Defog</strong>!<br></div><div class="battle-history"><small>The opposing Gligar's evasiveness fell!</small><br></div><div class="battle-history"><small>The pointed stones disappeared from around your team!</small><br></div><div class="spacer battle-history"><br></div><div class="battle-history">The opposing Gligar used <strong>Stealth Rock</strong>!<br></div><div class="battle-history"><small>Pointed stones float in the air around your team!</small><br></div><div class="spacer battle-history"><br></div><h2 class="battle-history">Turn 26</h2><div class="chat chatmessage-giltia"><strong style="color:hsl(105,42%,34%)"><small> </small><span class="username" data-name="Giltia">Giltia</span>:</strong> <em>oic</em></div><div class="spacer battle-history"><br></div><div class="battle-history">Articono used <strong>Freeze-Dry</strong>!<br></div><div class="battle-history"><small>It's super effective!</small><br></div><div class="battle-history"><small>(The opposing Gligar lost <abbr title="−55/331">16.6%</abbr> of its health!)</small><br></div><div class="spacer battle-history"><br></div><div class="battle-history">The opposing Gligar fainted!<br></div><div class="spacer battle-history"><br></div><div class="battle-history">Owns sent out <strong>Mienshao</strong>!<br></div><div class="spacer battle-history"><br></div><h2 class="battle-history">Turn 27</h2><div class="spacer battle-history"><br></div><div class="battle-history">Articono, come back!<br></div><div class="battle-history">Go! Kimyan (<strong>Alomomola</strong>)!<br></div><div class="battle-history"><small>Pointed stones dug into Kimyan!</small><br></div><div class="spacer battle-history"><br></div><div class="battle-history">The opposing Mienshao used <strong>Stone Edge</strong>!<br></div><div class="battle-history"><small>Kimyan avoided the attack!</small><br></div><div class="spacer battle-history"><br></div><h2 class="battle-history">Turn 28</h2><div class="spacer battle-history"><br></div><div class="battle-history">The opposing Mienshao used <strong>Stone Edge</strong>!<br></div><div class="battle-history"><small>Kimyan avoided the attack!</small><br></div><div class="spacer battle-history"><br></div><div class="battle-history">Kimyan used <strong>Wish</strong>!<br></div><div class="spacer battle-history"><br></div><h2 class="battle-history">Turn 29</h2><div class="spacer battle-history"><br></div><div class="battle-history">Owns withdrew Mienshao!<br></div><div class="battle-history">Owns sent out Rotom (<strong>Rotom-Mow</strong>)!<br></div><div class="spacer battle-history"><br></div><div class="battle-history">Kimyan, come back!<br></div><div class="battle-history">Go! <strong>Forretress</strong>!<br></div><div class="battle-history"><small>Pointed stones dug into Forretress!</small><br></div><div class="spacer battle-history"><br></div><div class="battle-history"><small>Kimyan's wish came true!</small><br></div><div class="spacer battle-history"><br></div><h2 class="battle-history">Turn 30</h2><div class="spacer battle-history"><br></div><div class="battle-history">The opposing Rotom used <strong>Volt Switch</strong>!<br></div><div class="battle-history"><small>A critical hit!</small><br></div><div class="battle-history"><small>(Forretress lost <abbr title="−243/353">68.8%</abbr> of its health!)</small><br></div><div class="spacer battle-history"><br></div><div class="battle-history">The opposing Rotom went back to Owns!<br></div><div class="battle-history">Owns sent out <strong>Krookodile</strong>!<br></div><div class="battle-history"><small>[The opposing Krookodile's Intimidate]</small><br></div><div class="battle-history"><small>Forretress's Attack fell!</small><br></div><div class="spacer battle-history"><br></div><div class="battle-history">Forretress used <strong>Rapid Spin</strong>!<br></div><div class="battle-history"><small>(The opposing Krookodile lost <abbr title="−11/331">3.3%</abbr> of its health!)</small><br></div><div class="battle-history"><small>The pointed stones disappeared from around your team!</small><br></div><div class="spacer battle-history"><br></div><div class="battle-history"><small>Forretress restored a little HP using its Leftovers!</small><br></div><div class="spacer battle-history"><br></div><h2 class="battle-history">Turn 31</h2><div class="spacer battle-history"><br></div><div class="battle-history"><small>(Forretress is being withdrawn...)</small><br></div><div class="spacer battle-history"><br></div><div class="battle-history">The opposing Krookodile used <strong>Pursuit</strong>!<br></div><div class="battle-history"><small>(Forretress lost <abbr title="−108/353">30.6%</abbr> of its health!)</small><br></div><div class="spacer battle-history"><br></div><div class="battle-history">Forretress, come back!<br></div><div class="battle-history">Go! Kimyan (<strong>Alomomola</strong>)!<br></div><div class="spacer battle-history"><br></div><h2 class="battle-history">Turn 32</h2><div class="spacer battle-history"><br></div><div class="battle-history">Owns withdrew Krookodile!<br></div><div class="battle-history">Owns sent out Rotom (<strong>Rotom-Mow</strong>)!<br></div><div class="spacer battle-history"><br></div><div class="battle-history">Kimyan used <strong>Wish</strong>!<br></div><div class="spacer battle-history"><br></div><h2 class="battle-history">Turn 33</h2><div class="spacer battle-history"><br></div><div class="battle-history">Kimyan, come back!<br></div><div class="battle-history">Go! <strong>Dragalge</strong>!<br></div><div class="spacer battle-history"><br></div><div class="battle-history">The opposing Rotom used <strong>Volt Switch</strong>!<br></div><div class="battle-history"><small>It's not very effective...</small><br></div><div class="battle-history"><small>(Dragalge lost <abbr title="−45/334">13.5%</abbr> of its health!)</small><br></div><div class="spacer battle-history"><br></div><div class="battle-history">The opposing Rotom went back to Owns!<br></div><div class="battle-history">Owns sent out <strong>Krookodile</strong>!<br></div><div class="battle-history"><small>[The opposing Krookodile's Intimidate]</small><br></div><div class="battle-history"><small>Dragalge's Attack fell!</small><br></div><div class="spacer battle-history"><br></div><div class="battle-history"><small>Kimyan's wish came true!</small><br></div><div class="spacer battle-history"><br></div><h2 class="battle-history">Turn 34</h2><div class="spacer battle-history"><br></div><div class="battle-history">Dragalge, come back!<br></div><div class="battle-history">Go! Kimyan (<strong>Alomomola</strong>)!<br></div><div class="spacer battle-history"><br></div><div class="battle-history">The opposing Krookodile used <strong>Earthquake</strong>!<br></div><div class="battle-history"><small>(Kimyan lost <abbr title="−201/529">38.0%</abbr> of its health!)</small><br></div><div class="spacer battle-history"><br></div><h2 class="battle-history">Turn 35</h2><div class="spacer battle-history"><br></div><div class="battle-history">Owns withdrew Krookodile!<br></div><div class="battle-history">Owns sent out <strong>Empoleon</strong>!<br></div><div class="spacer battle-history"><br></div><div class="battle-history">Kimyan, come back!<br></div><div class="battle-history">Go! <strong>Forretress</strong>!<br></div><div class="spacer battle-history"><br></div><div class="battle-history"><small>Forretress restored a little HP using its Leftovers!</small><br></div><div class="spacer battle-history"><br></div><h2 class="battle-history">Turn 36</h2><div class="spacer battle-history"><br></div><div class="battle-history">Forretress, come back!<br></div><div class="battle-history">Go! <strong>Blissey</strong>!<br></div><div class="spacer battle-history"><br></div><div class="battle-history">The opposing Empoleon used <strong>Scald</strong>!<br></div><div class="battle-history"><small>(Blissey lost <abbr title="−69/708">9.7%</abbr> of its health!)</small><br></div><div class="battle-history"><small>Blissey was burned!</small><br></div><div class="spacer battle-history"><br></div><div class="battle-history"><small>Blissey restored a little HP using its Leftovers!</small><br></div><div class="battle-history"><small>Blissey was hurt by its burn!</small><br></div><div class="spacer battle-history"><br></div><h2 class="battle-history">Turn 37</h2><div class="spacer battle-history"><br></div><div class="battle-history">Owns withdrew Empoleon!<br></div><div class="battle-history">Owns sent out <strong>Krookodile</strong>!<br></div><div class="battle-history"><small>[The opposing Krookodile's Intimidate]</small><br></div><div class="battle-history"><small>Blissey's Attack fell!</small><br></div><div class="spacer battle-history"><br></div><div class="battle-history"><small>(Blissey is cured by its Natural Cure!)</small><br></div><div class="battle-history">Blissey, come back!<br></div><div class="battle-history">Go! Kimyan (<strong>Alomomola</strong>)!<br></div><div class="spacer battle-history"><br></div><h2 class="battle-history">Turn 38</h2><div class="spacer battle-history"><br></div><div class="battle-history">Owns withdrew Krookodile!<br></div><div class="battle-history">Owns sent out <strong>Empoleon</strong>!<br></div><div class="spacer battle-history"><br></div><div class="battle-history">Kimyan used <strong>Toxic</strong>!<br></div><div class="battle-history"><small>It doesn't affect the opposing Empoleon...</small><br></div><div class="spacer battle-history"><br></div><h2 class="battle-history">Turn 39</h2><div class="spacer battle-history"><br></div><div class="battle-history">Owns withdrew Empoleon!<br></div><div class="battle-history">Owns sent out <strong>Krookodile</strong>!<br></div><div class="battle-history"><small>[The opposing Krookodile's Intimidate]</small><br></div><div class="battle-history"><small>Kimyan's Attack fell!</small><br></div><div class="spacer battle-history"><br></div><div class="battle-history">Kimyan, come back!<br></div><div class="battle-history">Go! <strong>Dragalge</strong>!<br></div><div class="spacer battle-history"><br></div><h2 class="battle-history">Turn 40</h2><div class="spacer battle-history"><br></div><div class="battle-history"><small>(Dragalge is being withdrawn...)</small><br></div><div class="spacer battle-history"><br></div><div class="battle-history">The opposing Krookodile used <strong>Pursuit</strong>!<br></div><div class="battle-history"><small>(Dragalge lost <abbr title="−169/334">50.6%</abbr> of its health!)</small><br></div><div class="spacer battle-history"><br></div><div class="battle-history">Dragalge, come back!<br></div><div class="battle-history">Go! Kimyan (<strong>Alomomola</strong>)!<br></div><div class="spacer battle-history"><br></div><h2 class="battle-history">Turn 41</h2><div class="spacer battle-history"><br></div><div class="battle-history">Owns withdrew Krookodile!<br></div><div class="battle-history">Owns sent out Rotom (<strong>Rotom-Mow</strong>)!<br></div><div class="spacer battle-history"><br></div><div class="battle-history">Kimyan, come back!<br></div><div class="battle-history">Go! <strong>Dragalge</strong>!<br></div><div class="spacer battle-history"><br></div><h2 class="battle-history">Turn 42</h2><div class="spacer battle-history"><br></div><div class="battle-history">The opposing Rotom used <strong>Volt Switch</strong>!<br></div><div class="battle-history"><small>It's not very effective...</small><br></div><div class="battle-history"><small>(Dragalge lost <abbr title="−43/334">12.9%</abbr> of its health!)</small><br></div><div class="spacer battle-history"><br></div><div class="battle-history">The opposing Rotom went back to Owns!<br></div><div class="battle-history">Owns sent out <strong>Krookodile</strong>!<br></div><div class="battle-history"><small>[The opposing Krookodile's Intimidate]</small><br></div><div class="battle-history"><small>Dragalge's Attack fell!</small><br></div><div class="spacer battle-history"><br></div><div class="battle-history">Dragalge used <strong>Rest</strong>!<br></div><div class="battle-history"><small>Dragalge fell asleep!</small><br></div><div class="battle-history"><small>Dragalge slept and became healthy!</small><br></div><div class="spacer battle-history"><br></div><h2 class="battle-history">Turn 43</h2><div class="spacer battle-history"><br></div><div class="battle-history"><small>(Dragalge is being withdrawn...)</small><br></div><div class="spacer battle-history"><br></div><div class="battle-history">The opposing Krookodile used <strong>Pursuit</strong>!<br></div><div class="battle-history"><small>(Dragalge lost <abbr title="−160/334">47.9%</abbr> of its health!)</small><br></div><div class="spacer battle-history"><br></div><div class="battle-history">Dragalge, come back!<br></div><div class="battle-history">Go! Kimyan (<strong>Alomomola</strong>)!<br></div><div class="spacer battle-history"><br></div><h2 class="battle-history">Turn 44</h2><div class="chat chatmessage-cutae"><strong style="color:hsl(311,52%,49.586817481671645%)"><small>☆</small><span class="username" data-name="cutae">cutae</span>:</strong> <em>xD</em></div><div class="spacer battle-history"><br></div><div class="battle-history">Owns withdrew Krookodile!<br></div><div class="battle-history">Owns sent out Rotom (<strong>Rotom-Mow</strong>)!<br></div><div class="spacer battle-history"><br></div><div class="battle-history">Kimyan used <strong>Scald</strong>!<br></div><div class="battle-history"><small>It's not very effective...</small><br></div><div class="battle-history"><small>(The opposing Rotom lost <abbr title="−21/241">8.7%</abbr> of its health!)</small><br></div><div class="spacer battle-history"><br></div><div class="battle-history"><small>The opposing Rotom restored a little HP using its Leftovers!</small><br></div><div class="spacer battle-history"><br></div><h2 class="battle-history">Turn 45</h2><div class="spacer battle-history"><br></div><div class="battle-history">Kimyan used <strong>Protect</strong>!<br></div><div class="battle-history"><small>Kimyan protected itself!</small><br></div><div class="spacer battle-history"><br></div><div class="battle-history">The opposing Rotom used <strong>Volt Switch</strong>!<br></div><div class="battle-history"><small>Kimyan protected itself!</small><br></div><div class="spacer battle-history"><br></div><div class="battle-history"><small>The opposing Rotom restored a little HP using its Leftovers!</small><br></div><div class="spacer battle-history"><br></div><h2 class="battle-history">Turn 46</h2><div class="spacer battle-history"><br></div><div class="battle-history">The opposing Rotom used <strong>Thunderbolt</strong>!<br></div><div class="battle-history"><small>It's super effective!</small><br></div><div class="battle-history"><small>(Kimyan lost <abbr title="−488/529">92.2%</abbr> of its health!)</small><br></div><div class="spacer battle-history"><br></div><div class="battle-history">Kimyan used <strong>Wish</strong>!<br></div><div class="spacer battle-history"><br></div><h2 class="battle-history">Turn 47</h2><div class="chat chatmessage-cutae"><strong style="color:hsl(311,52%,49.586817481671645%)"><small>☆</small><span class="username" data-name="cutae">cutae</span>:</strong> <em>wp</em></div><div class="chat chatmessage-owns"><strong style="color:hsl(299,76%,41.69665182262525%)"><small>☆</small><span class="username" data-name="Owns">Owns</span>:</strong> <em>would have been better if</em></div><div class="chat chatmessage-giltia"><strong style="color:hsl(105,42%,34%)"><small> </small><span class="username" data-name="Giltia">Giltia</span>:</strong> <em>o</em></div><div class="chat chatmessage-owns"><strong style="color:hsl(299,76%,41.69665182262525%)"><small>☆</small><span class="username" data-name="Owns">Owns</span>:</strong> <em>id clicked leaf storm</em></div><div class="spacer battle-history"><br></div><div class="battle-history">Kimyan, come back!<br></div><div class="battle-history">Go! <strong>Dragalge</strong>!<br></div><div class="spacer battle-history"><br></div><div class="battle-history">The opposing Rotom used <strong>Volt Switch</strong>!<br></div><div class="battle-history"><small>It's not very effective...</small><br></div><div class="battle-history"><small>(Dragalge lost <abbr title="−46/334">13.8%</abbr> of its health!)</small><br></div><div class="chat chatmessage-cutae"><strong style="color:hsl(311,52%,49.586817481671645%)"><small>☆</small><span class="username" data-name="cutae">cutae</span>:</strong> <em>yeah maybe</em></div><div class="spacer battle-history"><br></div><div class="battle-history">The opposing Rotom went back to Owns!<br></div><div class="battle-history">Owns sent out <strong>Krookodile</strong>!<br></div><div class="battle-history"><small>[The opposing Krookodile's Intimidate]</small><br></div><div class="battle-history"><small>Dragalge's Attack fell!</small><br></div><div class="spacer battle-history"><br></div><div class="battle-history"><small>Kimyan's wish came true!</small><br></div><div class="spacer battle-history"><br></div><h2 class="battle-history">Turn 48</h2><div class="spacer battle-history"><br></div><div class="battle-history">Dragalge, come back!<br></div><div class="battle-history">Go! Articono (<strong>Articuno</strong>)!<br></div><div class="battle-history"><small>[Articono's Pressure]</small><br><small>Articono is exerting its pressure!</small><br></div><div class="spacer battle-history"><br></div><div class="battle-history">The opposing Krookodile used <strong>Knock Off</strong>!<br></div><div class="battle-history"><small>A critical hit!</small><br></div><div class="battle-history"><small>(Articono lost <abbr title="−352/383">91.9%</abbr> of its health!)</small><br></div><div class="battle-history"><small>The opposing Krookodile knocked off Articono's Leftovers!</small><br></div><div class="spacer battle-history"><br></div><h2 class="battle-history">Turn 49</h2><div class="chat chatmessage-cutae"><strong style="color:hsl(311,52%,49.586817481671645%)"><small>☆</small><span class="username" data-name="cutae">cutae</span>:</strong> <em>ok</em></div><div class="chat chatmessage-giltia"><strong style="color:hsl(105,42%,34%)"><small> </small><span class="username" data-name="Giltia">Giltia</span>:</strong> <em>ouch</em></div><div class="chat chatmessage-owns"><strong style="color:hsl(299,76%,41.69665182262525%)"><small>☆</small><span class="username" data-name="Owns">Owns</span>:</strong> <em>er</em></div><div class="chat chatmessage-owns"><strong style="color:hsl(299,76%,41.69665182262525%)"><small>☆</small><span class="username" data-name="Owns">Owns</span>:</strong> <em>i don't think that 2 hit KO'd</em></div><div class="chat chatmessage-owns"><strong style="color:hsl(299,76%,41.69665182262525%)"><small>☆</small><span class="username" data-name="Owns">Owns</span>:</strong> <em>:c</em></div><div class="spacer battle-history"><br></div><div class="battle-history">Articono, come back!<br></div><div class="battle-history">Go! <strong>Forretress</strong>!<br></div><div class="spacer battle-history"><br></div><div class="battle-history">The opposing Krookodile used <strong>Knock Off</strong>!<br></div><div class="battle-history"><small>(Forretress lost <abbr title="−46/353">13.0%</abbr> of its health!)</small><br></div><div class="battle-history"><small>The opposing Krookodile knocked off Forretress's Leftovers!</small><br></div><div class="spacer battle-history"><br></div><div class="battle-history">Forretress fainted!<br></div><div class="chat chatmessage-cutae"><strong style="color:hsl(311,52%,49.586817481671645%)"><small>☆</small><span class="username" data-name="cutae">cutae</span>:</strong> <em>eh</em></div><div class="spacer battle-history"><br></div><div class="battle-history">Go! <strong>Quagsire</strong>!<br></div><div class="spacer battle-history"><br></div><h2 class="battle-history">Turn 50</h2><div class="chat chatmessage-giltia"><strong style="color:hsl(105,42%,34%)"><small> </small><span class="username" data-name="Giltia">Giltia</span>:</strong> <em>moxie where??</em></div><div class="spacer battle-history"><br></div><div class="battle-history">Owns withdrew Krookodile!<br></div><div class="battle-history">Owns sent out Rotom (<strong>Rotom-Mow</strong>)!<br></div><div class="spacer battle-history"><br></div><div class="battle-history">Quagsire used <strong>Toxic</strong>!<br></div><div class="battle-history"><small>The opposing Rotom was badly poisoned!</small><br></div><div class="spacer battle-history"><br></div><div class="battle-history"><small>The opposing Rotom was hurt by poison!</small><br></div><div class="spacer battle-history"><br></div><h2 class="battle-history">Turn 51</h2><div class="chat chatmessage-giltia"><strong style="color:hsl(105,42%,34%)"><small> </small><span class="username" data-name="Giltia">Giltia</span>:</strong> <em>hp grass where?</em></div><div class="chat chatmessage-owns"><strong style="color:hsl(299,76%,41.69665182262525%)"><small>☆</small><span class="username" data-name="Owns">Owns</span>:</strong> <em>its banded</em></div><div class="chat chatmessage-owns"><strong style="color:hsl(299,76%,41.69665182262525%)"><small>☆</small><span class="username" data-name="Owns">Owns</span>:</strong> <em>Lul</em></div><div class="chat chatmessage-cutae"><strong style="color:hsl(311,52%,49.586817481671645%)"><small>☆</small><span class="username" data-name="cutae">cutae</span>:</strong> <em>^</em></div><div class="chat chatmessage-giltia"><strong style="color:hsl(105,42%,34%)"><small> </small><span class="username" data-name="Giltia">Giltia</span>:</strong> <em>wut????!!</em></div><div class="spacer battle-history"><br></div><div class="battle-history">The opposing Rotom used <strong>Volt Switch</strong>!<br></div><div class="battle-history"><small>It doesn't affect Quagsire...</small><br></div><div class="spacer battle-history"><br></div><div class="battle-history">Quagsire used <strong>Recover</strong>!<br></div><div class="battle-history"><small>But it failed!</small><br></div><div class="spacer battle-history"><br></div><div class="battle-history"><small>The opposing Rotom restored a little HP using its Leftovers!</small><br></div><div class="battle-history"><small>The opposing Rotom was hurt by poison!</small><br></div><div class="spacer battle-history"><br></div><h2 class="battle-history">Turn 52</h2><div class="chat chatmessage-giltia"><strong style="color:hsl(105,42%,34%)"><small> </small><span class="username" data-name="Giltia">Giltia</span>:</strong> <em>nani!!</em></div><div class="spacer battle-history"><br></div><div class="battle-history">Quagsire, come back!<br></div><div class="battle-history">Go! <strong>Dragalge</strong>!<br></div><div class="spacer battle-history"><br></div><div class="battle-history">The opposing Rotom used <strong>Volt Switch</strong>!<br></div><div class="battle-history"><small>It's not very effective...</small><br></div><div class="battle-history"><small>(Dragalge lost <abbr title="−49/334">14.7%</abbr> of its health!)</small><br></div><div class="chat chatmessage-cutae"><strong style="color:hsl(311,52%,49.586817481671645%)"><small>☆</small><span class="username" data-name="cutae">cutae</span>:</strong> <em>pls</em></div><div class="spacer battle-history"><br></div><div class="battle-history">The opposing Rotom went back to Owns!<br></div><div class="battle-history">Owns sent out <strong>Krookodile</strong>!<br></div><div class="battle-history"><small>[The opposing Krookodile's Intimidate]</small><br></div><div class="battle-history"><small>Dragalge's Attack fell!</small><br></div><div class="spacer battle-history"><br></div><h2 class="battle-history">Turn 53</h2><div class="spacer battle-history"><br></div><div class="battle-history">Dragalge, come back!<br></div><div class="battle-history">Go! Articono (<strong>Articuno</strong>)!<br></div><div class="battle-history"><small>[Articono's Pressure]</small><br><small>Articono is exerting its pressure!</small><br></div><div class="spacer battle-history"><br></div><div class="battle-history">The opposing Krookodile used <strong>Earthquake</strong>!<br></div><div class="battle-history"><small>It doesn't affect Articono...</small><br></div><div class="spacer battle-history"><br></div><h2 class="battle-history">Turn 54</h2><div class="spacer battle-history"><br></div><div class="battle-history">Owns withdrew Krookodile!<br></div><div class="battle-history">Owns sent out <strong>Empoleon</strong>!<br></div><div class="spacer battle-history"><br></div><div class="battle-history">Articono used <strong>Roost</strong>!<br></div><div class="battle-history"><small>Articono restored its HP.</small><br></div><div class="spacer battle-history"><br></div><h2 class="battle-history">Turn 55</h2><div class="chat chatmessage-cutae"><strong style="color:hsl(311,52%,49.586817481671645%)"><small>☆</small><span class="username" data-name="cutae">cutae</span>:</strong> <em>eyy</em></div><div class="chat chatmessage-giltia"><strong style="color:hsl(105,42%,34%)"><small> </small><span class="username" data-name="Giltia">Giltia</span>:</strong> <em>nb</em></div><div class="spacer battle-history"><br></div><div class="battle-history">Articono used <strong>Roost</strong>!<br></div><div class="battle-history"><small>Articono restored its HP.</small><br></div><div class="spacer battle-history"><br></div><div class="battle-history">The opposing Empoleon used <strong>Ice Beam</strong>!<br></div><div class="battle-history"><small>It's not very effective...</small><br></div><div class="battle-history"><small>(Articono lost <abbr title="−24/383">6.3%</abbr> of its health!)</small><br></div><div class="spacer battle-history"><br></div><h2 class="battle-history">Turn 56</h2><div class="spacer battle-history"><br></div><div class="battle-history">Articono used <strong>Freeze-Dry</strong>!<br></div><div class="battle-history"><small>(The opposing Empoleon lost <abbr title="−64/371">17.3%</abbr> of its health!)</small><br></div><div class="spacer battle-history"><br></div><div class="battle-history">The opposing Empoleon used <strong>Scald</strong>!<br></div><div class="battle-history"><small>(Articono lost <abbr title="−72/383">18.8%</abbr> of its health!)</small><br></div><div class="battle-history"><small>Articono was burned!</small><br></div><div class="spacer battle-history"><br></div><div class="battle-history"><small>The opposing Empoleon restored a little HP using its Leftovers!</small><br></div><div class="battle-history"><small>Articono was hurt by its burn!</small><br></div><div class="spacer battle-history"><br></div><h2 class="battle-history">Turn 57</h2><div class="chat chatmessage-giltia"><strong style="color:hsl(105,42%,34%)"><small> </small><span class="username" data-name="Giltia">Giltia</span>:</strong> <em>0</em></div><div class="chat chatmessage-cutae"><strong style="color:hsl(311,52%,49.586817481671645%)"><small>☆</small><span class="username" data-name="cutae">cutae</span>:</strong> <em>sad</em></div><div class="chat chatmessage-owns"><strong style="color:hsl(299,76%,41.69665182262525%)"><small>☆</small><span class="username" data-name="Owns">Owns</span>:</strong> <em>o</em></div><div class="chat chatmessage-giltia"><strong style="color:hsl(105,42%,34%)"><small> </small><span class="username" data-name="Giltia">Giltia</span>:</strong> <em>:T</em></div><div class="chat chatmessage-owns"><strong style="color:hsl(299,76%,41.69665182262525%)"><small>☆</small><span class="username" data-name="Owns">Owns</span>:</strong> <em>i forot</em></div><div class="chat chatmessage-owns"><strong style="color:hsl(299,76%,41.69665182262525%)"><small>☆</small><span class="username" data-name="Owns">Owns</span>:</strong> <em>burn was 12%</em></div><div class="chat chatmessage-cutae"><strong style="color:hsl(311,52%,49.586817481671645%)"><small>☆</small><span class="username" data-name="cutae">cutae</span>:</strong> <em>lol</em></div><div class="chat chatmessage-giltia"><strong style="color:hsl(105,42%,34%)"><small> </small><span class="username" data-name="Giltia">Giltia</span>:</strong> <em>99%</em></div><div class="chat chatmessage-giltia"><strong style="color:hsl(105,42%,34%)"><small> </small><span class="username" data-name="Giltia">Giltia</span>:</strong> <em>o</em></div><div class="spacer battle-history"><br></div><div class="battle-history">Articono used <strong>Roost</strong>!<br></div><div class="battle-history"><small>Articono restored its HP.</small><br></div><div class="spacer battle-history"><br></div><div class="battle-history">The opposing Empoleon used <strong>Roar</strong>!<br></div><div class="spacer battle-history"><br></div><div class="battle-history"><strong>Dragalge</strong> was dragged out!<br></div><div class="spacer battle-history"><br></div><div class="battle-history"><small>The opposing Empoleon restored a little HP using its Leftovers!</small><br></div><div class="spacer battle-history"><br></div><h2 class="battle-history">Turn 58</h2><div class="chat chatmessage-giltia"><strong style="color:hsl(105,42%,34%)"><small> </small><span class="username" data-name="Giltia">Giltia</span>:</strong> <em>nm</em></div><div class="spacer battle-history"><br></div><div class="battle-history">Owns withdrew Empoleon!<br></div><div class="battle-history">Owns sent out <strong>Krookodile</strong>!<br></div><div class="battle-history"><small>[The opposing Krookodile's Intimidate]</small><br></div><div class="battle-history"><small>Dragalge's Attack fell!</small><br></div><div class="spacer battle-history"><br></div><div class="battle-history">Dragalge, come back!<br></div><div class="battle-history">Go! Kimyan (<strong>Alomomola</strong>)!<br></div><div class="spacer battle-history"><br></div><h2 class="battle-history">Turn 59</h2><div class="spacer battle-history"><br></div><div class="battle-history">Kimyan used <strong>Protect</strong>!<br></div><div class="battle-history"><small>Kimyan protected itself!</small><br></div><div class="spacer battle-history"><br></div><div class="battle-history">The opposing Krookodile used <strong>Knock Off</strong>!<br></div><div class="battle-history"><small>Kimyan protected itself!</small><br></div><div class="spacer battle-history"><br></div><h2 class="battle-history">Turn 60</h2><div class="spacer battle-history"><br></div><div class="battle-history">The opposing Krookodile used <strong>Knock Off</strong>!<br></div><div class="battle-history"><small>(Kimyan lost <abbr title="−186/529">35.2%</abbr> of its health!)</small><br></div><div class="battle-history"><small>The opposing Krookodile was hurt by the Rocky Helmet!</small><br></div><div class="battle-history"><small>The opposing Krookodile knocked off Kimyan's Rocky Helmet!</small><br></div><div class="spacer battle-history"><br></div><div class="battle-history">Kimyan used <strong>Wish</strong>!<br></div><div class="spacer battle-history"><br></div><h2 class="battle-history">Turn 61</h2><div class="spacer battle-history"><br></div><div class="battle-history">Owns withdrew Krookodile!<br></div><div class="battle-history">Owns sent out Rotom (<strong>Rotom-Mow</strong>)!<br></div><div class="spacer battle-history"><br></div><div class="battle-history">Kimyan used <strong>Protect</strong>!<br></div><div class="battle-history"><small>But it failed!</small><br></div><div class="spacer battle-history"><br></div><div class="battle-history"><small>Kimyan's wish came true!</small><br></div><div class="battle-history"><small>The opposing Rotom restored a little HP using its Leftovers!</small><br></div><div class="battle-history"><small>The opposing Rotom was hurt by poison!</small><br></div><div class="spacer battle-history"><br></div><h2 class="battle-history">Turn 62</h2><div class="chat chatmessage-giltia"><strong style="color:hsl(105,42%,34%)"><small> </small><span class="username" data-name="Giltia">Giltia</span>:</strong> <em>ah</em></div><div class="spacer battle-history"><br></div><div class="battle-history">Kimyan used <strong>Protect</strong>!<br></div><div class="battle-history"><small>Kimyan protected itself!</small><br></div><div class="spacer battle-history"><br></div><div class="battle-history">The opposing Rotom used <strong>Volt Switch</strong>!<br></div><div class="battle-history"><small>Kimyan protected itself!</small><br></div><div class="spacer battle-history"><br></div><div class="battle-history"><small>The opposing Rotom restored a little HP using its Leftovers!</small><br></div><div class="battle-history"><small>The opposing Rotom was hurt by poison!</small><br></div><div class="spacer battle-history"><br></div><h2 class="battle-history">Turn 63</h2><div class="chat chatmessage-giltia"><strong style="color:hsl(105,42%,34%)"><small> </small><span class="username" data-name="Giltia">Giltia</span>:</strong> <em>I wouldntve protected</em></div><div class="chat chatmessage-giltia"><strong style="color:hsl(105,42%,34%)"><small> </small><span class="username" data-name="Giltia">Giltia</span>:</strong> <em>If I was u</em></div><div class="spacer battle-history"><br></div><div class="battle-history">Kimyan, come back!<br></div><div class="battle-history">Go! <strong>Dragalge</strong>!<br></div><div class="spacer battle-history"><br></div><div class="battle-history">The opposing Rotom used <strong>Leaf Storm</strong>!<br></div><div class="battle-history"><small>It's not very effective...</small><br></div><div class="battle-history"><small>A critical hit!</small><br></div><div class="battle-history"><small>(Dragalge lost <abbr title="−58/334">17.4%</abbr> of its health!)</small><br></div><div class="battle-history"><small>The opposing Rotom's Special Attack fell harshly!</small><br></div><div class="spacer battle-history"><br></div><div class="battle-history"><small>The opposing Rotom restored a little HP using its Leftovers!</small><br></div><div class="battle-history"><small>The opposing Rotom was hurt by poison!</small><br></div><div class="spacer battle-history"><br></div><h2 class="battle-history">Turn 64</h2><div class="chat chatmessage-giltia"><strong style="color:hsl(105,42%,34%)"><small> </small><span class="username" data-name="Giltia">Giltia</span>:</strong> <em>when kroo switched out</em></div><div class="chat chatmessage-cutae"><strong style="color:hsl(311,52%,49.586817481671645%)"><small>☆</small><span class="username" data-name="cutae">cutae</span>:</strong> <em>I was thinking about it</em></div><div class="chat chatmessage-giltia"><strong style="color:hsl(105,42%,34%)"><small> </small><span class="username" data-name="Giltia">Giltia</span>:</strong> <em>I guess I have a reckless playstyle</em></div><div class="chat chatmessage-cutae"><strong style="color:hsl(311,52%,49.586817481671645%)"><small>☆</small><span class="username" data-name="cutae">cutae</span>:</strong> <em>but cam is real so</em></div><div class="chat chatmessage-giltia"><strong style="color:hsl(105,42%,34%)"><small> </small><span class="username" data-name="Giltia">Giltia</span>:</strong> <em>lol</em></div><div class="chat chatmessage-owns"><strong style="color:hsl(299,76%,41.69665182262525%)"><small>☆</small><span class="username" data-name="Owns">Owns</span>:</strong> <em>this is just a mind game</em></div><div class="spacer battle-history"><br></div><div class="battle-history">The opposing Rotom used <strong>Volt Switch</strong>!<br></div><div class="battle-history"><small>It's not very effective...</small><br></div><div class="battle-history"><small>(Dragalge lost <abbr title="−21/334">6.3%</abbr> of its health!)</small><br></div><div class="spacer battle-history"><br></div><div class="battle-history">The opposing Rotom went back to Owns!<br></div><div class="battle-history">Owns sent out Beedrill (<strong>Beedrill-Mega</strong>)!<br></div><div class="spacer battle-history"><br></div><div class="battle-history">Dragalge is fast asleep.<br></div><div class="spacer battle-history"><br></div><div class="battle-history">Dragalge used <strong>Sleep Talk</strong>!<br></div><div class="spacer battle-history"><br></div><div class="battle-history">Dragalge used <strong>Dragon Tail</strong>!<br></div><div class="battle-history"><small>A critical hit!</small><br></div><div class="battle-history"><small>(The opposing Beedrill lost <abbr title="−171/271">63.1%</abbr> of its health!)</small><br></div><div class="spacer battle-history"><br></div><div class="battle-history"><strong>Mienshao</strong> was dragged out!<br></div><div class="spacer battle-history"><br></div><h2 class="battle-history">Turn 65</h2><div class="spacer battle-history"><br></div><div class="battle-history">Dragalge, come back!<br></div><div class="battle-history">Go! Kimyan (<strong>Alomomola</strong>)!<br></div><div class="spacer battle-history"><br></div><div class="battle-history">The opposing Mienshao used <strong>U-turn</strong>!<br></div><div class="battle-history"><small>(Kimyan lost <abbr title="−63/529">11.9%</abbr> of its health!)</small><br></div><div class="spacer battle-history"><br></div><div class="battle-history">The opposing Mienshao went back to Owns!<br></div><div class="battle-history">Owns sent out Rotom (<strong>Rotom-Mow</strong>)!<br></div><div class="spacer battle-history"><br></div><div class="battle-history"><small>The opposing Rotom restored a little HP using its Leftovers!</small><br></div><div class="battle-history"><small>The opposing Rotom was hurt by poison!</small><br></div><div class="spacer battle-history"><br></div><h2 class="battle-history">Turn 66</h2><div class="chat chatmessage-giltia"><strong style="color:hsl(105,42%,34%)"><small> </small><span class="username" data-name="Giltia">Giltia</span>:</strong> <em>mein sleeves</em></div><div class="spacer battle-history"><br></div><div class="battle-history">Kimyan used <strong>Protect</strong>!<br></div><div class="battle-history"><small>Kimyan protected itself!</small><br></div><div class="spacer battle-history"><br></div><div class="battle-history">The opposing Rotom used <strong>Thunderbolt</strong>!<br></div><div class="battle-history"><small>Kimyan protected itself!</small><br></div><div class="spacer battle-history"><br></div><div class="battle-history"><small>The opposing Rotom restored a little HP using its Leftovers!</small><br></div><div class="battle-history"><small>The opposing Rotom was hurt by poison!</small><br></div><div class="spacer battle-history"><br></div><h2 class="battle-history">Turn 67</h2><div class="spacer battle-history"><br></div><div class="battle-history">Kimyan, come back!<br></div><div class="battle-history">Go! <strong>Quagsire</strong>!<br></div><div class="spacer battle-history"><br></div><div class="battle-history">The opposing Rotom used <strong>Volt Switch</strong>!<br></div><div class="battle-history"><small>It doesn't affect Quagsire...</small><br></div><div class="spacer battle-history"><br></div><div class="battle-history"><small>The opposing Rotom restored a little HP using its Leftovers!</small><br></div><div class="battle-history"><small>The opposing Rotom was hurt by poison!</small><br></div><div class="spacer battle-history"><br></div><h2 class="battle-history">Turn 68</h2><div class="chat chatmessage-giltia"><strong style="color:hsl(105,42%,34%)"><small> </small><span class="username" data-name="Giltia">Giltia</span>:</strong> <em>o</em></div><div class="spacer battle-history"><br></div><div class="battle-history">Quagsire, come back!<br></div><div class="battle-history">Go! <strong>Dragalge</strong>!<br></div><div class="spacer battle-history"><br></div><div class="battle-history">The opposing Rotom used <strong>Leaf Storm</strong>!<br></div><div class="battle-history"><small>It's not very effective...</small><br></div><div class="battle-history"><small>(Dragalge lost <abbr title="−43/334">12.9%</abbr> of its health!)</small><br></div><div class="battle-history"><small>The opposing Rotom's Special Attack fell harshly!</small><br></div><div class="spacer battle-history"><br></div><div class="battle-history"><small>The opposing Rotom restored a little HP using its Leftovers!</small><br></div><div class="battle-history"><small>The opposing Rotom was hurt by poison!</small><br></div><div class="spacer battle-history"><br></div><h2 class="battle-history">Turn 69</h2><div class="chat chatmessage-giltia"><strong style="color:hsl(105,42%,34%)"><small> </small><span class="username" data-name="Giltia">Giltia</span>:</strong> <em>ml</em></div><div class="chat chatmessage-owns"><strong style="color:hsl(299,76%,41.69665182262525%)"><small>☆</small><span class="username" data-name="Owns">Owns</span>:</strong> <em>stop being real</em></div><div class="spacer battle-history"><br></div><div class="battle-history">Owns withdrew Rotom!<br></div><div class="battle-history">Owns sent out <strong>Empoleon</strong>!<br></div><div class="spacer battle-history"><br></div><div class="battle-history">Dragalge, come back!<br></div><div class="battle-history">Go! <strong>Quagsire</strong>!<br></div><div class="spacer battle-history"><br></div><div class="battle-history"><small>The opposing Empoleon restored a little HP using its Leftovers!</small><br></div><div class="spacer battle-history"><br></div><h2 class="battle-history">Turn 70</h2><div class="chat chatmessage-cutae"><strong style="color:hsl(311,52%,49.586817481671645%)"><small>☆</small><span class="username" data-name="cutae">cutae</span>:</strong> <em>lmao</em></div><div class="spacer battle-history"><br></div><div class="battle-history">Quagsire, come back!<br></div><div class="battle-history">Go! <strong>Blissey</strong>!<br></div><div class="spacer battle-history"><br></div><div class="battle-history">The opposing Empoleon used <strong>Scald</strong>!<br></div><div class="battle-history"><small>(Blissey lost <abbr title="−67/708">9.5%</abbr> of its health!)</small><br></div><div class="spacer battle-history"><br></div><div class="battle-history"><small>Blissey restored a little HP using its Leftovers!</small><br></div><div class="spacer battle-history"><br></div><h2 class="battle-history">Turn 71</h2><div class="spacer battle-history"><br></div><div class="battle-history">Owns withdrew Empoleon!<br></div><div class="battle-history">Owns sent out <strong>Mienshao</strong>!<br></div><div class="spacer battle-history"><br></div><div class="battle-history">Blissey, come back!<br></div><div class="battle-history">Go! Kimyan (<strong>Alomomola</strong>)!<br></div><div class="spacer battle-history"><br></div><h2 class="battle-history">Turn 72</h2><div class="spacer battle-history"><br></div><div class="battle-history">Owns withdrew Mienshao!<br></div><div class="battle-history">Owns sent out Rotom (<strong>Rotom-Mow</strong>)!<br></div><div class="spacer battle-history"><br></div><div class="battle-history">Kimyan used <strong>Scald</strong>!<br></div><div class="battle-history"><small>It's not very effective...</small><br></div><div class="battle-history"><small>(The opposing Rotom lost <abbr title="−21/241">8.7%</abbr> of its health!)</small><br></div><div class="spacer battle-history"><br></div><div class="battle-history"><small>The opposing Rotom restored a little HP using its Leftovers!</small><br></div><div class="battle-history"><small>The opposing Rotom was hurt by poison!</small><br></div><div class="spacer battle-history"><br></div><h2 class="battle-history">Turn 73</h2><div class="spacer battle-history"><br></div><div class="battle-history">Kimyan used <strong>Protect</strong>!<br></div><div class="battle-history"><small>Kimyan protected itself!</small><br></div><div class="spacer battle-history"><br></div><div class="battle-history">The opposing Rotom used <strong>Thunderbolt</strong>!<br></div><div class="battle-history"><small>Kimyan protected itself!</small><br></div><div class="spacer battle-history"><br></div><div class="battle-history"><small>The opposing Rotom restored a little HP using its Leftovers!</small><br></div><div class="battle-history"><small>The opposing Rotom was hurt by poison!</small><br></div><div class="spacer battle-history"><br></div><h2 class="battle-history">Turn 74</h2><div class="spacer battle-history"><br></div><div class="battle-history">Kimyan, come back!<br></div><div class="battle-history">Go! <strong>Dragalge</strong>!<br></div><div class="spacer battle-history"><br></div><div class="battle-history">The opposing Rotom used <strong>Volt Switch</strong>!<br></div><div class="battle-history"><small>It's not very effective...</small><br></div><div class="battle-history"><small>(Dragalge lost <abbr title="−48/334">14.4%</abbr> of its health!)</small><br></div><div class="spacer battle-history"><br></div><div class="battle-history">The opposing Rotom went back to Owns!<br></div><div class="battle-history">Owns sent out <strong>Krookodile</strong>!<br></div><div class="battle-history"><small>[The opposing Krookodile's Intimidate]</small><br></div><div class="battle-history"><small>Dragalge's Attack fell!</small><br></div><div class="spacer battle-history"><br></div><h2 class="battle-history">Turn 75</h2><div class="spacer battle-history"><br></div><div class="battle-history">The opposing Krookodile used <strong>Pursuit</strong>!<br></div><div class="battle-history"><small>(Dragalge lost <abbr title="−79/334">23.7%</abbr> of its health!)</small><br></div><div class="spacer battle-history"><br></div><div class="battle-history">Dragalge is fast asleep.<br></div><div class="spacer battle-history"><br></div><div class="battle-history">Dragalge used <strong>Sleep Talk</strong>!<br></div><div class="spacer battle-history"><br></div><div class="battle-history">Dragalge used <strong>Toxic Spikes</strong>!<br></div><div class="battle-history"><small>Poison spikes were scattered on the ground all around the opposing team!</small><br></div><div class="spacer battle-history"><br></div><h2 class="battle-history">Turn 76</h2><div class="chat chatmessage-cutae"><strong style="color:hsl(311,52%,49.586817481671645%)"><small>☆</small><span class="username" data-name="cutae">cutae</span>:</strong> <em>?</em></div><div class="spacer battle-history"><br></div><div class="battle-history">The opposing Krookodile used <strong>Pursuit</strong>!<br></div><div class="battle-history"><small>(Dragalge lost <abbr title="−36/334">10.8%</abbr> of its health!)</small><br></div><div class="spacer battle-history"><br></div><div class="battle-history">Dragalge fainted!<br></div><div class="chat chatmessage-giltia"><strong style="color:hsl(105,42%,34%)"><small> </small><span class="username" data-name="Giltia">Giltia</span>:</strong> <em>lol sadly</em></div><div class="chat chatmessage-owns"><strong style="color:hsl(299,76%,41.69665182262525%)"><small>☆</small><span class="username" data-name="Owns">Owns</span>:</strong> <em>hm?</em></div><div class="chat chatmessage-giltia"><strong style="color:hsl(105,42%,34%)"><small> </small><span class="username" data-name="Giltia">Giltia</span>:</strong> <em>it dies</em></div><div class="spacer battle-history"><br></div><div class="battle-history">Go! <strong>Blissey</strong>!<br></div><div class="spacer battle-history"><br></div><h2 class="battle-history">Turn 77</h2><div class="chat chatmessage-giltia"><strong style="color:hsl(105,42%,34%)"><small> </small><span class="username" data-name="Giltia">Giltia</span>:</strong> <em>due to low hp</em></div><div class="spacer battle-history"><br></div><div class="battle-history">Owns withdrew Krookodile!<br></div><div class="battle-history">Owns sent out <strong>Empoleon</strong>!<br></div><div class="spacer battle-history"><br></div><div class="battle-history">Blissey used <strong>Seismic Toss</strong>!<br></div><div class="battle-history"><small>(The opposing Empoleon lost <abbr title="−100/371">27.0%</abbr> of its health!)</small><br></div><div class="spacer battle-history"><br></div><div class="battle-history"><small>The opposing Empoleon restored a little HP using its Leftovers!</small><br></div><div class="battle-history"><small>Blissey restored a little HP using its Leftovers!</small><br></div><div class="spacer battle-history"><br></div><h2 class="battle-history">Turn 78</h2><div class="spacer battle-history"><br></div><div class="battle-history">Blissey, come back!<br></div><div class="battle-history">Go! Kimyan (<strong>Alomomola</strong>)!<br></div><div class="spacer battle-history"><br></div><div class="battle-history">The opposing Empoleon used <strong>Defog</strong>!<br></div><div class="battle-history"><small>Kimyan's evasiveness fell!</small><br></div><div class="battle-history"><small>The poison spikes disappeared from the ground around the opposing team!</small><br></div><div class="spacer battle-history"><br></div><div class="battle-history"><small>The opposing Empoleon restored a little HP using its Leftovers!</small><br></div><div class="spacer battle-history"><br></div><h2 class="battle-history">Turn 79</h2><div class="spacer battle-history"><br></div><div class="battle-history">Kimyan used <strong>Scald</strong>!<br></div><div class="battle-history"><small>It's not very effective...</small><br></div><div class="battle-history"><small>(The opposing Empoleon lost <abbr title="−16/371">4.3%</abbr> of its health!)</small><br></div><div class="battle-history"><small>The opposing Empoleon was burned!</small><br></div><div class="spacer battle-history"><br></div><div class="battle-history">The opposing Empoleon used <strong>Scald</strong>!<br></div><div class="battle-history"><small>It's not very effective...</small><br></div><div class="battle-history"><small>(Kimyan lost <abbr title="−90/529">17.0%</abbr> of its health!)</small><br></div><div class="battle-history"><small>Kimyan was burned!</small><br></div><div class="spacer battle-history"><br></div><div class="battle-history"><small>The opposing Empoleon restored a little HP using its Leftovers!</small><br></div><div class="battle-history"><small>Kimyan was hurt by its burn!</small><br></div><div class="battle-history"><small>The opposing Empoleon was hurt by its burn!</small><br></div><div class="spacer battle-history"><br></div><h2 class="battle-history">Turn 80</h2><div class="spacer battle-history"><br></div><div class="battle-history">Owns withdrew Empoleon!<br></div><div class="battle-history">Owns sent out <strong>Mienshao</strong>!<br></div><div class="spacer battle-history"><br></div><div class="battle-history">Kimyan used <strong>Wish</strong>!<br></div><div class="spacer battle-history"><br></div><div class="battle-history"><small>Kimyan was hurt by its burn!</small><br></div><div class="spacer battle-history"><br></div><h2 class="battle-history">Turn 81</h2><div class="spacer battle-history"><br></div><div class="battle-history">The opposing Mienshao used <strong>U-turn</strong>!<br></div><div class="battle-history"><small>(Kimyan lost <abbr title="−62/529">11.7%</abbr> of its health!)</small><br></div><div class="spacer battle-history"><br></div><div class="battle-history">The opposing Mienshao went back to Owns!<br></div><div class="battle-history">Owns sent out <strong>Empoleon</strong>!<br></div><div class="spacer battle-history"><br></div><div class="battle-history">Kimyan used <strong>Scald</strong>!<br></div><div class="battle-history"><small>It's not very effective...</small><br></div><div class="battle-history"><small>(The opposing Empoleon lost <abbr title="−17/371">4.6%</abbr> of its health!)</small><br></div><div class="spacer battle-history"><br></div><div class="battle-history"><small>Kimyan's wish came true!</small><br></div><div class="battle-history"><small>The opposing Empoleon restored a little HP using its Leftovers!</small><br></div><div class="battle-history"><small>The opposing Empoleon was hurt by its burn!</small><br></div><div class="battle-history"><small>Kimyan was hurt by its burn!</small><br></div><div class="spacer battle-history"><br></div><h2 class="battle-history">Turn 82</h2><div class="spacer battle-history"><br></div><div class="battle-history">Owns withdrew Empoleon!<br></div><div class="battle-history">Owns sent out <strong>Mienshao</strong>!<br></div><div class="spacer battle-history"><br></div><div class="battle-history">Kimyan used <strong>Wish</strong>!<br></div><div class="spacer battle-history"><br></div><div class="battle-history"><small>Kimyan was hurt by its burn!</small><br></div><div class="spacer battle-history"><br></div><h2 class="battle-history">Turn 83</h2><div class="spacer battle-history"><br></div><div class="battle-history">The opposing Mienshao used <strong>High Jump Kick</strong>!<br></div><div class="battle-history"><small>(Kimyan lost <abbr title="−241/529">45.6%</abbr> of its health!)</small><br></div><div class="spacer battle-history"><br></div><div class="battle-history">Kimyan used <strong>Scald</strong>!<br></div><div class="battle-history"><small>A critical hit!</small><br></div><div class="battle-history"><small>(The opposing Mienshao lost <abbr title="−109/271">40.2%</abbr> of its health!)</small><br></div><div class="battle-history"><small>The opposing Mienshao was burned!</small><br></div><div class="spacer battle-history"><br></div><div class="battle-history"><small>Kimyan's wish came true!</small><br></div><div class="battle-history"><small>The opposing Mienshao was hurt by its burn!</small><br></div><div class="battle-history"><small>Kimyan was hurt by its burn!</small><br></div><div class="spacer battle-history"><br></div><h2 class="battle-history">Turn 84</h2><div class="chat chatmessage-cutae"><strong style="color:hsl(311,52%,49.586817481671645%)"><small>☆</small><span class="username" data-name="cutae">cutae</span>:</strong> <em>really...</em></div><div class="chat chatmessage-cutae"><strong style="color:hsl(311,52%,49.586817481671645%)"><small>☆</small><span class="username" data-name="cutae">cutae</span>:</strong> <em>ok sorry</em></div><div class="spacer battle-history"><br></div><div class="battle-history">The opposing Mienshao used <strong>High Jump Kick</strong>!<br></div><div class="battle-history"><small>(Kimyan lost <abbr title="−109/529">20.6%</abbr> of its health!)</small><br></div><div class="spacer battle-history"><br></div><div class="battle-history">Kimyan used <strong>Wish</strong>!<br></div><div class="spacer battle-history"><br></div><div class="battle-history"><small>The opposing Mienshao was hurt by its burn!</small><br></div><div class="battle-history"><small>Kimyan was hurt by its burn!</small><br></div><div class="spacer battle-history"><br></div><h2 class="battle-history">Turn 85</h2><div class="chat chatmessage-owns"><strong style="color:hsl(299,76%,41.69665182262525%)"><small>☆</small><span class="username" data-name="Owns">Owns</span>:</strong> <em>its fine lol</em></div><div class="spacer battle-history"><br></div><div class="battle-history">Kimyan used <strong>Protect</strong>!<br></div><div class="battle-history"><small>Kimyan protected itself!</small><br></div><div class="spacer battle-history"><br></div><div class="battle-history">The opposing Mienshao used <strong>High Jump Kick</strong>!<br></div><div class="battle-history"><small>Kimyan protected itself!</small><br></div><div class="battle-history"><small>The opposing Mienshao kept going and crashed!</small><br></div><div class="spacer battle-history"><br></div><div class="battle-history">The opposing Mienshao fainted!<br></div><div class="spacer battle-history"><br></div><div class="battle-history"><small>Kimyan's wish came true!</small><br></div><div class="battle-history"><small>Kimyan was hurt by its burn!</small><br></div><div class="spacer battle-history"><br></div><div class="battle-history">Owns sent out Rotom (<strong>Rotom-Mow</strong>)!<br></div><div class="spacer battle-history"><br></div><h2 class="battle-history">Turn 86</h2><div class="spacer battle-history"><br></div><div class="battle-history">Kimyan, come back!<br></div><div class="battle-history">Go! Articono (<strong>Articuno</strong>)!<br></div><div class="battle-history"><small>[Articono's Pressure]</small><br><small>Articono is exerting its pressure!</small><br></div><div class="spacer battle-history"><br></div><div class="battle-history">The opposing Rotom used <strong>Volt Switch</strong>!<br></div><div class="battle-history"><small>It's super effective!</small><br></div><div class="battle-history"><small>(Articono lost <abbr title="−138/383">36.0%</abbr> of its health!)</small><br></div><div class="spacer battle-history"><br></div><div class="battle-history">The opposing Rotom went back to Owns!<br></div><div class="battle-history">Owns sent out Beedrill (<strong>Beedrill-Mega</strong>)!<br></div><div class="spacer battle-history"><br></div><div class="battle-history"><small>Articono was hurt by its burn!</small><br></div><div class="spacer battle-history"><br></div><h2 class="battle-history">Turn 87</h2><div class="spacer battle-history"><br></div><div class="battle-history">The opposing Beedrill used <strong>Poison Jab</strong>!<br></div><div class="battle-history"><small>(Articono lost <abbr title="−196/383">51.2%</abbr> of its health!)</small><br></div><div class="spacer battle-history"><br></div><div class="battle-history">Articono used <strong>Freeze-Dry</strong>!<br></div><div class="battle-history"><small>(The opposing Beedrill lost <abbr title="−90/271">33.2%</abbr> of its health!)</small><br></div><div class="spacer battle-history"><br></div><div class="battle-history"><small>Articono was hurt by its burn!</small><br></div><div class="spacer battle-history"><br></div><div class="battle-history">Articono fainted!<br></div><div class="spacer battle-history"><br></div><div class="battle-history">Go! Kimyan (<strong>Alomomola</strong>)!<br></div><div class="spacer battle-history"><br></div><h2 class="battle-history">Turn 88</h2><div class="spacer battle-history"><br></div><div class="battle-history">The opposing Beedrill used <strong>U-turn</strong>!<br></div><div class="battle-history"><small>(Kimyan lost <abbr title="−146/529">27.6%</abbr> of its health!)</small><br></div><div class="spacer battle-history"><br></div><div class="battle-history">The opposing Beedrill went back to Owns!<br></div><div class="battle-history">Owns sent out <strong>Empoleon</strong>!<br></div><div class="spacer battle-history"><br></div><div class="battle-history">Kimyan used <strong>Scald</strong>!<br></div><div class="battle-history"><small>It's not very effective...</small><br></div><div class="battle-history"><small>(The opposing Empoleon lost <abbr title="−18/371">4.9%</abbr> of its health!)</small><br></div><div class="spacer battle-history"><br></div><div class="battle-history"><small>The opposing Empoleon restored a little HP using its Leftovers!</small><br></div><div class="battle-history"><small>The opposing Empoleon was hurt by its burn!</small><br></div><div class="battle-history"><small>Kimyan was hurt by its burn!</small><br></div><div class="spacer battle-history"><br></div><h2 class="battle-history">Turn 89</h2><div class="spacer battle-history"><br></div><div class="battle-history">Kimyan used <strong>Wish</strong>!<br></div><div class="spacer battle-history"><br></div><div class="battle-history">The opposing Empoleon used <strong>Roar</strong>!<br></div><div class="spacer battle-history"><br></div><div class="battle-history"><strong>Blissey</strong> was dragged out!<br></div><div class="spacer battle-history"><br></div><div class="battle-history"><small>The opposing Empoleon restored a little HP using its Leftovers!</small><br></div><div class="battle-history"><small>Blissey restored a little HP using its Leftovers!</small><br></div><div class="battle-history"><small>The opposing Empoleon was hurt by its burn!</small><br></div><div class="spacer battle-history"><br></div><h2 class="battle-history">Turn 90</h2><div class="chat chatmessage-giltia"><strong style="color:hsl(105,42%,34%)"><small> </small><span class="username" data-name="Giltia">Giltia</span>:</strong> <em>rip</em></div><div class="chat chatmessage-giltia"><strong style="color:hsl(105,42%,34%)"><small> </small><span class="username" data-name="Giltia">Giltia</span>:</strong> <em>I guess it's decided</em></div><div class="spacer battle-history"><br></div><div class="battle-history">Owns withdrew Empoleon!<br></div><div class="battle-history">Owns sent out <strong>Krookodile</strong>!<br></div><div class="battle-history"><small>[The opposing Krookodile's Intimidate]</small><br></div><div class="battle-history"><small>Blissey's Attack fell!</small><br></div><div class="spacer battle-history"><br></div><div class="battle-history">Blissey used <strong>Heal Bell</strong>!<br></div><div class="battle-history"><small>A bell chimed!</small><br></div><div class="battle-history"><small>Kimyan's burn was healed.</small><br></div><div class="spacer battle-history"><br></div><div class="battle-history"><small>Kimyan's wish came true!</small><br></div><div class="spacer battle-history"><br></div><h2 class="battle-history">Turn 91</h2><div class="chat chatmessage-giltia"><strong style="color:hsl(105,42%,34%)"><small> </small><span class="username" data-name="Giltia">Giltia</span>:</strong> <em>nm</em></div><div class="spacer battle-history"><br></div><div class="battle-history">The opposing Krookodile used <strong>Pursuit</strong>!<br></div><div class="battle-history"><small>(Blissey lost <abbr title="−210/708">29.7%</abbr> of its health!)</small><br></div><div class="spacer battle-history"><br></div><div class="battle-history">Blissey used <strong>Seismic Toss</strong>!<br></div><div class="battle-history"><small>(The opposing Krookodile lost <abbr title="−100/331">30.2%</abbr> of its health!)</small><br></div><div class="spacer battle-history"><br></div><div class="battle-history"><small>Blissey restored a little HP using its Leftovers!</small><br></div><div class="spacer battle-history"><br></div><h2 class="battle-history">Turn 92</h2><div class="chat chatmessage-cutae"><strong style="color:hsl(311,52%,49.586817481671645%)"><small>☆</small><span class="username" data-name="cutae">cutae</span>:</strong> <em>?</em></div><div class="chat chatmessage-giltia"><strong style="color:hsl(105,42%,34%)"><small> </small><span class="username" data-name="Giltia">Giltia</span>:</strong> <em>nmnm</em></div><div class="spacer battle-history"><br></div><div class="battle-history">The opposing Krookodile used <strong>Pursuit</strong>!<br></div><div class="battle-history"><small>(Blissey lost <abbr title="−210/708">29.7%</abbr> of its health!)</small><br></div><div class="spacer battle-history"><br></div><div class="battle-history">Blissey used <strong>Stealth Rock</strong>!<br></div><div class="battle-history"><small>Pointed stones float in the air around the opposing team!</small><br></div><div class="spacer battle-history"><br></div><div class="battle-history"><small>Blissey restored a little HP using its Leftovers!</small><br></div><div class="spacer battle-history"><br></div><h2 class="battle-history">Turn 93</h2><div class="spacer battle-history"><br></div><div class="battle-history">Owns withdrew Krookodile!<br></div><div class="battle-history">Owns sent out Beedrill (<strong>Beedrill-Mega</strong>)!<br></div><div class="battle-history"><small>Pointed stones dug into the opposing Beedrill!</small><br></div><div class="spacer battle-history"><br></div><div class="battle-history">The opposing Beedrill fainted!<br></div><div class="battle-history">Blissey used <strong>Soft-Boiled</strong>!<br></div><div class="battle-history"><small>Blissey restored its HP.</small><br></div><div class="spacer battle-history"><br></div><div class="battle-history">Owns sent out <strong>Krookodile</strong>!<br></div><div class="battle-history"><small>Pointed stones dug into the opposing Krookodile!</small><br></div><div class="battle-history"><small>[The opposing Krookodile's Intimidate]</small><br></div><div class="battle-history"><small>Blissey's Attack fell!</small><br></div><div class="spacer battle-history"><br></div><h2 class="battle-history">Turn 94</h2><div class="chat chatmessage-giltia"><strong style="color:hsl(105,42%,34%)"><small> </small><span class="username" data-name="Giltia">Giltia</span>:</strong> <em>pursuit again</em></div><div class="chat chatmessage-owns"><strong style="color:hsl(299,76%,41.69665182262525%)"><small>☆</small><span class="username" data-name="Owns">Owns</span>:</strong> <em>ea</em></div><div class="chat chatmessage-owns"><strong style="color:hsl(299,76%,41.69665182262525%)"><small>☆</small><span class="username" data-name="Owns">Owns</span>:</strong> <em>yea</em></div><div class="chat chatmessage-giltia"><strong style="color:hsl(105,42%,34%)"><small> </small><span class="username" data-name="Giltia">Giltia</span>:</strong> <em>reveal protect</em></div><div class="chat chatmessage-owns"><strong style="color:hsl(299,76%,41.69665182262525%)"><small>☆</small><span class="username" data-name="Owns">Owns</span>:</strong> <em>zz</em></div><div class="chat chatmessage-cutae"><strong style="color:hsl(311,52%,49.586817481671645%)"><small>☆</small><span class="username" data-name="cutae">cutae</span>:</strong> <em>lol if only</em></div><div class="chat chatmessage-owns"><strong style="color:hsl(299,76%,41.69665182262525%)"><small>☆</small><span class="username" data-name="Owns">Owns</span>:</strong> <em>shes definitely switching</em></div><div class="spacer battle-history"><br></div><div class="battle-history">The opposing Krookodile used <strong>Superpower</strong>!<br></div><div class="battle-history"><small>It's super effective!</small><br></div><div class="battle-history"><small>(Blissey lost <abbr title="−708/708">100%</abbr> of its health!)</small><br></div><div class="battle-history"><small>The opposing Krookodile's Attack fell!</small><br></div><div class="battle-history"><small>The opposing Krookodile's Defense fell!</small><br></div><div class="spacer battle-history"><br></div><div class="battle-history">Blissey fainted!<br></div><div class="chat chatmessage-owns"><strong style="color:hsl(299,76%,41.69665182262525%)"><small>☆</small><span class="username" data-name="Owns">Owns</span>:</strong> <em>lol</em></div><div class="chat chatmessage-cutae"><strong style="color:hsl(311,52%,49.586817481671645%)"><small>☆</small><span class="username" data-name="cutae">cutae</span>:</strong> <em>xD</em></div><div class="chat chatmessage-giltia"><strong style="color:hsl(105,42%,34%)"><small> </small><span class="username" data-name="Giltia">Giltia</span>:</strong> <em>lol</em></div><div class="chat chatmessage-giltia"><strong style="color:hsl(105,42%,34%)"><small> </small><span class="username" data-name="Giltia">Giltia</span>:</strong> <em>ffs</em></div><div class="chat chatmessage-spacebass"><strong style="color:hsl(105,43%,37%)"><small>@</small><span class="username" data-name="SpaceBass">SpaceBass</span>:</strong> <em>bg</em></div><div class="chat chatmessage-cutae"><strong style="color:hsl(311,52%,49.586817481671645%)"><small>☆</small><span class="username" data-name="cutae">cutae</span>:</strong> <em>got me</em></div><div class="spacer battle-history"><br></div><div class="battle-history">Go! Kimyan (<strong>Alomomola</strong>)!<br></div><div class="spacer battle-history"><br></div><h2 class="battle-history">Turn 95</h2><div class="chat chatmessage-owns"><strong style="color:hsl(299,76%,41.69665182262525%)"><small>☆</small><span class="username" data-name="Owns">Owns</span>:</strong> <em>if noone had said anything</em></div><div class="chat chatmessage-owns"><strong style="color:hsl(299,76%,41.69665182262525%)"><small>☆</small><span class="username" data-name="Owns">Owns</span>:</strong> <em>I would have pursuited</em></div><div class="chat chatmessage-cutae"><strong style="color:hsl(311,52%,49.586817481671645%)"><small>☆</small><span class="username" data-name="cutae">cutae</span>:</strong> <em>really</em></div><div class="chat chatmessage-owns"><strong style="color:hsl(299,76%,41.69665182262525%)"><small>☆</small><span class="username" data-name="Owns">Owns</span>:</strong> <em>you still win</em></div><div class="chat chatmessage-cutae"><strong style="color:hsl(311,52%,49.586817481671645%)"><small>☆</small><span class="username" data-name="cutae">cutae</span>:</strong> <em>fun game though</em></div><div class="chat chatmessage-owns"><strong style="color:hsl(299,76%,41.69665182262525%)"><small>☆</small><span class="username" data-name="Owns">Owns</span>:</strong> <em>its okay</em></div><div class="chat chatmessage-cutae"><strong style="color:hsl(311,52%,49.586817481671645%)"><small>☆</small><span class="username" data-name="cutae">cutae</span>:</strong> <em>really nice team</em></div><div class="chat chatmessage-owns"><strong style="color:hsl(299,76%,41.69665182262525%)"><small>☆</small><span class="username" data-name="Owns">Owns</span>:</strong> <em>i was gonna forfeit</em></div><div class="chat chatmessage-cutae"><strong style="color:hsl(311,52%,49.586817481671645%)"><small>☆</small><span class="username" data-name="cutae">cutae</span>:</strong> <em>oh rip</em></div><div class="chat chatmessage-owns"><strong style="color:hsl(299,76%,41.69665182262525%)"><small>☆</small><span class="username" data-name="Owns">Owns</span>:</strong> <em>if I was wining</em></div><div class="chat chatmessage-giltia"><strong style="color:hsl(105,42%,34%)"><small> </small><span class="username" data-name="Giltia">Giltia</span>:</strong> <em>empo is only thing left that can fight after kroo</em></div><div class="spacer battle-history"><br></div><div class="battle-history">The opposing Krookodile used <strong>Superpower</strong>!<br></div><div class="battle-history"><small>(Kimyan lost <abbr title="−104/529">19.7%</abbr> of its health!)</small><br></div><div class="battle-history"><small>The opposing Krookodile's Attack fell!</small><br></div><div class="battle-history"><small>The opposing Krookodile's Defense fell!</small><br></div><div class="spacer battle-history"><br></div><div class="battle-history">Kimyan used <strong>Scald</strong>!<br></div><div class="battle-history"><small>It's super effective!</small><br></div><div class="battle-history"><small>(The opposing Krookodile lost <abbr title="−90/331">27.2%</abbr> of its health!)</small><br></div><div class="spacer battle-history"><br></div><div class="battle-history">The opposing Krookodile fainted!<br></div><div class="chat chatmessage-giltia"><strong style="color:hsl(105,42%,34%)"><small> </small><span class="username" data-name="Giltia">Giltia</span>:</strong> <em>I dont think it can take on quag +alomo</em></div><div class="spacer battle-history"><br></div><div class="battle-history">Owns sent out <strong>Empoleon</strong>!<br></div><div class="battle-history"><small>Pointed stones dug into the opposing Empoleon!</small><br></div><div class="spacer battle-history"><br></div><h2 class="battle-history">Turn 96</h2><div class="spacer battle-history"><br></div><div class="battle-history">The opposing Empoleon used <strong>Scald</strong>!<br></div><div class="battle-history"><small>It's not very effective...</small><br></div><div class="battle-history"><small>(Kimyan lost <abbr title="−86/529">16.3%</abbr> of its health!)</small><br></div><div class="battle-history"><small>Kimyan was burned!</small><br></div><div class="spacer battle-history"><br></div><div class="battle-history">Kimyan used <strong>Scald</strong>!<br></div><div class="battle-history"><small>It's not very effective...</small><br></div><div class="battle-history"><small>(The opposing Empoleon lost <abbr title="−16/371">4.3%</abbr> of its health!)</small><br></div><div class="spacer battle-history"><br></div><div class="battle-history"><small>The opposing Empoleon restored a little HP using its Leftovers!</small><br></div><div class="battle-history"><small>The opposing Empoleon was hurt by its burn!</small><br></div><div class="battle-history"><small>Kimyan was hurt by its burn!</small><br></div><div class="spacer battle-history"><br></div><h2 class="battle-history">Turn 97</h2><div class="spacer battle-history"><br></div><div class="battle-history">Kimyan, come back!<br></div><div class="battle-history">Go! <strong>Quagsire</strong>!<br></div><div class="spacer battle-history"><br></div><div class="battle-history">The opposing Empoleon used <strong>Defog</strong>!<br></div><div class="battle-history"><small>Quagsire's evasiveness fell!</small><br></div><div class="battle-history"><small>The pointed stones disappeared from around the opposing team!</small><br></div><div class="spacer battle-history"><br></div><div class="battle-history"><small>The opposing Empoleon restored a little HP using its Leftovers!</small><br></div><div class="battle-history"><small>The opposing Empoleon was hurt by its burn!</small><br></div><div class="spacer battle-history"><br></div><h2 class="battle-history">Turn 98</h2><div class="chat chatmessage-cutae"><strong style="color:hsl(311,52%,49.586817481671645%)"><small>☆</small><span class="username" data-name="cutae">cutae</span>:</strong> <em>oh god</em></div><div class="chat chatmessage-giltia"><strong style="color:hsl(105,42%,34%)"><small> </small><span class="username" data-name="Giltia">Giltia</span>:</strong> <em>lol</em></div><div class="chat chatmessage-cutae"><strong style="color:hsl(311,52%,49.586817481671645%)"><small>☆</small><span class="username" data-name="cutae">cutae</span>:</strong> <em>oh ok</em></div><div class="chat chatmessage-giltia"><strong style="color:hsl(105,42%,34%)"><small> </small><span class="username" data-name="Giltia">Giltia</span>:</strong> <em>lol</em></div><div class="chat chatmessage-giltia"><strong style="color:hsl(105,42%,34%)"><small> </small><span class="username" data-name="Giltia">Giltia</span>:</strong> <em>lol</em></div><div class="spacer battle-history"><br></div><div class="battle-history">The opposing Empoleon used <strong>Scald</strong>!<br></div><div class="battle-history"><small>(Quagsire lost <abbr title="−229/393">58.3%</abbr> of its health!)</small><br></div><div class="battle-history"><small>Quagsire was burned!</small><br></div><div class="spacer battle-history"><br></div><div class="battle-history">Quagsire used <strong>Earthquake</strong>!<br></div><div class="battle-history"><small>It's super effective!</small><br></div><div class="battle-history"><small>(The opposing Empoleon lost <abbr title="−89/371">24.0%</abbr> of its health!)</small><br></div><div class="spacer battle-history"><br></div><div class="battle-history">The opposing Empoleon fainted!<br></div><div class="spacer battle-history"><br></div><div class="battle-history"><small>Quagsire was hurt by its burn!</small><br></div><div class="spacer battle-history"><br></div><div class="battle-history">Owns sent out Rotom (<strong>Rotom-Mow</strong>)!<br></div><div class="spacer battle-history"><br></div><h2 class="battle-history">Turn 99</h2><div class="chat chatmessage-giltia"><strong style="color:hsl(105,42%,34%)"><small> </small><span class="username" data-name="Giltia">Giltia</span>:</strong> <em>yuh</em></div><div class="chat chatmessage-spacebass"><strong style="color:hsl(105,43%,37%)"><small>@</small><span class="username" data-name="SpaceBass">SpaceBass</span>:</strong> <em>sweep</em></div><div class="chat chatmessage-spacebass"><strong style="color:hsl(105,43%,37%)"><small>@</small><span class="username" data-name="SpaceBass">SpaceBass</span>:</strong> <em>sweep</em></div><div class="chat chatmessage-spacebass"><strong style="color:hsl(105,43%,37%)"><small>@</small><span class="username" data-name="SpaceBass">SpaceBass</span>:</strong> <em>sweep</em></div><div class="chat chatmessage-spacebass"><strong style="color:hsl(105,43%,37%)"><small>@</small><span class="username" data-name="SpaceBass">SpaceBass</span>:</strong> <em>sweep</em></div><div class="chat chatmessage-owns"><strong style="color:hsl(299,76%,41.69665182262525%)"><small>☆</small><span class="username" data-name="Owns">Owns</span>:</strong> <em>barely</em></div><div class="chat chatmessage-cutae"><strong style="color:hsl(311,52%,49.586817481671645%)"><small>☆</small><span class="username" data-name="cutae">cutae</span>:</strong> <em>^</em></div><div class="chat chatmessage-giltia"><strong style="color:hsl(105,42%,34%)"><small> </small><span class="username" data-name="Giltia">Giltia</span>:</strong> <em>nah</em></div><div class="spacer battle-history"><br></div><div class="battle-history">The opposing Rotom used <strong>Leaf Storm</strong>!<br></div><div class="battle-history"><small>It's super effective!</small><br></div><div class="battle-history"><small>Quagsire ate its Rindo Berry!</small><br></div><div class="battle-history"><small>The Rindo Berry weakened the damage to Quagsire!</small><br></div><div class="battle-history"><small>(Quagsire lost <abbr title="−115/393">29.3%</abbr> of its health!)</small><br></div><div class="battle-history"><small>The opposing Rotom's Special Attack fell harshly!</small><br></div><div class="spacer battle-history"><br></div><div class="battle-history">Quagsire fainted!<br></div><div class="spacer battle-history"><br></div><div class="battle-history"><small>The opposing Rotom restored a little HP using its Leftovers!</small><br></div><div class="battle-history"><small>The opposing Rotom was hurt by poison!</small><br></div><div class="chat chatmessage-spacebass"><strong style="color:hsl(105,43%,37%)"><small>@</small><span class="username" data-name="SpaceBass">SpaceBass</span>:</strong> <em>crit</em></div><div class="chat chatmessage-spacebass"><strong style="color:hsl(105,43%,37%)"><small>@</small><span class="username" data-name="SpaceBass">SpaceBass</span>:</strong> <em>crit</em></div><div class="chat chatmessage-spacebass"><strong style="color:hsl(105,43%,37%)"><small>@</small><span class="username" data-name="SpaceBass">SpaceBass</span>:</strong> <em>crit</em></div><div class="spacer battle-history"><br></div><div class="battle-history">Go! Kimyan (<strong>Alomomola</strong>)!<br></div><div class="spacer battle-history"><br></div><h2 class="battle-history">Turn 100</h2><div class="spacer battle-history"><br></div><div class="battle-history">The opposing Rotom used <strong>Leaf Storm</strong>!<br></div><div class="battle-history"><small>It's super effective!</small><br></div><div class="battle-history"><small>(Kimyan lost <abbr title="−330/529">62.4%</abbr> of its health!)</small><br></div><div class="battle-history"><small>The opposing Rotom's Special Attack fell harshly!</small><br></div><div class="spacer battle-history"><br></div><div class="battle-history">Kimyan used <strong>Wish</strong>!<br></div><div class="spacer battle-history"><br></div><div class="battle-history"><small>The opposing Rotom restored a little HP using its Leftovers!</small><br></div><div class="battle-history"><small>The opposing Rotom was hurt by poison!</small><br></div><div class="battle-history"><small>Kimyan was hurt by its burn!</small><br></div><div class="spacer battle-history"><br></div><h2 class="battle-history">Turn 101</h2><div class="chat chatmessage-spacebass"><strong style="color:hsl(105,43%,37%)"><small>@</small><span class="username" data-name="SpaceBass">SpaceBass</span>:</strong> <em>bg</em></div><div class="chat chatmessage-giltia"><strong style="color:hsl(105,42%,34%)"><small> </small><span class="username" data-name="Giltia">Giltia</span>:</strong> <em>LOL</em></div><div class="chat chatmessage-owns"><strong style="color:hsl(299,76%,41.69665182262525%)"><small>☆</small><span class="username" data-name="Owns">Owns</span>:</strong> <em>mm</em></div><div class="chat chatmessage-cutae"><strong style="color:hsl(311,52%,49.586817481671645%)"><small>☆</small><span class="username" data-name="cutae">cutae</span>:</strong> <em>f</em></div><div class="chat chatmessage-cutae"><strong style="color:hsl(311,52%,49.586817481671645%)"><small>☆</small><span class="username" data-name="cutae">cutae</span>:</strong> <em>do you still live .-.</em></div><div class="chat chatmessage-giltia"><strong style="color:hsl(105,42%,34%)"><small> </small><span class="username" data-name="Giltia">Giltia</span>:</strong> <em>reveal</em></div><div class="chat chatmessage-owns"><strong style="color:hsl(299,76%,41.69665182262525%)"><small>☆</small><span class="username" data-name="Owns">Owns</span>:</strong> <em>don't tect</em></div><div class="chat chatmessage-giltia"><strong style="color:hsl(105,42%,34%)"><small> </small><span class="username" data-name="Giltia">Giltia</span>:</strong> <em>rest</em></div><div class="chat chatmessage-owns"><strong style="color:hsl(299,76%,41.69665182262525%)"><small>☆</small><span class="username" data-name="Owns">Owns</span>:</strong> <em>&lt;3</em></div><div class="chat chatmessage-owns"><strong style="color:hsl(299,76%,41.69665182262525%)"><small>☆</small><span class="username" data-name="Owns">Owns</span>:</strong> <em>no I don't</em></div><div class="spacer battle-history"><br></div><div class="battle-history">Kimyan used <strong>Protect</strong>!<br></div><div class="battle-history"><small>Kimyan protected itself!</small><br></div><div class="spacer battle-history"><br></div><div class="battle-history">The opposing Rotom used <strong>Thunderbolt</strong>!<br></div><div class="battle-history"><small>Kimyan protected itself!</small><br></div><div class="spacer battle-history"><br></div><div class="battle-history"><small>Kimyan's wish came true!</small><br></div><div class="battle-history"><small>The opposing Rotom restored a little HP using its Leftovers!</small><br></div><div class="battle-history"><small>The opposing Rotom was hurt by poison!</small><br></div><div class="battle-history"><small>Kimyan was hurt by its burn!</small><br></div><div class="spacer battle-history"><br></div><div class="battle-history">The opposing Rotom fainted!<br></div><div class="spacer battle-history"><br></div><div class="battle-history"><strong>cutae</strong> won the battle!<br></div><div class="chat chatmessage-cutae"><strong style="color:hsl(311,52%,49.586817481671645%)"><small>☆</small><span class="username" data-name="cutae">cutae</span>:</strong> <em>lol</em></div><div class="chat">cutae's rating: 1000 → <strong>1040</strong><br>(+40 for winning)</div><div class="chat">Owns's rating: 1000 → <strong>1000</strong><br>(+0 for losing)</div><div class="chat chatmessage-cutae"><strong style="color:hsl(311,52%,49.586817481671645%)"><small>☆</small><span class="username" data-name="cutae">cutae</span>:</strong> <em>christ</em></div><div class="chat chatmessage-owns"><strong style="color:hsl(299,76%,41.69665182262525%)"><small>☆</small><span class="username" data-name="Owns">Owns</span>:</strong> <em>ggwp</em></div><div class="chat chatmessage-cutae"><strong style="color:hsl(311,52%,49.586817481671645%)"><small>☆</small><span class="username" data-name="cutae">cutae</span>:</strong> <em>scary game</em></div><div class="chat chatmessage-cutae"><strong style="color:hsl(311,52%,49.586817481671645%)"><small>☆</small><span class="username" data-name="cutae">cutae</span>:</strong> <em>ggwp</em></div><div class="chat"><small>Owns left.</small></div><div class="chat"><small>cutae left.</small></div><div class="chat"><small>Giltia left.</small></div><div class="chat"><small>Giltia joined.</small></div><div class="chat"><small>Giltia left.</small></div><div class="chat"><small>Cam joined.</small></div></div><div class="inner-preempt"></div></div></div>
</div>
<script>
let daily = Math.floor(Date.now()/1000/60/60/24);document.write('<script src="https://play.pokemonshowdown.com/js/replay-embed.js?version'+daily+'"></'+'script>');
</script>
