<!DOCTYPE html>
<meta charset="utf-8" />
<!-- version 1 -->
<title>UU replay: 533R10 vs. dhalgren</title>
<style>
html,body {font-family:Verdana, sans-serif;font-size:10pt;margin:0;padding:0;}body{padding:12px 0;} .battle-log {font-family:Verdana, sans-serif;font-size:10pt;} .battle-log-inline {border:1px solid #AAAAAA;background:#EEF2F5;color:black;max-width:640px;margin:0 auto 80px;padding-bottom:5px;} .battle-log .inner {padding:4px 8px 0px 8px;} .battle-log .inner-preempt {padding:0 8px 4px 8px;} .battle-log .inner-after {margin-top:0.5em;} .battle-log h2 {margin:0.5em -8px;padding:4px 8px;border:1px solid #AAAAAA;background:#E0E7EA;border-left:0;border-right:0;font-family:Verdana, sans-serif;font-size:13pt;} .battle-log .chat {vertical-align:middle;padding:3px 0 3px 0;font-size:8pt;} .battle-log .chat strong {color:#40576A;} .battle-log .chat em {padding:1px 4px 1px 3px;color:#000000;font-style:normal;} .chat.mine {background:rgba(0,0,0,0.05);margin-left:-8px;margin-right:-8px;padding-left:8px;padding-right:8px;} .spoiler {color:#BBBBBB;background:#BBBBBB;padding:0px 3px;} .spoiler:hover, .spoiler:active, .spoiler-shown {color:#000000;background:#E2E2E2;padding:0px 3px;} .spoiler a {color:#BBBBBB;} .spoiler:hover a, .spoiler:active a, .spoiler-shown a {color:#2288CC;} .chat code, .chat .spoiler:hover code, .chat .spoiler:active code, .chat .spoiler-shown code {border:1px solid #C0C0C0;background:#EEEEEE;color:black;padding:0 2px;} .chat .spoiler code {border:1px solid #CCCCCC;background:#CCCCCC;color:#CCCCCC;} .battle-log .rated {padding:3px 4px;} .battle-log .rated strong {color:white;background:#89A;padding:1px 4px;border-radius:4px;} .spacer {margin-top:0.5em;} .message-announce {background:#6688AA;color:white;padding:1px 4px 2px;} .message-announce a, .broadcast-green a, .broadcast-blue a, .broadcast-red a {color:#DDEEFF;} .broadcast-green {background-color:#559955;color:white;padding:2px 4px;} .broadcast-blue {background-color:#6688AA;color:white;padding:2px 4px;} .infobox {border:1px solid #6688AA;padding:2px 4px;} .infobox-limited {max-height:200px;overflow:auto;overflow-x:hidden;} .broadcast-red {background-color:#AA5544;color:white;padding:2px 4px;} .message-learn-canlearn {font-weight:bold;color:#228822;text-decoration:underline;} .message-learn-cannotlearn {font-weight:bold;color:#CC2222;text-decoration:underline;} .message-effect-weak {font-weight:bold;color:#CC2222;} .message-effect-resist {font-weight:bold;color:#6688AA;} .message-effect-immune {font-weight:bold;color:#666666;} .message-learn-list {margin-top:0;margin-bottom:0;} .message-throttle-notice, .message-error {color:#992222;} .message-overflow, .chat small.message-overflow {font-size:0pt;} .message-overflow::before {font-size:9pt;content:'...';} .subtle {color:#3A4A66;}
</style>
<div class="wrapper replay-wrapper" style="max-width:1180px;margin:0 auto">
<input type="hidden" name="replayid" value="uu-582349870" />
<div class="battle"></div><div class="battle-log"></div><div class="replay-controls"></div><div class="replay-controls-2"></div>
<h1 style="font-weight:normal;text-align:center"><strong>UU</strong><br /><a href="http://pokemonshowdown.com/users/533r10" class="subtle" target="_blank">533R10</a> vs. <a href="http://pokemonshowdown.com/users/dhalgren" class="subtle" target="_blank">dhalgren</a></h1>
<script type="text/plain" class="battle-log-data">|j|533R10
|j|dhalgren
|player|p1|533R10|88
|teamsize|p1|6
|player|p2|dhalgren|272
|teamsize|p2|6
|gametype|singles
|gen|6
|tier|UU
|seed|22770,41851,44179,65337
|rule|Sleep Clause Mod: Limit one foe put to sleep
|rule|Species Clause: Limit one of each Pokémon
|rule|OHKO Clause: OHKO moves are banned
|rule|Moody Clause: Moody is banned
|rule|Evasion Moves Clause: Evasion moves are banned
|rule|Endless Battle Clause: Forcing endless battles is banned
|rule|HP Percentage Mod: HP is shown in percentages
|clearpoke
|poke|p1|Absol, M|item
|poke|p1|Reuniclus, F|item
|poke|p1|Swampert, F|item
|poke|p1|Cobalion|item
|poke|p1|Crobat, M|item
|poke|p1|Rotom-Mow|item
|poke|p2|Cloyster, M|item
|poke|p2|Espeon, F|item
|poke|p2|Celebi|item
|poke|p2|Hydreigon, F|item
|poke|p2|Venomoth, M|item
|poke|p2|Swampert, F|item
|rule|Swagger Clause: Swagger is banned
|rule|Baton Pass Clause: Limit one Baton Passer, can't pass Spe and other stats simultaneously
|teampreview
|c|☆533R10|hf
|c|☆dhalgren|you too
|j|igurh
|j|RandomCoolTrainer
|choice|team 6, team 2, team 3, team 4, team 5, team 1|team 4, team 2, team 3, team 1, team 5, team 6
|
|start
|switch|p1a: Rotom|Rotom-Mow|241\/241
|switch|p2a: Hydreigon|Hydreigon, F|325\/325
|turn|1
|choice|move signalbeam|move dracometeor
|
|move|p2a: Hydreigon|Draco Meteor|p1a: Rotom
|-damage|p1a: Rotom|0 fnt
|-unboost|p2a: Hydreigon|spa|2
|-damage|p2a: Hydreigon|293\/325|[from] item: Life Orb
|faint|p1a: Rotom
|
|upkeep
|j|amaze tests
|choice|switch 4|
|
|switch|p1a: Cobalion|Cobalion|323\/323
|turn|2
|choice|switch 3|switch 3
|
|switch|p1a: Swampert|Swampert, F|404\/404
|switch|p2a: Celebi|Celebi|341\/341
|
|upkeep
|turn|3
|choice|switch 5|move stealthrock
|
|switch|p1a: Crobat|Crobat, M|311\/311
|move|p2a: Celebi|Stealth Rock|p1a: Crobat
|-sidestart|p1: 533R10|move: Stealth Rock
|
|upkeep
|turn|4
|l|igurh
|choice|move uturn|switch 6
|
|switch|p2a: Swampert|Swampert, F|341\/341
|move|p1a: Crobat|U-turn|p2a: Swampert
|-damage|p2a: Swampert|269\/341
|choice|switch 5|
|
|switch|p1a: Swampert|Swampert, F|404\/404
|-damage|p1a: Swampert|379\/404|[from] stealthrock
|
|-heal|p1a: Swampert|404\/404|[from] item: Leftovers
|upkeep
|turn|5
|choice|move stealthrock|switch 2
|
|switch|p2a: Espeon|Espeon, F|271\/271
|move|p1a: Swampert|Stealth Rock|p2a: Espeon
|move|p2a: Espeon|Stealth Rock|p1a: Swampert|[from]Magic Bounce
|-fail|p1a: Swampert
|
|upkeep
|turn|6
|choice|move earthquake|move reflect
|
|move|p2a: Espeon|Reflect|p2a: Espeon
|-sidestart|p2: dhalgren|Reflect
|move|p1a: Swampert|Earthquake|p2a: Espeon
|-damage|p2a: Espeon|171\/271
|
|upkeep
|turn|7
|choice|move earthquake|move psychic
|
|move|p2a: Espeon|Psychic|p1a: Swampert
|-crit|p1a: Swampert
|-damage|p1a: Swampert|128\/404
|move|p1a: Swampert|Earthquake|p2a: Espeon
|-damage|p2a: Espeon|82\/271
|
|-heal|p1a: Swampert|153\/404|[from] item: Leftovers
|upkeep
|turn|8
|choice|move earthquake|switch 3
|
|switch|p2a: Hydreigon|Hydreigon, F|293\/325
|move|p1a: Swampert|Earthquake|p2a: Hydreigon
|-immune|p2a: Hydreigon|[msg]|[from] ability: Levitate
|
|-heal|p1a: Swampert|178\/404|[from] item: Leftovers
|upkeep
|turn|9
|choice|switch 3|move dracometeor
|
|switch|p1a: Cobalion|Cobalion|323\/323
|-damage|p1a: Cobalion|313\/323|[from] stealthrock
|move|p2a: Hydreigon|Draco Meteor|p1a: Cobalion|[miss]
|-miss|p2a: Hydreigon|p1a: Cobalion
|
|upkeep
|turn|10
|choice|switch 5|switch 6
|
|switch|p1a: Crobat|Crobat, M|311\/311
|-damage|p1a: Crobat|234\/311|[from] stealthrock
|switch|p2a: Celebi|Celebi|341\/341
|
|upkeep
|turn|11
|choice|move defog|switch 3
|
|switch|p2a: Espeon|Espeon, F|82\/271
|move|p1a: Crobat|Defog|p2a: Espeon
|move|p2a: Espeon|Defog|p1a: Crobat|[from]Magic Bounce
|-unboost|p1a: Crobat|evasion|1
|-sideend|p1: 533R10|stealthrock|[from] move: Defog|[of] p1a: Crobat
|
|upkeep
|turn|12
|choice|move bravebird|move psychic
|
|move|p1a: Crobat|Brave Bird|p2a: Espeon
|-damage|p2a: Espeon|0 fnt
|-damage|p1a: Crobat|207\/311|[from] Recoil|[of] p2a: Espeon
|faint|p2a: Espeon
|
|upkeep
|choice||switch 2
|
|switch|p2a: Swampert|Swampert, F|269\/341
|turn|13
|choice|move defog|move raindance mega
|
|detailschange|p2a: Swampert|Swampert-Mega, F
|-mega|p2a: Swampert|Swampert|Swampertite
|move|p1a: Crobat|Defog|p2a: Swampert
|-unboost|p2a: Swampert|evasion|1
|-sideend|p2: dhalgren|Reflect
|move|p2a: Swampert|Rain Dance|p2a: Swampert
|-weather|RainDance
|
|-weather|RainDance|[upkeep]
|upkeep
|turn|14
|choice|switch 3|move waterfall
|
|switch|p1a: Swampert|Swampert, F|178\/404
|move|p2a: Swampert|Waterfall|p1a: Swampert
|-damage|p1a: Swampert|0 fnt
|faint|p1a: Swampert
|
|-weather|RainDance|[upkeep]
|upkeep
|choice|switch 2|
|
|switch|p1a: Reuniclus|Reuniclus, F|424\/424
|turn|15
|choice|move calmmind|move waterfall
|
|move|p2a: Swampert|Waterfall|p1a: Reuniclus
|-damage|p1a: Reuniclus|204\/424
|cant|p1a: Reuniclus|flinch
|
|-weather|RainDance|[upkeep]
|-heal|p1a: Reuniclus|230\/424|[from] item: Leftovers
|upkeep
|turn|16
|choice|move recover|switch 6
|
|switch|p2a: Hydreigon|Hydreigon, F|293\/325
|move|p1a: Reuniclus|Recover|p1a: Reuniclus
|-heal|p1a: Reuniclus|424\/424
|
|-weather|RainDance|[upkeep]
|upkeep
|turn|17
|choice|switch 5|move dracometeor
|
|switch|p1a: Cobalion|Cobalion|313\/323
|move|p2a: Hydreigon|Draco Meteor|p1a: Cobalion
|-resisted|p1a: Cobalion
|-damage|p1a: Cobalion|110\/323
|-unboost|p2a: Hydreigon|spa|2
|-damage|p2a: Hydreigon|261\/325|[from] item: Life Orb
|
|-weather|none
|upkeep
|turn|18
|choice|switch 3|switch 3
|
|switch|p1a: Crobat|Crobat, M|207\/311
|switch|p2a: Celebi|Celebi|341\/341
|
|upkeep
|turn|19
|choice|move bravebird|move stealthrock
|
|move|p2a: Celebi|Stealth Rock|p1a: Crobat
|-sidestart|p1: 533R10|move: Stealth Rock
|move|p1a: Crobat|Brave Bird|p2a: Celebi
|-supereffective|p2a: Celebi
|-damage|p2a: Celebi|0 fnt
|-damage|p1a: Crobat|94\/311|[from] Recoil|[of] p2a: Celebi
|faint|p2a: Celebi
|
|upkeep
|choice||switch 4
|
|switch|p2a: Cloyster|Cloyster, M|241\/241
|turn|20
|choice|move bravebird|move shellsmash
|
|move|p1a: Crobat|Brave Bird|p2a: Cloyster
|-damage|p2a: Cloyster|123\/241
|-damage|p1a: Crobat|55\/311|[from] Recoil|[of] p2a: Cloyster
|move|p2a: Cloyster|Shell Smash|p2a: Cloyster
|-unboost|p2a: Cloyster|def|1
|-unboost|p2a: Cloyster|spd|1
|-boost|p2a: Cloyster|atk|2
|-boost|p2a: Cloyster|spa|2
|-boost|p2a: Cloyster|spe|2
|
|upkeep
|turn|21
|j|scooter4000
|choice|move bravebird|move iciclespear
|
|move|p2a: Cloyster|Icicle Spear|p1a: Crobat
|-supereffective|p1a: Crobat
|-damage|p1a: Crobat|0 fnt
|-hitcount|p1a: Crobat|1
|-damage|p2a: Cloyster|99\/241|[from] item: Life Orb
|faint|p1a: Crobat
|
|upkeep
|choice|switch 6|
|
|switch|p1a: Absol|Absol, M|271\/271
|-damage|p1a: Absol|238\/271|[from] stealthrock
|-ability|p1a: Absol|Pressure
|turn|22
|choice|move suckerpunch mega|move iciclespear
|
|detailschange|p1a: Absol|Absol-Mega, M
|-mega|p1a: Absol|Absol|Absolite
|move|p1a: Absol|Sucker Punch|p2a: Cloyster
|-damage|p2a: Cloyster|0 fnt
|faint|p2a: Cloyster
|
|upkeep
|choice||switch 6
|
|switch|p2a: Swampert|Swampert-Mega, F|269\/341
|turn|23
|choice|switch 5|move earthquake
|
|switch|p1a: Reuniclus|Reuniclus, F|424\/424
|move|p2a: Swampert|Earthquake|p1a: Reuniclus
|-damage|p1a: Reuniclus|259\/424
|
|-heal|p1a: Reuniclus|285\/424|[from] item: Leftovers
|upkeep
|turn|24
|choice|move focusblast|switch 5
|
|switch|p2a: Venomoth|Venomoth, M|281\/281
|move|p1a: Reuniclus|Focus Blast|p2a: Venomoth|[miss]
|-miss|p1a: Reuniclus|p2a: Venomoth
|
|-heal|p1a: Reuniclus|311\/424|[from] item: Leftovers
|upkeep
|turn|25
|choice|switch 5|move bugbuzz
|
|switch|p1a: Absol|Absol-Mega, M|238\/271
|-damage|p1a: Absol|205\/271|[from] stealthrock
|move|p2a: Venomoth|Bug Buzz|p1a: Absol
|-supereffective|p1a: Absol
|-damage|p1a: Absol|0 fnt
|-damage|p2a: Venomoth|253\/281|[from] item: Life Orb
|faint|p1a: Absol
|
|upkeep
|choice|switch 3|
|
|switch|p1a: Cobalion|Cobalion|110\/323
|-damage|p1a: Cobalion|100\/323|[from] stealthrock
|turn|26
|choice|move stoneedge|move bugbuzz
|
|move|p1a: Cobalion|Stone Edge|p2a: Venomoth|[miss]
|-miss|p1a: Cobalion|p2a: Venomoth
|move|p2a: Venomoth|Bug Buzz|p1a: Cobalion
|-resisted|p1a: Cobalion
|-damage|p1a: Cobalion|1\/323
|-damage|p2a: Venomoth|225\/281|[from] item: Life Orb
|
|upkeep
|turn|27
|choice|move stoneedge|switch 5
|
|switch|p2a: Swampert|Swampert-Mega, F|269\/341
|move|p1a: Cobalion|Stone Edge|p2a: Swampert
|-resisted|p2a: Swampert
|-damage|p2a: Swampert|223\/341
|
|upkeep
|turn|28
|c|☆533R10|oh right
|choice|switch 5|move raindance
|
|switch|p1a: Reuniclus|Reuniclus, F|311\/424
|move|p2a: Swampert|Rain Dance|p2a: Swampert
|-weather|RainDance
|
|-weather|RainDance|[upkeep]
|-heal|p1a: Reuniclus|337\/424|[from] item: Leftovers
|upkeep
|turn|29
|l|RandomCoolTrainer
|choice|move calmmind|move waterfall
|
|move|p2a: Swampert|Waterfall|p1a: Reuniclus
|-damage|p1a: Reuniclus|120\/424
|move|p1a: Reuniclus|Calm Mind|p1a: Reuniclus
|-boost|p1a: Reuniclus|spa|1
|-boost|p1a: Reuniclus|spd|1
|
|-weather|RainDance|[upkeep]
|-heal|p1a: Reuniclus|146\/424|[from] item: Leftovers
|upkeep
|turn|30
|c|☆dhalgren|gg
|c|☆533R10|gg
|-message|533R10 forfeited.
|
|win|dhalgren
|l|533R10
|l|dhalgren</script>
</div>
<div class="battle-log battle-log-inline"><div class="inner"><div class="battle-options"></div><div class="inner"><div class="chat"><small>533R10 joined.</small></div><div class="chat"><small>dhalgren joined.</small></div><div class=""><small>Format:</small> <br><strong>UU</strong></div><div class=""><small><em>Sleep Clause Mod:</em> Limit one foe put to sleep</small></div><div class=""><small><em>Species Clause:</em> Limit one of each Pokémon</small></div><div class=""><small><em>OHKO Clause:</em> OHKO moves are banned</small></div><div class=""><small><em>Moody Clause:</em> Moody is banned</small></div><div class=""><small><em>Evasion Moves Clause:</em> Evasion moves are banned</small></div><div class=""><small><em>Endless Battle Clause:</em> Forcing endless battles is banned</small></div><div class=""><small><em>HP Percentage Mod:</em> HP is shown in percentages</small></div><div class=""><small><em>Swagger Clause:</em> Swagger is banned</small></div><div class=""><small><em>Baton Pass Clause:</em> Limit one Baton Passer, can't pass Spe and other stats simultaneously</small></div><div class="chat battle-history"><strong>533R10's team:</strong> <em style="color:#445566;display:block;">Absol / Reuniclus / Swampert / Cobalion / Crobat / Rotom-Mow</em></div><div class="chat battle-history"><strong>dhalgren's team:</strong> <em style="color:#445566;display:block;">Cloyster / Espeon / Celebi / Hydreigon / Venomoth / Swampert</em></div><div class="chat chatmessage-533r10"><strong style="color:hsl(164,47%,44.538797510179556%)"><small>☆</small><span class="username" data-name="533R10">533R10</span>:</strong> <em>hf</em></div><div class="chat chatmessage-dhalgren"><strong style="color:hsl(351,74%,47.628345007108265%)"><small>☆</small><span class="username" data-name="dhalgren">dhalgren</span>:</strong> <em>you too</em></div><div class="chat"><small>igurh joined.</small></div><div class="chat"><small>RandomCoolTrainer joined.</small></div><div class="spacer battle-history"><br></div><div class="battle-history">Battle started between 533R10 and dhalgren!<br></div><div class="spacer battle-history"><br></div><div class="battle-history">Go! Rotom (<strong>Rotom-Mow</strong>)!<br></div><div class="spacer battle-history"><br></div><div class="battle-history">dhalgren sent out <strong>Hydreigon</strong>!<br></div><div class="spacer battle-history"><br></div><h2 class="battle-history">Turn 1</h2><div class="spacer battle-history"><br></div><div class="battle-history">The opposing Hydreigon used <strong>Draco Meteor</strong>!<br></div><div class="battle-history"><small>(Rotom lost <abbr title="−241/241">100%</abbr> of its health!)</small><br></div><div class="battle-history"><small>The opposing Hydreigon's Special Attack fell harshly!</small><br></div><div class="battle-history"><small>The opposing Hydreigon lost some of its HP!</small><br></div><div class="spacer battle-history"><br></div><div class="battle-history">Rotom fainted!<br></div><div class="chat"><small>amaze tests joined.</small></div><div class="spacer battle-history"><br></div><div class="battle-history">Go! <strong>Cobalion</strong>!<br></div><div class="spacer battle-history"><br></div><h2 class="battle-history">Turn 2</h2><div class="spacer battle-history"><br></div><div class="battle-history">Cobalion, come back!<br></div><div class="battle-history">Go! <strong>Swampert</strong>!<br></div><div class="spacer battle-history"><br></div><div class="battle-history">dhalgren withdrew Hydreigon!<br></div><div class="battle-history">dhalgren sent out <strong>Celebi</strong>!<br></div><div class="spacer battle-history"><br></div><h2 class="battle-history">Turn 3</h2><div class="spacer battle-history"><br></div><div class="battle-history">Swampert, come back!<br></div><div class="battle-history">Go! <strong>Crobat</strong>!<br></div><div class="spacer battle-history"><br></div><div class="battle-history">The opposing Celebi used <strong>Stealth Rock</strong>!<br></div><div class="battle-history"><small>Pointed stones float in the air around your team!</small><br></div><div class="spacer battle-history"><br></div><h2 class="battle-history">Turn 4</h2><div class="chat"><small>igurh left.</small></div><div class="spacer battle-history"><br></div><div class="battle-history">dhalgren withdrew Celebi!<br></div><div class="battle-history">dhalgren sent out <strong>Swampert</strong>!<br></div><div class="spacer battle-history"><br></div><div class="battle-history">Crobat used <strong>U-turn</strong>!<br></div><div class="battle-history"><small>(The opposing Swampert lost <abbr title="−72/341">21.1%</abbr> of its health!)</small><br></div><div class="spacer battle-history"><br></div><div class="battle-history">Crobat went back to 533R10!<br></div><div class="battle-history">Go! <strong>Swampert</strong>!<br></div><div class="battle-history"><small>Pointed stones dug into Swampert!</small><br></div><div class="spacer battle-history"><br></div><div class="battle-history"><small>Swampert restored a little HP using its Leftovers!</small><br></div><div class="spacer battle-history"><br></div><h2 class="battle-history">Turn 5</h2><div class="spacer battle-history"><br></div><div class="battle-history">dhalgren withdrew Swampert!<br></div><div class="battle-history">dhalgren sent out <strong>Espeon</strong>!<br></div><div class="spacer battle-history"><br></div><div class="battle-history">Swampert used <strong>Stealth Rock</strong>!<br></div><div class="spacer battle-history"><br></div><div class="battle-history"><small>[The opposing Espeon's Magic Bounce]</small><br>The opposing Espeon bounced the Stealth Rock back!<br></div><div class="battle-history"><small>But it failed!</small><br></div><div class="spacer battle-history"><br></div><h2 class="battle-history">Turn 6</h2><div class="spacer battle-history"><br></div><div class="battle-history">The opposing Espeon used <strong>Reflect</strong>!<br></div><div class="battle-history"><small>Reflect made the opposing team stronger against physical moves!</small><br></div><div class="spacer battle-history"><br></div><div class="battle-history">Swampert used <strong>Earthquake</strong>!<br></div><div class="battle-history"><small>(The opposing Espeon lost <abbr title="−100/271">36.9%</abbr> of its health!)</small><br></div><div class="spacer battle-history"><br></div><h2 class="battle-history">Turn 7</h2><div class="spacer battle-history"><br></div><div class="battle-history">The opposing Espeon used <strong>Psychic</strong>!<br></div><div class="battle-history"><small>A critical hit!</small><br></div><div class="battle-history"><small>(Swampert lost <abbr title="−276/404">68.3%</abbr> of its health!)</small><br></div><div class="spacer battle-history"><br></div><div class="battle-history">Swampert used <strong>Earthquake</strong>!<br></div><div class="battle-history"><small>(The opposing Espeon lost <abbr title="−89/271">32.8%</abbr> of its health!)</small><br></div><div class="spacer battle-history"><br></div><div class="battle-history"><small>Swampert restored a little HP using its Leftovers!</small><br></div><div class="spacer battle-history"><br></div><h2 class="battle-history">Turn 8</h2><div class="spacer battle-history"><br></div><div class="battle-history">dhalgren withdrew Espeon!<br></div><div class="battle-history">dhalgren sent out <strong>Hydreigon</strong>!<br></div><div class="spacer battle-history"><br></div><div class="battle-history">Swampert used <strong>Earthquake</strong>!<br></div><div class="battle-history"><small>[The opposing Hydreigon's Levitate]</small><br><small>It doesn't affect the opposing Hydreigon...</small><br></div><div class="spacer battle-history"><br></div><div class="battle-history"><small>Swampert restored a little HP using its Leftovers!</small><br></div><div class="spacer battle-history"><br></div><h2 class="battle-history">Turn 9</h2><div class="spacer battle-history"><br></div><div class="battle-history">Swampert, come back!<br></div><div class="battle-history">Go! <strong>Cobalion</strong>!<br></div><div class="battle-history"><small>Pointed stones dug into Cobalion!</small><br></div><div class="spacer battle-history"><br></div><div class="battle-history">The opposing Hydreigon used <strong>Draco Meteor</strong>!<br></div><div class="battle-history"><small>Cobalion avoided the attack!</small><br></div><div class="spacer battle-history"><br></div><h2 class="battle-history">Turn 10</h2><div class="spacer battle-history"><br></div><div class="battle-history">Cobalion, come back!<br></div><div class="battle-history">Go! <strong>Crobat</strong>!<br></div><div class="battle-history"><small>Pointed stones dug into Crobat!</small><br></div><div class="spacer battle-history"><br></div><div class="battle-history">dhalgren withdrew Hydreigon!<br></div><div class="battle-history">dhalgren sent out <strong>Celebi</strong>!<br></div><div class="spacer battle-history"><br></div><h2 class="battle-history">Turn 11</h2><div class="spacer battle-history"><br></div><div class="battle-history">dhalgren withdrew Celebi!<br></div><div class="battle-history">dhalgren sent out <strong>Espeon</strong>!<br></div><div class="spacer battle-history"><br></div><div class="battle-history">Crobat used <strong>Defog</strong>!<br></div><div class="spacer battle-history"><br></div><div class="battle-history"><small>[The opposing Espeon's Magic Bounce]</small><br>The opposing Espeon bounced the Defog back!<br></div><div class="battle-history"><small>Crobat's evasiveness fell!</small><br></div><div class="battle-history"><small>The pointed stones disappeared from around your team!</small><br></div><div class="spacer battle-history"><br></div><h2 class="battle-history">Turn 12</h2><div class="spacer battle-history"><br></div><div class="battle-history">Crobat used <strong>Brave Bird</strong>!<br></div><div class="battle-history"><small>(The opposing Espeon lost <abbr title="−82/271">30.3%</abbr> of its health!)</small><br></div><div class="battle-history"><small>Crobat is damaged by the recoil!</small><br></div><div class="spacer battle-history"><br></div><div class="battle-history">The opposing Espeon fainted!<br></div><div class="spacer battle-history"><br></div><div class="battle-history">dhalgren sent out <strong>Swampert</strong>!<br></div><div class="spacer battle-history"><br></div><h2 class="battle-history">Turn 13</h2><div class="spacer battle-history"><br></div><div class="battle-history"><small>The opposing Swampert's Swampertite is reacting to dhalgren's Mega Bracelet!</small><br>The opposing Swampert has Mega Evolved into Mega Swampert!<br></div><div class="spacer battle-history"><br></div><div class="battle-history">Crobat used <strong>Defog</strong>!<br></div><div class="battle-history"><small>The opposing Swampert's evasiveness fell!</small><br></div><div class="battle-history"><small>The opposing team's Reflect wore off!</small><br></div><div class="spacer battle-history"><br></div><div class="battle-history">The opposing Swampert used <strong>Rain Dance</strong>!<br></div><div class="battle-history"><small>It started to rain!</small><br></div><div class="spacer battle-history"><br></div><div class="battle-history"><small>(Rain continues to fall!)</small><br></div><div class="spacer battle-history"><br></div><h2 class="battle-history">Turn 14</h2><div class="spacer battle-history"><br></div><div class="battle-history">Crobat, come back!<br></div><div class="battle-history">Go! <strong>Swampert</strong>!<br></div><div class="spacer battle-history"><br></div><div class="battle-history">The opposing Swampert used <strong>Waterfall</strong>!<br></div><div class="battle-history"><small>(Swampert lost <abbr title="−178/404">44.1%</abbr> of its health!)</small><br></div><div class="spacer battle-history"><br></div><div class="battle-history">Swampert fainted!<br></div><div class="spacer battle-history"><br></div><div class="battle-history"><small>(Rain continues to fall!)</small><br></div><div class="spacer battle-history"><br></div><div class="battle-history">Go! <strong>Reuniclus</strong>!<br></div><div class="spacer battle-history"><br></div><h2 class="battle-history">Turn 15</h2><div class="spacer battle-history"><br></div><div class="battle-history">The opposing Swampert used <strong>Waterfall</strong>!<br></div><div class="battle-history"><small>(Reuniclus lost <abbr title="−220/424">51.9%</abbr> of its health!)</small><br></div><div class="spacer battle-history"><br></div><div class="battle-history">Reuniclus flinched and couldn't move!<br></div><div class="spacer battle-history"><br></div><div class="battle-history"><small>(Rain continues to fall!)</small><br></div><div class="battle-history"><small>Reuniclus restored a little HP using its Leftovers!</small><br></div><div class="spacer battle-history"><br></div><h2 class="battle-history">Turn 16</h2><div class="spacer battle-history"><br></div><div class="battle-history">dhalgren withdrew Swampert!<br></div><div class="battle-history">dhalgren sent out <strong>Hydreigon</strong>!<br></div><div class="spacer battle-history"><br></div><div class="battle-history">Reuniclus used <strong>Recover</strong>!<br></div><div class="battle-history"><small>Reuniclus restored its HP.</small><br></div><div class="spacer battle-history"><br></div><div class="battle-history"><small>(Rain continues to fall!)</small><br></div><div class="spacer battle-history"><br></div><h2 class="battle-history">Turn 17</h2><div class="spacer battle-history"><br></div><div class="battle-history">Reuniclus, come back!<br></div><div class="battle-history">Go! <strong>Cobalion</strong>!<br></div><div class="spacer battle-history"><br></div><div class="battle-history">The opposing Hydreigon used <strong>Draco Meteor</strong>!<br></div><div class="battle-history"><small>It's not very effective...</small><br></div><div class="battle-history"><small>(Cobalion lost <abbr title="−203/323">62.8%</abbr> of its health!)</small><br></div><div class="battle-history"><small>The opposing Hydreigon's Special Attack fell harshly!</small><br></div><div class="battle-history"><small>The opposing Hydreigon lost some of its HP!</small><br></div><div class="spacer battle-history"><br></div><div class="battle-history"><small>The rain stopped.</small><br></div><div class="spacer battle-history"><br></div><h2 class="battle-history">Turn 18</h2><div class="spacer battle-history"><br></div><div class="battle-history">Cobalion, come back!<br></div><div class="battle-history">Go! <strong>Crobat</strong>!<br></div><div class="spacer battle-history"><br></div><div class="battle-history">dhalgren withdrew Hydreigon!<br></div><div class="battle-history">dhalgren sent out <strong>Celebi</strong>!<br></div><div class="spacer battle-history"><br></div><h2 class="battle-history">Turn 19</h2><div class="spacer battle-history"><br></div><div class="battle-history">The opposing Celebi used <strong>Stealth Rock</strong>!<br></div><div class="battle-history"><small>Pointed stones float in the air around your team!</small><br></div><div class="spacer battle-history"><br></div><div class="battle-history">Crobat used <strong>Brave Bird</strong>!<br></div><div class="battle-history"><small>It's super effective!</small><br></div><div class="battle-history"><small>(The opposing Celebi lost <abbr title="−341/341">100%</abbr> of its health!)</small><br></div><div class="battle-history"><small>Crobat is damaged by the recoil!</small><br></div><div class="spacer battle-history"><br></div><div class="battle-history">The opposing Celebi fainted!<br></div><div class="spacer battle-history"><br></div><div class="battle-history">dhalgren sent out <strong>Cloyster</strong>!<br></div><div class="spacer battle-history"><br></div><h2 class="battle-history">Turn 20</h2><div class="spacer battle-history"><br></div><div class="battle-history">Crobat used <strong>Brave Bird</strong>!<br></div><div class="battle-history"><small>(The opposing Cloyster lost <abbr title="−118/241">49.0%</abbr> of its health!)</small><br></div><div class="battle-history"><small>Crobat is damaged by the recoil!</small><br></div><div class="spacer battle-history"><br></div><div class="battle-history">The opposing Cloyster used <strong>Shell Smash</strong>!<br></div><div class="battle-history"><small>The opposing Cloyster's Defense fell!</small><br></div><div class="battle-history"><small>The opposing Cloyster's Special Defense fell!</small><br></div><div class="battle-history"><small>The opposing Cloyster's Attack rose sharply!</small><br></div><div class="battle-history"><small>The opposing Cloyster's Special Attack rose sharply!</small><br></div><div class="battle-history"><small>The opposing Cloyster's Speed rose sharply!</small><br></div><div class="spacer battle-history"><br></div><h2 class="battle-history">Turn 21</h2><div class="chat"><small>scooter4000 joined.</small></div><div class="spacer battle-history"><br></div><div class="battle-history">The opposing Cloyster used <strong>Icicle Spear</strong>!<br></div><div class="battle-history"><small>It's super effective!</small><br></div><div class="battle-history"><small>(Crobat lost <abbr title="−55/311">17.7%</abbr> of its health!)</small><br></div><div class="battle-history"><small>Hit 1 time!</small><br></div><div class="battle-history"><small>The opposing Cloyster lost some of its HP!</small><br></div><div class="spacer battle-history"><br></div><div class="battle-history">Crobat fainted!<br></div><div class="spacer battle-history"><br></div><div class="battle-history">Go! <strong>Absol</strong>!<br></div><div class="battle-history"><small>Pointed stones dug into Absol!</small><br></div><div class="battle-history"><small>[Absol's Pressure]</small><br><small>Absol is exerting its pressure!</small><br></div><div class="spacer battle-history"><br></div><h2 class="battle-history">Turn 22</h2><div class="spacer battle-history"><br></div><div class="battle-history"><small>Absol's Absolite is reacting to 533R10's Mega Bracelet!</small><br>Absol has Mega Evolved into Mega Absol!<br></div><div class="spacer battle-history"><br></div><div class="battle-history">Absol used <strong>Sucker Punch</strong>!<br></div><div class="battle-history"><small>(The opposing Cloyster lost <abbr title="−99/241">41.1%</abbr> of its health!)</small><br></div><div class="spacer battle-history"><br></div><div class="battle-history">The opposing Cloyster fainted!<br></div><div class="spacer battle-history"><br></div><div class="battle-history">dhalgren sent out Swampert (<strong>Swampert-Mega</strong>)!<br></div><div class="spacer battle-history"><br></div><h2 class="battle-history">Turn 23</h2><div class="spacer battle-history"><br></div><div class="battle-history">Absol, come back!<br></div><div class="battle-history">Go! <strong>Reuniclus</strong>!<br></div><div class="spacer battle-history"><br></div><div class="battle-history">The opposing Swampert used <strong>Earthquake</strong>!<br></div><div class="battle-history"><small>(Reuniclus lost <abbr title="−165/424">38.9%</abbr> of its health!)</small><br></div><div class="spacer battle-history"><br></div><div class="battle-history"><small>Reuniclus restored a little HP using its Leftovers!</small><br></div><div class="spacer battle-history"><br></div><h2 class="battle-history">Turn 24</h2><div class="spacer battle-history"><br></div><div class="battle-history">dhalgren withdrew Swampert!<br></div><div class="battle-history">dhalgren sent out <strong>Venomoth</strong>!<br></div><div class="spacer battle-history"><br></div><div class="battle-history">Reuniclus used <strong>Focus Blast</strong>!<br></div><div class="battle-history"><small>The opposing Venomoth avoided the attack!</small><br></div><div class="spacer battle-history"><br></div><div class="battle-history"><small>Reuniclus restored a little HP using its Leftovers!</small><br></div><div class="spacer battle-history"><br></div><h2 class="battle-history">Turn 25</h2><div class="spacer battle-history"><br></div><div class="battle-history">Reuniclus, come back!<br></div><div class="battle-history">Go! Absol (<strong>Absol-Mega</strong>)!<br></div><div class="battle-history"><small>Pointed stones dug into Absol!</small><br></div><div class="spacer battle-history"><br></div><div class="battle-history">The opposing Venomoth used <strong>Bug Buzz</strong>!<br></div><div class="battle-history"><small>It's super effective!</small><br></div><div class="battle-history"><small>(Absol lost <abbr title="−205/271">75.6%</abbr> of its health!)</small><br></div><div class="battle-history"><small>The opposing Venomoth lost some of its HP!</small><br></div><div class="spacer battle-history"><br></div><div class="battle-history">Absol fainted!<br></div><div class="spacer battle-history"><br></div><div class="battle-history">Go! <strong>Cobalion</strong>!<br></div><div class="battle-history"><small>Pointed stones dug into Cobalion!</small><br></div><div class="spacer battle-history"><br></div><h2 class="battle-history">Turn 26</h2><div class="spacer battle-history"><br></div><div class="battle-history">Cobalion used <strong>Stone Edge</strong>!<br></div><div class="battle-history"><small>The opposing Venomoth avoided the attack!</small><br></div><div class="spacer battle-history"><br></div><div class="battle-history">The opposing Venomoth used <strong>Bug Buzz</strong>!<br></div><div class="battle-history"><small>It's not very effective...</small><br></div><div class="battle-history"><small>(Cobalion lost <abbr title="−99/323">30.7%</abbr> of its health!)</small><br></div><div class="battle-history"><small>The opposing Venomoth lost some of its HP!</small><br></div><div class="spacer battle-history"><br></div><h2 class="battle-history">Turn 27</h2><div class="spacer battle-history"><br></div><div class="battle-history">dhalgren withdrew Venomoth!<br></div><div class="battle-history">dhalgren sent out Swampert (<strong>Swampert-Mega</strong>)!<br></div><div class="spacer battle-history"><br></div><div class="battle-history">Cobalion used <strong>Stone Edge</strong>!<br></div><div class="battle-history"><small>It's not very effective...</small><br></div><div class="battle-history"><small>(The opposing Swampert lost <abbr title="−46/341">13.5%</abbr> of its health!)</small><br></div><div class="spacer battle-history"><br></div><h2 class="battle-history">Turn 28</h2><div class="chat chatmessage-533r10"><strong style="color:hsl(164,47%,44.538797510179556%)"><small>☆</small><span class="username" data-name="533R10">533R10</span>:</strong> <em>oh right</em></div><div class="spacer battle-history"><br></div><div class="battle-history">Cobalion, come back!<br></div><div class="battle-history">Go! <strong>Reuniclus</strong>!<br></div><div class="spacer battle-history"><br></div><div class="battle-history">The opposing Swampert used <strong>Rain Dance</strong>!<br></div><div class="battle-history"><small>It started to rain!</small><br></div><div class="spacer battle-history"><br></div><div class="battle-history"><small>(Rain continues to fall!)</small><br></div><div class="battle-history"><small>Reuniclus restored a little HP using its Leftovers!</small><br></div><div class="spacer battle-history"><br></div><h2 class="battle-history">Turn 29</h2><div class="chat"><small>RandomCoolTrainer left.</small></div><div class="spacer battle-history"><br></div><div class="battle-history">The opposing Swampert used <strong>Waterfall</strong>!<br></div><div class="battle-history"><small>(Reuniclus lost <abbr title="−217/424">51.2%</abbr> of its health!)</small><br></div><div class="spacer battle-history"><br></div><div class="battle-history">Reuniclus used <strong>Calm Mind</strong>!<br></div><div class="battle-history"><small>Reuniclus's Special Attack rose!</small><br></div><div class="battle-history"><small>Reuniclus's Special Defense rose!</small><br></div><div class="spacer battle-history"><br></div><div class="battle-history"><small>(Rain continues to fall!)</small><br></div><div class="battle-history"><small>Reuniclus restored a little HP using its Leftovers!</small><br></div><div class="spacer battle-history"><br></div><h2 class="battle-history">Turn 30</h2><div class="chat chatmessage-dhalgren"><strong style="color:hsl(351,74%,47.628345007108265%)"><small>☆</small><span class="username" data-name="dhalgren">dhalgren</span>:</strong> <em>gg</em></div><div class="chat chatmessage-533r10"><strong style="color:hsl(164,47%,44.538797510179556%)"><small>☆</small><span class="username" data-name="533R10">533R10</span>:</strong> <em>gg</em></div><div class="spacer battle-history"><br></div><div class="battle-history"><small>533R10 forfeited.</small><br></div><div class="spacer battle-history"><br></div><div class="battle-history"><strong>dhalgren</strong> won the battle!<br></div><div class="chat"><small>533R10 left.</small></div><div class="chat"><small>dhalgren left.</small></div></div><div class="inner-preempt"></div></div></div>
</div>
<script>
let daily = Math.floor(Date.now()/1000/60/60/24);document.write('<script src="https://play.pokemonshowdown.com/js/replay-embed.js?version'+daily+'"></'+'script>');
</script>
