<!DOCTYPE html>
<meta charset="utf-8" />
<!-- version 1 -->
<title>UU replay: Ricememe vs. Alister221570</title>
<style>
html,body {font-family:Verdana, sans-serif;font-size:10pt;margin:0;padding:0;}body{padding:12px 0;} .battle-log {font-family:Verdana, sans-serif;font-size:10pt;} .battle-log-inline {border:1px solid #AAAAAA;background:#EEF2F5;color:black;max-width:640px;margin:0 auto 80px;padding-bottom:5px;} .battle-log .inner {padding:4px 8px 0px 8px;} .battle-log .inner-preempt {padding:0 8px 4px 8px;} .battle-log .inner-after {margin-top:0.5em;} .battle-log h2 {margin:0.5em -8px;padding:4px 8px;border:1px solid #AAAAAA;background:#E0E7EA;border-left:0;border-right:0;font-family:Verdana, sans-serif;font-size:13pt;} .battle-log .chat {vertical-align:middle;padding:3px 0 3px 0;font-size:8pt;} .battle-log .chat strong {color:#40576A;} .battle-log .chat em {padding:1px 4px 1px 3px;color:#000000;font-style:normal;} .chat.mine {background:rgba(0,0,0,0.05);margin-left:-8px;margin-right:-8px;padding-left:8px;padding-right:8px;} .spoiler {color:#BBBBBB;background:#BBBBBB;padding:0px 3px;} .spoiler:hover, .spoiler:active, .spoiler-shown {color:#000000;background:#E2E2E2;padding:0px 3px;} .spoiler a {color:#BBBBBB;} .spoiler:hover a, .spoiler:active a, .spoiler-shown a {color:#2288CC;} .chat code, .chat .spoiler:hover code, .chat .spoiler:active code, .chat .spoiler-shown code {border:1px solid #C0C0C0;background:#EEEEEE;color:black;padding:0 2px;} .chat .spoiler code {border:1px solid #CCCCCC;background:#CCCCCC;color:#CCCCCC;} .battle-log .rated {padding:3px 4px;} .battle-log .rated strong {color:white;background:#89A;padding:1px 4px;border-radius:4px;} .spacer {margin-top:0.5em;} .message-announce {background:#6688AA;color:white;padding:1px 4px 2px;} .message-announce a, .broadcast-green a, .broadcast-blue a, .broadcast-red a {color:#DDEEFF;} .broadcast-green {background-color:#559955;color:white;padding:2px 4px;} .broadcast-blue {background-color:#6688AA;color:white;padding:2px 4px;} .infobox {border:1px solid #6688AA;padding:2px 4px;} .infobox-limited {max-height:200px;overflow:auto;overflow-x:hidden;} .broadcast-red {background-color:#AA5544;color:white;padding:2px 4px;} .message-learn-canlearn {font-weight:bold;color:#228822;text-decoration:underline;} .message-learn-cannotlearn {font-weight:bold;color:#CC2222;text-decoration:underline;} .message-effect-weak {font-weight:bold;color:#CC2222;} .message-effect-resist {font-weight:bold;color:#6688AA;} .message-effect-immune {font-weight:bold;color:#666666;} .message-learn-list {margin-top:0;margin-bottom:0;} .message-throttle-notice, .message-error {color:#992222;} .message-overflow, .chat small.message-overflow {font-size:0pt;} .message-overflow::before {font-size:9pt;content:'...';} .subtle {color:#3A4A66;}
</style>
<div class="wrapper replay-wrapper" style="max-width:1180px;margin:0 auto">
<input type="hidden" name="replayid" value="uu-587663277" />
<div class="battle"></div><div class="battle-log"></div><div class="replay-controls"></div><div class="replay-controls-2"></div>
<h1 style="font-weight:normal;text-align:center"><strong>UU</strong><br /><a href="http://pokemonshowdown.com/users/ricememe" class="subtle" target="_blank">Ricememe</a> vs. <a href="http://pokemonshowdown.com/users/alister221570" class="subtle" target="_blank">Alister221570</a></h1>
<script type="text/plain" class="battle-log-data">|j|Ricememe
|j|Alister221570
|player|p1|Ricememe|253
|teamsize|p1|6
|player|p2|Alister221570|101
|teamsize|p2|6
|gametype|singles
|gen|6
|tier|UU
|rated
|seed|37448,17474,62863,25681
|rule|Sleep Clause Mod: Limit one foe put to sleep
|rule|Species Clause: Limit one of each Pokémon
|rule|OHKO Clause: OHKO moves are banned
|rule|Moody Clause: Moody is banned
|rule|Evasion Moves Clause: Evasion moves are banned
|rule|Endless Battle Clause: Forcing endless battles is banned
|rule|HP Percentage Mod: HP is shown in percentages
|clearpoke
|poke|p1|Aerodactyl, M|item
|poke|p1|Heracross, M|item
|poke|p1|Crawdaunt, M|item
|poke|p1|Krookodile, F|item
|poke|p1|Entei, shiny|item
|poke|p1|Snorlax, M|item
|poke|p2|Arcanine, F|item
|poke|p2|Milotic, F|item
|poke|p2|Heliolisk, F|item
|poke|p2|Heracross, F|item
|poke|p2|Espeon, F|item
|poke|p2|Crobat, M|item
|rule|Swagger Clause: Swagger is banned
|rule|Baton Pass Clause: Limit one Baton Passer, can't pass Spe and other stats simultaneously
|teampreview
|choice|team 4, team 2, team 3, team 1, team 5, team 6|team 6, team 2, team 3, team 4, team 5, team 1
|
|start
|switch|p1a: Garchomp-Mega X|Krookodile, F|331\/331
|switch|p2a: Crobat|Crobat, M|311\/311
|-ability|p1a: Garchomp-Mega X|Intimidate|boost
|-unboost|p2a: Crobat|atk|1
|turn|1
|choice|move knockoff|move uturn
|
|move|p2a: Crobat|U-turn|p1a: Garchomp-Mega X
|-supereffective|p1a: Garchomp-Mega X
|-damage|p1a: Garchomp-Mega X|198\/331
|-damage|p2a: Crobat|280\/311|[from] item: Life Orb
|choice||switch 6
|
|switch|p2a: Arcanine|Arcanine, F|383\/383
|move|p1a: Garchomp-Mega X|Knock Off|p2a: Arcanine
|-damage|p2a: Arcanine|76\/383
|-enditem|p2a: Arcanine|Power Herb|[from] move: Knock Off|[of] p1a: Garchomp-Mega X
|
|upkeep
|turn|2
|choice|switch 6|move closecombat
|
|switch|p1a: kim|Snorlax, M|461\/461
|move|p2a: Arcanine|Close Combat|p1a: kim
|-supereffective|p1a: kim
|-damage|p1a: kim|79\/461
|-unboost|p2a: Arcanine|def|1
|-unboost|p2a: Arcanine|spd|1
|
|upkeep
|turn|3
|choice|move frustration|move extremespeed
|
|move|p2a: Arcanine|Extreme Speed|p1a: kim
|-damage|p1a: kim|0 fnt
|faint|p1a: kim
|
|upkeep
|choice|switch 5|
|
|switch|p1a: doge|Entei, shiny|371\/371
|-ability|p1a: doge|Pressure
|turn|4
|choice|move extremespeed|move extremespeed
|
|move|p1a: doge|Extreme Speed|p2a: Arcanine
|-damage|p2a: Arcanine|0 fnt
|faint|p2a: Arcanine
|
|upkeep
|choice||switch 3
|
|switch|p2a: Heliolisk|Heliolisk, F|265\/265
|turn|5
|inactive|Battle timer is ON: inactive players will automatically lose when time's up. (requested by Ricememe)
|choice|move extremespeed|move surf
|
|move|p1a: doge|Extreme Speed|p2a: Heliolisk
|-damage|p2a: Heliolisk|31\/265
|move|p2a: Heliolisk|Surf|p1a: doge
|-supereffective|p1a: doge
|-damage|p1a: doge|9\/371
|
|upkeep
|turn|6
|choice|move extremespeed|switch 4
|
|switch|p2a: Heracross|Heracross, F|301\/301
|move|p1a: doge|Extreme Speed|p2a: Heracross
|-damage|p2a: Heracross|108\/301
|
|upkeep
|turn|7
|choice|move extremespeed|move knockoff
|
|move|p1a: doge|Extreme Speed|p2a: Heracross
|-damage|p2a: Heracross|0 fnt
|faint|p2a: Heracross
|
|upkeep
|choice||switch 6
|
|switch|p2a: Crobat|Crobat, M|280\/311
|turn|8
|choice|move extremespeed|move uturn
|
|move|p1a: doge|Extreme Speed|p2a: Crobat
|-damage|p2a: Crobat|105\/311
|move|p2a: Crobat|U-turn|p1a: doge
|-resisted|p1a: doge
|-damage|p1a: doge|0 fnt
|-damage|p2a: Crobat|74\/311|[from] item: Life Orb
|faint|p1a: doge
|choice||switch 5
|
|switch|p2a: Espeon|Espeon, F|271\/271
|
|upkeep
|choice|switch 4|
|
|switch|p1a: j cole|Aerodactyl, M|301\/301
|turn|9
|choice|move aerialace mega|move grassknot
|
|detailschange|p1a: j cole|Aerodactyl-Mega, M
|-mega|p1a: j cole|Aerodactyl|Aerodactylite
|move|p1a: j cole|Aerial Ace|p2a: Espeon
|-damage|p2a: Espeon|45\/271
|move|p2a: Espeon|Grass Knot|p1a: j cole
|-damage|p1a: j cole|204\/301
|
|upkeep
|turn|10
|choice|move aerialace|move hypervoice
|
|move|p1a: j cole|Aerial Ace|p2a: Espeon
|-damage|p2a: Espeon|0 fnt
|faint|p2a: Espeon
|
|upkeep
|choice||switch 5
|
|switch|p2a: Crobat|Crobat, M|74\/311
|turn|11
|choice|move aerialace|move pursuit
|
|move|p1a: j cole|Aerial Ace|p2a: Crobat
|-damage|p2a: Crobat|0 fnt
|faint|p2a: Crobat
|
|upkeep
|choice||switch 4
|
|switch|p2a: Heliolisk|Heliolisk, F|31\/265
|turn|12
|choice|move aerialace|move voltswitch
|
|move|p1a: j cole|Aerial Ace|p2a: Heliolisk
|-resisted|p2a: Heliolisk
|-damage|p2a: Heliolisk|0 fnt
|faint|p2a: Heliolisk
|
|upkeep
|choice||switch 2
|
|switch|p2a: Milotic|Milotic, F|394\/394
|turn|13
|choice|move aerialace|move scald
|
|move|p1a: j cole|Aerial Ace|p2a: Milotic
|-damage|p2a: Milotic|217\/394
|move|p2a: Milotic|Scald|p1a: j cole
|-supereffective|p1a: j cole
|-damage|p1a: j cole|12\/301
|
|-heal|p2a: Milotic|241\/394|[from] item: Leftovers
|upkeep
|turn|14
|choice|move aerialace|move scald
|
|move|p1a: j cole|Aerial Ace|p2a: Milotic
|-crit|p2a: Milotic
|-damage|p2a: Milotic|0 fnt
|faint|p2a: Milotic
|
|win|Ricememe
|l|Alister221570
|raw|Ricememe's rating: 1422 &rarr; <strong>1428<\/strong><br \/>(+6 for winning)
|raw|Alister221570's rating: 1123 &rarr; <strong>1115<\/strong><br \/>(-8 for losing)
|c|☆Ricememe|gg</script>
</div>
<div class="battle-log battle-log-inline"><div class="inner"><div class="battle-options"></div><div class="inner"><div class="chat"><small>Ricememe joined.</small></div><div class="chat"><small>Alister221570 joined.</small></div><div class=""><small>Format:</small> <br><strong>UU</strong></div><div class="rated"><strong>Rated battle</strong></div><div class=""><small><em>Sleep Clause Mod:</em> Limit one foe put to sleep</small></div><div class=""><small><em>Species Clause:</em> Limit one of each Pokémon</small></div><div class=""><small><em>OHKO Clause:</em> OHKO moves are banned</small></div><div class=""><small><em>Moody Clause:</em> Moody is banned</small></div><div class=""><small><em>Evasion Moves Clause:</em> Evasion moves are banned</small></div><div class=""><small><em>Endless Battle Clause:</em> Forcing endless battles is banned</small></div><div class=""><small><em>HP Percentage Mod:</em> HP is shown in percentages</small></div><div class=""><small><em>Swagger Clause:</em> Swagger is banned</small></div><div class=""><small><em>Baton Pass Clause:</em> Limit one Baton Passer, can't pass Spe and other stats simultaneously</small></div><div class="chat battle-history"><strong>Ricememe's team:</strong> <em style="color:#445566;display:block;">Aerodactyl / Heracross / Crawdaunt / Krookodile / Entei / Snorlax</em></div><div class="chat battle-history"><strong>Alister221570's team:</strong> <em style="color:#445566;display:block;">Arcanine / Milotic / Heliolisk / Heracross / Espeon / Crobat</em></div><div class="spacer battle-history"><br></div><div class="battle-history">Battle started between Ricememe and Alister221570!<br></div><div class="spacer battle-history"><br></div><div class="battle-history">Go! Garchomp-Mega X (<strong>Krookodile</strong>)!<br></div><div class="spacer battle-history"><br></div><div class="battle-history">Alister221570 sent out <strong>Crobat</strong>!<br></div><div class="battle-history"><small>[Garchomp-Mega X's Intimidate]</small><br></div><div class="battle-history"><small>The opposing Crobat's Attack fell!</small><br></div><div class="spacer battle-history"><br></div><h2 class="battle-history">Turn 1</h2><div class="spacer battle-history"><br></div><div class="battle-history">The opposing Crobat used <strong>U-turn</strong>!<br></div><div class="battle-history"><small>It's super effective!</small><br></div><div class="battle-history"><small>(Garchomp-Mega X lost <abbr title="−133/331">40.2%</abbr> of its health!)</small><br></div><div class="battle-history"><small>The opposing Crobat lost some of its HP!</small><br></div><div class="spacer battle-history"><br></div><div class="battle-history">The opposing Crobat went back to Alister221570!<br></div><div class="battle-history">Alister221570 sent out <strong>Arcanine</strong>!<br></div><div class="spacer battle-history"><br></div><div class="battle-history">Garchomp-Mega X used <strong>Knock Off</strong>!<br></div><div class="battle-history"><small>(The opposing Arcanine lost <abbr title="−307/383">80.2%</abbr> of its health!)</small><br></div><div class="battle-history"><small>Garchomp-Mega X knocked off the opposing Arcanine's Power Herb!</small><br></div><div class="spacer battle-history"><br></div><h2 class="battle-history">Turn 2</h2><div class="spacer battle-history"><br></div><div class="battle-history">Garchomp-Mega X, come back!<br></div><div class="battle-history">Go! kim (<strong>Snorlax</strong>)!<br></div><div class="spacer battle-history"><br></div><div class="battle-history">The opposing Arcanine used <strong>Close Combat</strong>!<br></div><div class="battle-history"><small>It's super effective!</small><br></div><div class="battle-history"><small>(kim lost <abbr title="−382/461">82.9%</abbr> of its health!)</small><br></div><div class="battle-history"><small>The opposing Arcanine's Defense fell!</small><br></div><div class="battle-history"><small>The opposing Arcanine's Special Defense fell!</small><br></div><div class="spacer battle-history"><br></div><h2 class="battle-history">Turn 3</h2><div class="spacer battle-history"><br></div><div class="battle-history">The opposing Arcanine used <strong>Extreme Speed</strong>!<br></div><div class="battle-history"><small>(kim lost <abbr title="−79/461">17.1%</abbr> of its health!)</small><br></div><div class="spacer battle-history"><br></div><div class="battle-history">kim fainted!<br></div><div class="spacer battle-history"><br></div><div class="battle-history">Go! doge (<strong>Entei</strong>)!<br></div><div class="battle-history"><small>[doge's Pressure]</small><br><small>doge is exerting its pressure!</small><br></div><div class="spacer battle-history"><br></div><h2 class="battle-history">Turn 4</h2><div class="spacer battle-history"><br></div><div class="battle-history">doge used <strong>Extreme Speed</strong>!<br></div><div class="battle-history"><small>(The opposing Arcanine lost <abbr title="−76/383">19.8%</abbr> of its health!)</small><br></div><div class="spacer battle-history"><br></div><div class="battle-history">The opposing Arcanine fainted!<br></div><div class="spacer battle-history"><br></div><div class="battle-history">Alister221570 sent out <strong>Heliolisk</strong>!<br></div><div class="spacer battle-history"><br></div><h2 class="battle-history">Turn 5</h2><div class="chat message-error">Battle timer is ON: inactive players will automatically lose when time's up. (requested by Ricememe)</div><div class="spacer battle-history"><br></div><div class="battle-history">doge used <strong>Extreme Speed</strong>!<br></div><div class="battle-history"><small>(The opposing Heliolisk lost <abbr title="−234/265">88.3%</abbr> of its health!)</small><br></div><div class="spacer battle-history"><br></div><div class="battle-history">The opposing Heliolisk used <strong>Surf</strong>!<br></div><div class="battle-history"><small>It's super effective!</small><br></div><div class="battle-history"><small>(doge lost <abbr title="−362/371">97.6%</abbr> of its health!)</small><br></div><div class="spacer battle-history"><br></div><h2 class="battle-history">Turn 6</h2><div class="spacer battle-history"><br></div><div class="battle-history">Alister221570 withdrew Heliolisk!<br></div><div class="battle-history">Alister221570 sent out <strong>Heracross</strong>!<br></div><div class="spacer battle-history"><br></div><div class="battle-history">doge used <strong>Extreme Speed</strong>!<br></div><div class="battle-history"><small>(The opposing Heracross lost <abbr title="−193/301">64.1%</abbr> of its health!)</small><br></div><div class="spacer battle-history"><br></div><h2 class="battle-history">Turn 7</h2><div class="spacer battle-history"><br></div><div class="battle-history">doge used <strong>Extreme Speed</strong>!<br></div><div class="battle-history"><small>(The opposing Heracross lost <abbr title="−108/301">35.9%</abbr> of its health!)</small><br></div><div class="spacer battle-history"><br></div><div class="battle-history">The opposing Heracross fainted!<br></div><div class="spacer battle-history"><br></div><div class="battle-history">Alister221570 sent out <strong>Crobat</strong>!<br></div><div class="spacer battle-history"><br></div><h2 class="battle-history">Turn 8</h2><div class="spacer battle-history"><br></div><div class="battle-history">doge used <strong>Extreme Speed</strong>!<br></div><div class="battle-history"><small>(The opposing Crobat lost <abbr title="−175/311">56.3%</abbr> of its health!)</small><br></div><div class="spacer battle-history"><br></div><div class="battle-history">The opposing Crobat used <strong>U-turn</strong>!<br></div><div class="battle-history"><small>It's not very effective...</small><br></div><div class="battle-history"><small>(doge lost <abbr title="−9/371">2.4%</abbr> of its health!)</small><br></div><div class="battle-history"><small>The opposing Crobat lost some of its HP!</small><br></div><div class="spacer battle-history"><br></div><div class="battle-history">doge fainted!<br></div><div class="spacer battle-history"><br></div><div class="battle-history">The opposing Crobat went back to Alister221570!<br></div><div class="battle-history">Alister221570 sent out <strong>Espeon</strong>!<br></div><div class="spacer battle-history"><br></div><div class="battle-history">Go! j cole (<strong>Aerodactyl</strong>)!<br></div><div class="spacer battle-history"><br></div><h2 class="battle-history">Turn 9</h2><div class="spacer battle-history"><br></div><div class="battle-history"><small>j cole's Aerodactylite is reacting to Ricememe's Mega Bracelet!</small><br>j cole has Mega Evolved into Mega Aerodactyl!<br></div><div class="spacer battle-history"><br></div><div class="battle-history">j cole used <strong>Aerial Ace</strong>!<br></div><div class="battle-history"><small>(The opposing Espeon lost <abbr title="−226/271">83.4%</abbr> of its health!)</small><br></div><div class="spacer battle-history"><br></div><div class="battle-history">The opposing Espeon used <strong>Grass Knot</strong>!<br></div><div class="battle-history"><small>(j cole lost <abbr title="−97/301">32.2%</abbr> of its health!)</small><br></div><div class="spacer battle-history"><br></div><h2 class="battle-history">Turn 10</h2><div class="spacer battle-history"><br></div><div class="battle-history">j cole used <strong>Aerial Ace</strong>!<br></div><div class="battle-history"><small>(The opposing Espeon lost <abbr title="−45/271">16.6%</abbr> of its health!)</small><br></div><div class="spacer battle-history"><br></div><div class="battle-history">The opposing Espeon fainted!<br></div><div class="spacer battle-history"><br></div><div class="battle-history">Alister221570 sent out <strong>Crobat</strong>!<br></div><div class="spacer battle-history"><br></div><h2 class="battle-history">Turn 11</h2><div class="spacer battle-history"><br></div><div class="battle-history">j cole used <strong>Aerial Ace</strong>!<br></div><div class="battle-history"><small>(The opposing Crobat lost <abbr title="−74/311">23.8%</abbr> of its health!)</small><br></div><div class="spacer battle-history"><br></div><div class="battle-history">The opposing Crobat fainted!<br></div><div class="spacer battle-history"><br></div><div class="battle-history">Alister221570 sent out <strong>Heliolisk</strong>!<br></div><div class="spacer battle-history"><br></div><h2 class="battle-history">Turn 12</h2><div class="spacer battle-history"><br></div><div class="battle-history">j cole used <strong>Aerial Ace</strong>!<br></div><div class="battle-history"><small>It's not very effective...</small><br></div><div class="battle-history"><small>(The opposing Heliolisk lost <abbr title="−31/265">11.7%</abbr> of its health!)</small><br></div><div class="spacer battle-history"><br></div><div class="battle-history">The opposing Heliolisk fainted!<br></div><div class="spacer battle-history"><br></div><div class="battle-history">Alister221570 sent out <strong>Milotic</strong>!<br></div><div class="spacer battle-history"><br></div><h2 class="battle-history">Turn 13</h2><div class="spacer battle-history"><br></div><div class="battle-history">j cole used <strong>Aerial Ace</strong>!<br></div><div class="battle-history"><small>(The opposing Milotic lost <abbr title="−177/394">44.9%</abbr> of its health!)</small><br></div><div class="spacer battle-history"><br></div><div class="battle-history">The opposing Milotic used <strong>Scald</strong>!<br></div><div class="battle-history"><small>It's super effective!</small><br></div><div class="battle-history"><small>(j cole lost <abbr title="−192/301">63.8%</abbr> of its health!)</small><br></div><div class="spacer battle-history"><br></div><div class="battle-history"><small>The opposing Milotic restored a little HP using its Leftovers!</small><br></div><div class="spacer battle-history"><br></div><h2 class="battle-history">Turn 14</h2><div class="spacer battle-history"><br></div><div class="battle-history">j cole used <strong>Aerial Ace</strong>!<br></div><div class="battle-history"><small>A critical hit!</small><br></div><div class="battle-history"><small>(The opposing Milotic lost <abbr title="−241/394">61.2%</abbr> of its health!)</small><br></div><div class="spacer battle-history"><br></div><div class="battle-history">The opposing Milotic fainted!<br></div><div class="spacer battle-history"><br></div><div class="battle-history"><strong>Ricememe</strong> won the battle!<br></div><div class="chat"><small>Alister221570 left.</small></div><div class="chat">Ricememe's rating: 1422 → <strong>1428</strong><br>(+6 for winning)</div><div class="chat">Alister221570's rating: 1123 → <strong>1115</strong><br>(-8 for losing)</div><div class="chat chatmessage-ricememe"><strong style="color:hsl(94,85%,30%)"><small>☆</small><span class="username" data-name="Ricememe">Ricememe</span>:</strong> <em>gg</em></div></div><div class="inner-preempt"></div></div></div>
</div>
<script>
let daily = Math.floor(Date.now()/1000/60/60/24);document.write('<script src="https://play.pokemonshowdown.com/js/replay-embed.js?version'+daily+'"></'+'script>');
</script>
