<!DOCTYPE html>
<meta charset="utf-8" />
<!-- version 1 -->
<title>UU replay: Soupe Ultime vs. Hublibubs</title>
<style>
html,body {font-family:Verdana, sans-serif;font-size:10pt;margin:0;padding:0;}body{padding:12px 0;} .battle-log {font-family:Verdana, sans-serif;font-size:10pt;} .battle-log-inline {border:1px solid #AAAAAA;background:#EEF2F5;color:black;max-width:640px;margin:0 auto 80px;padding-bottom:5px;} .battle-log .inner {padding:4px 8px 0px 8px;} .battle-log .inner-preempt {padding:0 8px 4px 8px;} .battle-log .inner-after {margin-top:0.5em;} .battle-log h2 {margin:0.5em -8px;padding:4px 8px;border:1px solid #AAAAAA;background:#E0E7EA;border-left:0;border-right:0;font-family:Verdana, sans-serif;font-size:13pt;} .battle-log .chat {vertical-align:middle;padding:3px 0 3px 0;font-size:8pt;} .battle-log .chat strong {color:#40576A;} .battle-log .chat em {padding:1px 4px 1px 3px;color:#000000;font-style:normal;} .chat.mine {background:rgba(0,0,0,0.05);margin-left:-8px;margin-right:-8px;padding-left:8px;padding-right:8px;} .spoiler {color:#BBBBBB;background:#BBBBBB;padding:0px 3px;} .spoiler:hover, .spoiler:active, .spoiler-shown {color:#000000;background:#E2E2E2;padding:0px 3px;} .spoiler a {color:#BBBBBB;} .spoiler:hover a, .spoiler:active a, .spoiler-shown a {color:#2288CC;} .chat code, .chat .spoiler:hover code, .chat .spoiler:active code, .chat .spoiler-shown code {border:1px solid #C0C0C0;background:#EEEEEE;color:black;padding:0 2px;} .chat .spoiler code {border:1px solid #CCCCCC;background:#CCCCCC;color:#CCCCCC;} .battle-log .rated {padding:3px 4px;} .battle-log .rated strong {color:white;background:#89A;padding:1px 4px;border-radius:4px;} .spacer {margin-top:0.5em;} .message-announce {background:#6688AA;color:white;padding:1px 4px 2px;} .message-announce a, .broadcast-green a, .broadcast-blue a, .broadcast-red a {color:#DDEEFF;} .broadcast-green {background-color:#559955;color:white;padding:2px 4px;} .broadcast-blue {background-color:#6688AA;color:white;padding:2px 4px;} .infobox {border:1px solid #6688AA;padding:2px 4px;} .infobox-limited {max-height:200px;overflow:auto;overflow-x:hidden;} .broadcast-red {background-color:#AA5544;color:white;padding:2px 4px;} .message-learn-canlearn {font-weight:bold;color:#228822;text-decoration:underline;} .message-learn-cannotlearn {font-weight:bold;color:#CC2222;text-decoration:underline;} .message-effect-weak {font-weight:bold;color:#CC2222;} .message-effect-resist {font-weight:bold;color:#6688AA;} .message-effect-immune {font-weight:bold;color:#666666;} .message-learn-list {margin-top:0;margin-bottom:0;} .message-throttle-notice, .message-error {color:#992222;} .message-overflow, .chat small.message-overflow {font-size:0pt;} .message-overflow::before {font-size:9pt;content:'...';} .subtle {color:#3A4A66;}
</style>
<div class="wrapper replay-wrapper" style="max-width:1180px;margin:0 auto">
<input type="hidden" name="replayid" value="uu-588496330" />
<div class="battle"></div><div class="battle-log"></div><div class="replay-controls"></div><div class="replay-controls-2"></div>
<h1 style="font-weight:normal;text-align:center"><strong>UU</strong><br /><a href="http://pokemonshowdown.com/users/soupeultime" class="subtle" target="_blank">Soupe Ultime</a> vs. <a href="http://pokemonshowdown.com/users/hublibubs" class="subtle" target="_blank">Hublibubs</a></h1>
<script type="text/plain" class="battle-log-data">|j|Soupe Ultime
|j|Hublibubs
|player|p1|Soupe Ultime|163
|teamsize|p1|6
|player|p2|Hublibubs|162
|teamsize|p2|6
|gametype|singles
|gen|6
|tier|UU
|rated
|seed|3058,4845,51603,42908
|rule|Sleep Clause Mod: Limit one foe put to sleep
|rule|Species Clause: Limit one of each Pokémon
|rule|OHKO Clause: OHKO moves are banned
|rule|Moody Clause: Moody is banned
|rule|Evasion Moves Clause: Evasion moves are banned
|rule|Endless Battle Clause: Forcing endless battles is banned
|rule|HP Percentage Mod: HP is shown in percentages
|clearpoke
|poke|p1|Florges-White, F|item
|poke|p1|Aggron, M|item
|poke|p1|Chandelure, M|item
|poke|p1|Crawdaunt, F|item
|poke|p1|Crobat, F|item
|poke|p1|Haxorus, M|item
|poke|p2|Celebi|item
|poke|p2|Crobat, F|item
|poke|p2|Aggron, F|item
|poke|p2|Blissey, F|item
|poke|p2|Alomomola, M|item
|poke|p2|Krookodile, F|item
|rule|Swagger Clause: Swagger is banned
|rule|Baton Pass Clause: Limit one Baton Passer, can't pass Spe and other stats simultaneously
|teampreview
|choice|team 2, team 1, team 3, team 4, team 5, team 6|team 6, team 2, team 3, team 4, team 5, team 1
|
|start
|switch|p1a: Aggron|Aggron, M|344\/344
|switch|p2a: Krookodile|Krookodile, F|331\/331
|-ability|p2a: Krookodile|Intimidate|boost
|-unboost|p1a: Aggron|atk|1
|turn|1
|inactive|Battle timer is ON: inactive players will automatically lose when time's up. (requested by Soupe Ultime)
|choice|move stealthrock mega|move earthquake
|
|detailschange|p1a: Aggron|Aggron-Mega, M
|-mega|p1a: Aggron|Aggron|Aggronite
|move|p2a: Krookodile|Earthquake|p1a: Aggron
|-supereffective|p1a: Aggron
|-damage|p1a: Aggron|167\/344
|move|p1a: Aggron|Stealth Rock|p2a: Krookodile
|-sidestart|p2: Hublibubs|move: Stealth Rock
|
|upkeep
|turn|2
|choice|move toxic|move earthquake
|
|move|p2a: Krookodile|Earthquake|p1a: Aggron
|-supereffective|p1a: Aggron
|-crit|p1a: Aggron
|-damage|p1a: Aggron|0 fnt
|faint|p1a: Aggron
|
|upkeep
|choice|switch 2|
|
|switch|p1a: Florges|Florges-White, F|360\/360
|turn|3
|choice|move moonblast|move earthquake
|
|move|p2a: Krookodile|Earthquake|p1a: Florges
|-damage|p1a: Florges|143\/360
|move|p1a: Florges|Moonblast|p2a: Krookodile
|-supereffective|p2a: Krookodile
|-damage|p2a: Krookodile|1\/331
|-unboost|p2a: Krookodile|spa|1
|
|-heal|p1a: Florges|165\/360|[from] item: Leftovers
|upkeep
|turn|4
|choice|switch 5|move earthquake
|
|switch|p1a: Crobat|Crobat, F|374\/374
|move|p2a: Krookodile|Earthquake|p1a: Crobat
|-immune|p1a: Crobat|[msg]
|
|upkeep
|turn|5
|c|☆Hublibubs|o.o
|choice|move bravebird|move earthquake
|
|move|p1a: Crobat|Brave Bird|p2a: Krookodile
|-crit|p2a: Krookodile
|-damage|p2a: Krookodile|0 fnt
|-damage|p1a: Crobat|373\/374|[from] Recoil|[of] p2a: Krookodile
|faint|p2a: Krookodile
|
|-heal|p1a: Crobat|374\/374|[from] item: Black Sludge
|upkeep
|choice||switch 3
|
|switch|p2a: Aggron|Aggron, F|344\/344
|-damage|p2a: Aggron|323\/344|[from] Stealth Rock
|turn|6
|choice|move taunt|move heavyslam mega
|
|detailschange|p2a: Aggron|Aggron-Mega, F
|-mega|p2a: Aggron|Aggron|Aggronite
|move|p1a: Crobat|Taunt|p2a: Aggron
|-start|p2a: Aggron|move: Taunt
|move|p2a: Aggron|Heavy Slam|p1a: Crobat
|-damage|p1a: Crobat|151\/374
|
|-heal|p1a: Crobat|174\/374|[from] item: Black Sludge
|upkeep
|turn|7
|choice|switch 3|move heavyslam
|
|switch|p1a: Chandelure|Chandelure, M|261\/261
|move|p2a: Aggron|Heavy Slam|p1a: Chandelure
|-resisted|p1a: Chandelure
|-damage|p1a: Chandelure|167\/261
|
|upkeep
|turn|8
|choice|move fireblast|move heavyslam
|
|move|p1a: Chandelure|Fire Blast|p2a: Aggron
|-supereffective|p2a: Aggron
|-damage|p2a: Aggron|13\/344
|move|p2a: Aggron|Heavy Slam|p1a: Chandelure
|-resisted|p1a: Chandelure
|-damage|p1a: Chandelure|57\/261
|
|-end|p2a: Aggron|move: Taunt
|upkeep
|turn|9
|choice|move fireblast|move stealthrock
|
|move|p1a: Chandelure|Fire Blast|p2a: Aggron
|-supereffective|p2a: Aggron
|-damage|p2a: Aggron|0 fnt
|faint|p2a: Aggron
|
|upkeep
|choice||switch 2
|
|switch|p2a: Crobat|Crobat, F|311\/311
|-damage|p2a: Crobat|234\/311|[from] Stealth Rock
|turn|10
|choice|move fireblast|move defog
|
|move|p1a: Chandelure|Fire Blast|p2a: Crobat
|-damage|p2a: Crobat|0 fnt
|faint|p2a: Crobat
|
|upkeep
|choice||switch 5
|
|switch|p2a: Alomomola|Alomomola, M|497\/497
|-damage|p2a: Alomomola|435\/497|[from] Stealth Rock
|turn|11
|c|☆Hublibubs|ahh choice scarf
|choice|switch 5|move scald
|
|switch|p1a: Florges|Florges-White, F|165\/360
|move|p2a: Alomomola|Scald|p1a: Florges
|-damage|p1a: Florges|132\/360
|
|-heal|p1a: Florges|154\/360|[from] item: Leftovers
|upkeep
|turn|12
|choice|move synthesis|move wish
|
|move|p1a: Florges|Synthesis|p1a: Florges
|-heal|p1a: Florges|334\/360
|move|p2a: Alomomola|Wish|p2a: Alomomola
|
|-heal|p1a: Florges|356\/360|[from] item: Leftovers
|upkeep
|turn|13
|c|☆Soupe Ultime|hue
|choice|move calmmind|move knockoff
|
|move|p1a: Florges|Calm Mind|p1a: Florges
|-boost|p1a: Florges|spa|1
|-boost|p1a: Florges|spd|1
|move|p2a: Alomomola|Knock Off|p1a: Florges
|-resisted|p1a: Florges
|-damage|p1a: Florges|332\/360
|-enditem|p1a: Florges|Leftovers|[from] move: Knock Off|[of] p2a: Alomomola
|
|-heal|p2a: Alomomola|497\/497|[from] move: Wish|[wisher] Alomomola
|upkeep
|turn|14
|choice|move calmmind|move toxic
|
|move|p1a: Florges|Calm Mind|p1a: Florges
|-boost|p1a: Florges|spa|1
|-boost|p1a: Florges|spd|1
|move|p2a: Alomomola|Toxic|p1a: Florges
|-status|p1a: Florges|tox
|
|-damage|p1a: Florges|310\/360 tox|[from] psn
|upkeep
|turn|15
|choice|move calmmind|move scald
|
|move|p1a: Florges|Calm Mind|p1a: Florges
|-boost|p1a: Florges|spa|1
|-boost|p1a: Florges|spd|1
|move|p2a: Alomomola|Scald|p1a: Florges
|-damage|p1a: Florges|295\/360 tox
|
|-damage|p1a: Florges|251\/360 tox|[from] psn
|upkeep
|turn|16
|choice|move aromatherapy|move scald
|
|move|p1a: Florges|Aromatherapy|p1a: Florges
|-activate|p1a: Florges|move: Aromatherapy
|-curestatus|p1a: Florges|tox|[msg]
|move|p2a: Alomomola|Scald|p1a: Florges
|-damage|p1a: Florges|236\/360
|-status|p1a: Florges|brn
|
|-damage|p1a: Florges|191\/360 brn|[from] brn
|upkeep
|turn|17
|choice|move synthesis|switch 4
|
|switch|p2a: Blissey|Blissey, F|652\/652
|-damage|p2a: Blissey|571\/652|[from] Stealth Rock
|move|p1a: Florges|Synthesis|p1a: Florges
|-heal|p1a: Florges|360\/360 brn
|
|-heal|p2a: Blissey|611\/652|[from] item: Leftovers
|-damage|p1a: Florges|315\/360 brn|[from] brn
|upkeep
|turn|18
|choice|move calmmind|move seismictoss
|
|move|p1a: Florges|Calm Mind|p1a: Florges
|-boost|p1a: Florges|spa|1
|-boost|p1a: Florges|spd|1
|move|p2a: Blissey|Seismic Toss|p1a: Florges
|-damage|p1a: Florges|215\/360 brn
|
|-heal|p2a: Blissey|651\/652|[from] item: Leftovers
|-damage|p1a: Florges|170\/360 brn|[from] brn
|upkeep
|turn|19
|choice|move synthesis|move seismictoss
|
|move|p1a: Florges|Synthesis|p1a: Florges
|-heal|p1a: Florges|350\/360 brn
|move|p2a: Blissey|Seismic Toss|p1a: Florges
|-damage|p1a: Florges|250\/360 brn
|
|-heal|p2a: Blissey|652\/652|[from] item: Leftovers
|-damage|p1a: Florges|205\/360 brn|[from] brn
|upkeep
|turn|20
|choice|move synthesis|move seismictoss
|
|move|p1a: Florges|Synthesis|p1a: Florges
|-heal|p1a: Florges|360\/360 brn
|move|p2a: Blissey|Seismic Toss|p1a: Florges
|-damage|p1a: Florges|260\/360 brn
|
|-damage|p1a: Florges|215\/360 brn|[from] brn
|upkeep
|turn|21
|choice|move aromatherapy|move seismictoss
|
|move|p1a: Florges|Aromatherapy|p1a: Florges
|-activate|p1a: Florges|move: Aromatherapy
|-curestatus|p1a: Florges|brn|[msg]
|move|p2a: Blissey|Seismic Toss|p1a: Florges
|-damage|p1a: Florges|115\/360
|
|upkeep
|turn|22
|choice|move synthesis|move seismictoss
|
|move|p1a: Florges|Synthesis|p1a: Florges
|-heal|p1a: Florges|295\/360
|move|p2a: Blissey|Seismic Toss|p1a: Florges
|-damage|p1a: Florges|195\/360
|
|upkeep
|turn|23
|choice|move synthesis|move seismictoss
|
|move|p1a: Florges|Synthesis|p1a: Florges
|-heal|p1a: Florges|360\/360
|move|p2a: Blissey|Seismic Toss|p1a: Florges
|-damage|p1a: Florges|260\/360
|
|upkeep
|turn|24
|choice|move calmmind|move seismictoss
|
|move|p1a: Florges|Calm Mind|p1a: Florges
|-boost|p1a: Florges|spa|1
|-boost|p1a: Florges|spd|1
|move|p2a: Blissey|Seismic Toss|p1a: Florges
|-damage|p1a: Florges|160\/360
|
|upkeep
|turn|25
|choice|move synthesis|move seismictoss
|
|move|p1a: Florges|Synthesis|p1a: Florges
|-heal|p1a: Florges|340\/360
|move|p2a: Blissey|Seismic Toss|p1a: Florges
|-damage|p1a: Florges|240\/360
|
|upkeep
|turn|26
|choice|move calmmind|move seismictoss
|
|move|p1a: Florges|Calm Mind|p1a: Florges
|-boost|p1a: Florges|spa|1
|-boost|p1a: Florges|spd|1
|move|p2a: Blissey|Seismic Toss|p1a: Florges
|-damage|p1a: Florges|140\/360
|
|upkeep
|turn|27
|choice|move synthesis|move seismictoss
|
|move|p1a: Florges|Synthesis|p1a: Florges
|-heal|p1a: Florges|320\/360
|move|p2a: Blissey|Seismic Toss|p1a: Florges
|-damage|p1a: Florges|220\/360
|
|upkeep
|turn|28
|choice|move moonblast|move wish
|
|move|p1a: Florges|Moonblast|p2a: Blissey
|-damage|p2a: Blissey|361\/652
|-unboost|p2a: Blissey|spa|1
|move|p2a: Blissey|Wish|p2a: Blissey
|
|-heal|p2a: Blissey|401\/652|[from] item: Leftovers
|upkeep
|turn|29
|choice|move moonblast|move seismictoss
|
|move|p1a: Florges|Moonblast|p2a: Blissey
|-damage|p2a: Blissey|80\/652
|move|p2a: Blissey|Seismic Toss|p1a: Florges
|-damage|p1a: Florges|120\/360
|
|-heal|p2a: Blissey|406\/652|[from] move: Wish|[wisher] Blissey
|-heal|p2a: Blissey|446\/652|[from] item: Leftovers
|upkeep
|turn|30
|choice|move moonblast|move wish
|
|move|p1a: Florges|Moonblast|p2a: Blissey
|-damage|p2a: Blissey|152\/652
|move|p2a: Blissey|Wish|p2a: Blissey
|
|-heal|p2a: Blissey|192\/652|[from] item: Leftovers
|upkeep
|turn|31
|choice|move moonblast|move protect
|
|move|p2a: Blissey|Protect|p2a: Blissey
|-singleturn|p2a: Blissey|Protect
|move|p1a: Florges|Moonblast|p2a: Blissey
|-activate|p2a: Blissey|move: Protect
|
|-heal|p2a: Blissey|518\/652|[from] move: Wish|[wisher] Blissey
|-heal|p2a: Blissey|558\/652|[from] item: Leftovers
|upkeep
|turn|32
|choice|move moonblast|move wish
|
|move|p1a: Florges|Moonblast|p2a: Blissey
|-damage|p2a: Blissey|234\/652
|move|p2a: Blissey|Wish|p2a: Blissey
|
|-heal|p2a: Blissey|274\/652|[from] item: Leftovers
|upkeep
|turn|33
|choice|move moonblast|move protect
|
|move|p2a: Blissey|Protect|p2a: Blissey
|-singleturn|p2a: Blissey|Protect
|move|p1a: Florges|Moonblast|p2a: Blissey
|-activate|p2a: Blissey|move: Protect
|
|-heal|p2a: Blissey|600\/652|[from] move: Wish|[wisher] Blissey
|-heal|p2a: Blissey|640\/652|[from] item: Leftovers
|upkeep
|turn|34
|choice|move moonblast|move seismictoss
|
|move|p1a: Florges|Moonblast|p2a: Blissey
|-damage|p2a: Blissey|312\/652
|move|p2a: Blissey|Seismic Toss|p1a: Florges
|-damage|p1a: Florges|20\/360
|
|-heal|p2a: Blissey|352\/652|[from] item: Leftovers
|upkeep
|turn|35
|choice|move moonblast|move wish
|
|move|p1a: Florges|Moonblast|p2a: Blissey
|-damage|p2a: Blissey|31\/652
|-unboost|p2a: Blissey|spa|1
|move|p2a: Blissey|Wish|p2a: Blissey
|
|-heal|p2a: Blissey|71\/652|[from] item: Leftovers
|upkeep
|turn|36
|choice|switch 6|move protect
|
|switch|p1a: Haxorus|Haxorus, M|293\/293
|-ability|p1a: Haxorus|Mold Breaker
|move|p2a: Blissey|Protect|p2a: Blissey
|-fail|p2a: Blissey
|
|-heal|p2a: Blissey|397\/652|[from] move: Wish|[wisher] Blissey
|-heal|p2a: Blissey|437\/652|[from] item: Leftovers
|upkeep
|turn|37
|choice|move dragondance|move seismictoss
|
|move|p1a: Haxorus|Dragon Dance|p1a: Haxorus
|-boost|p1a: Haxorus|atk|1
|-boost|p1a: Haxorus|spe|1
|move|p2a: Blissey|Seismic Toss|p1a: Haxorus
|-damage|p1a: Haxorus|193\/293
|
|-heal|p2a: Blissey|477\/652|[from] item: Leftovers
|upkeep
|turn|38
|choice|move dragondance|move seismictoss
|
|move|p1a: Haxorus|Dragon Dance|p1a: Haxorus
|-boost|p1a: Haxorus|atk|1
|-boost|p1a: Haxorus|spe|1
|move|p2a: Blissey|Seismic Toss|p1a: Haxorus
|-damage|p1a: Haxorus|93\/293
|
|-heal|p2a: Blissey|517\/652|[from] item: Leftovers
|upkeep
|turn|39
|choice|move dragonclaw|move seismictoss
|
|move|p1a: Haxorus|Dragon Claw|p2a: Blissey
|-damage|p2a: Blissey|0 fnt
|-damage|p1a: Haxorus|64\/293|[from] item: Life Orb
|faint|p2a: Blissey
|
|upkeep
|choice||switch 4
|
|switch|p2a: Alomomola|Alomomola, M|497\/497
|-damage|p2a: Alomomola|435\/497|[from] Stealth Rock
|turn|40
|choice|move dragonclaw|move wish
|
|move|p1a: Haxorus|Dragon Claw|p2a: Alomomola
|-damage|p2a: Alomomola|84\/497
|-damage|p1a: Haxorus|16\/293|[from] item: Rocky Helmet|[of] p2a: Alomomola
|-damage|p1a: Haxorus|0 fnt|[from] item: Life Orb
|faint|p1a: Haxorus
|move|p2a: Alomomola|Wish|p2a: Alomomola
|
|upkeep
|choice|switch 3|
|
|switch|p1a: Crobat|Crobat, F|174\/374
|turn|41
|choice|move defog|move knockoff
|
|move|p1a: Crobat|Defog|p2a: Alomomola
|-unboost|p2a: Alomomola|evasion|1
|-sideend|p2: Hublibubs|Stealth Rock|[from] move: Defog|[of] p2a: Alomomola
|move|p2a: Alomomola|Knock Off|p1a: Crobat
|-damage|p1a: Crobat|111\/374
|-enditem|p1a: Crobat|Black Sludge|[from] move: Knock Off|[of] p2a: Alomomola
|
|-heal|p2a: Alomomola|332\/497|[from] move: Wish|[wisher] Alomomola
|upkeep
|turn|42
|c|☆Hublibubs|ty lol
|choice|move roost|move wish
|
|move|p1a: Crobat|Roost|p1a: Crobat
|-heal|p1a: Crobat|298\/374
|move|p2a: Alomomola|Wish|p2a: Alomomola
|
|upkeep
|turn|43
|c|☆Soupe Ultime|Thought you were going to protect
|c|☆Soupe Ultime|Not like it matters
|choice|move roost|move scald
|
|move|p1a: Crobat|Roost|p1a: Crobat
|-heal|p1a: Crobat|374\/374
|move|p2a: Alomomola|Scald|p1a: Crobat
|-damage|p1a: Crobat|316\/374
|-status|p1a: Crobat|brn
|
|-heal|p2a: Alomomola|497\/497|[from] move: Wish|[wisher] Alomomola
|-damage|p1a: Crobat|270\/374 brn|[from] brn
|upkeep
|turn|44
|c|☆Hublibubs|u could've used taunt instead
|choice|move taunt|move scald
|
|move|p1a: Crobat|Taunt|p2a: Alomomola
|-start|p2a: Alomomola|move: Taunt
|move|p2a: Alomomola|Scald|p1a: Crobat
|-damage|p1a: Crobat|209\/374 brn
|
|-damage|p1a: Crobat|163\/374 brn|[from] brn
|upkeep
|turn|45
|c|☆Soupe Ultime|Myeah
|choice|switch 4|move scald
|
|switch|p1a: Crawdaunt|Crawdaunt, F|267\/267
|move|p2a: Alomomola|Scald|p1a: Crawdaunt
|-resisted|p1a: Crawdaunt
|-damage|p1a: Crawdaunt|233\/267
|-status|p1a: Crawdaunt|brn
|
|-damage|p1a: Crawdaunt|200\/267 brn|[from] brn
|upkeep
|turn|46
|choice|move swordsdance|move knockoff
|
|move|p1a: Crawdaunt|Swords Dance|p1a: Crawdaunt
|-boost|p1a: Crawdaunt|atk|2
|move|p2a: Alomomola|Knock Off|p1a: Crawdaunt
|-resisted|p1a: Crawdaunt
|-damage|p1a: Crawdaunt|169\/267 brn
|-enditem|p1a: Crawdaunt|Focus Sash|[from] move: Knock Off|[of] p2a: Alomomola
|
|-damage|p1a: Crawdaunt|136\/267 brn|[from] brn
|-end|p2a: Alomomola|move: Taunt
|upkeep
|turn|47
|c|☆Soupe Ultime|The haxx tho
|c|☆Hublibubs|true
|choice|move knockoff|move wish
|
|move|p1a: Crawdaunt|Knock Off|p2a: Alomomola
|-crit|p2a: Alomomola
|-damage|p2a: Alomomola|173\/497
|-damage|p1a: Crawdaunt|92\/267 brn|[from] item: Rocky Helmet|[of] p2a: Alomomola
|-enditem|p2a: Alomomola|Rocky Helmet|[from] move: Knock Off|[of] p1a: Crawdaunt
|move|p2a: Alomomola|Wish|p2a: Alomomola
|
|-damage|p1a: Crawdaunt|59\/267 brn|[from] brn
|upkeep
|turn|48
|choice|move knockoff|move scald
|
|move|p1a: Crawdaunt|Knock Off|p2a: Alomomola
|-damage|p2a: Alomomola|31\/497
|move|p2a: Alomomola|Scald|p1a: Crawdaunt
|-resisted|p1a: Crawdaunt
|-damage|p1a: Crawdaunt|25\/267 brn
|
|-heal|p2a: Alomomola|279\/497|[from] move: Wish|[wisher] Alomomola
|-damage|p1a: Crawdaunt|0 fnt|[from] brn
|upkeep
|faint|p1a: Crawdaunt
|choice|switch 6|
|
|switch|p1a: Florges|Florges-White, F|20\/360
|turn|49
|choice|move aromatherapy|move scald
|
|move|p1a: Florges|Aromatherapy|p1a: Florges
|-activate|p1a: Florges|move: Aromatherapy
|-curestatus|p1: Crobat|brn|[msg]
|move|p2a: Alomomola|Scald|p1a: Florges
|-damage|p1a: Florges|0 fnt
|faint|p1a: Florges
|
|upkeep
|choice|switch 4|
|
|switch|p1a: Crobat|Crobat, F|163\/374
|turn|50
|choice|move taunt|move wish
|
|move|p1a: Crobat|Taunt|p2a: Alomomola
|-start|p2a: Alomomola|move: Taunt
|cant|p2a: Alomomola|move: Taunt|Wish
|
|upkeep
|turn|51
|choice|move roost|move scald
|
|move|p1a: Crobat|Roost|p1a: Crobat
|-heal|p1a: Crobat|350\/374
|move|p2a: Alomomola|Scald|p1a: Crobat
|-damage|p1a: Crobat|290\/374
|-status|p1a: Crobat|brn
|
|-damage|p1a: Crobat|244\/374 brn|[from] brn
|upkeep
|turn|52
|choice|move bravebird|move scald
|
|move|p1a: Crobat|Brave Bird|p2a: Alomomola
|-damage|p2a: Alomomola|220\/497
|-damage|p1a: Crobat|225\/374 brn|[from] Recoil|[of] p2a: Alomomola
|move|p2a: Alomomola|Scald|p1a: Crobat
|-damage|p1a: Crobat|170\/374 brn
|
|-damage|p1a: Crobat|124\/374 brn|[from] brn
|-end|p2a: Alomomola|move: Taunt
|upkeep
|turn|53
|c|☆Soupe Ultime|Oh come on now
|c|☆Soupe Ultime|3 scalds 3 burns
|c|☆Hublibubs|and i never missed
|choice|move roost|move scald
|
|move|p1a: Crobat|Roost|p1a: Crobat
|-heal|p1a: Crobat|311\/374 brn
|move|p2a: Alomomola|Scald|p1a: Crobat
|-damage|p1a: Crobat|259\/374 brn
|
|-damage|p1a: Crobat|213\/374 brn|[from] brn
|upkeep
|turn|54
|choice|move taunt|move scald
|
|move|p1a: Crobat|Taunt|p2a: Alomomola
|-start|p2a: Alomomola|move: Taunt
|move|p2a: Alomomola|Scald|p1a: Crobat
|-damage|p1a: Crobat|159\/374 brn
|
|-damage|p1a: Crobat|113\/374 brn|[from] brn
|upkeep
|turn|55
|choice|move roost|move scald
|
|move|p1a: Crobat|Roost|p1a: Crobat
|-heal|p1a: Crobat|300\/374 brn
|move|p2a: Alomomola|Scald|p1a: Crobat
|-damage|p1a: Crobat|242\/374 brn
|
|-damage|p1a: Crobat|196\/374 brn|[from] brn
|upkeep
|turn|56
|choice|move roost|move scald
|
|move|p1a: Crobat|Roost|p1a: Crobat
|-heal|p1a: Crobat|374\/374 brn
|move|p2a: Alomomola|Scald|p1a: Crobat
|-damage|p1a: Crobat|320\/374 brn
|
|-damage|p1a: Crobat|274\/374 brn|[from] brn
|-end|p2a: Alomomola|move: Taunt
|upkeep
|turn|57
|choice|move taunt|move wish
|
|move|p1a: Crobat|Taunt|p2a: Alomomola
|-start|p2a: Alomomola|move: Taunt
|cant|p2a: Alomomola|move: Taunt|Wish
|
|-damage|p1a: Crobat|228\/374 brn|[from] brn
|upkeep
|turn|58
|choice|move bravebird|move scald
|
|move|p1a: Crobat|Brave Bird|p2a: Alomomola
|-damage|p2a: Alomomola|165\/497
|-damage|p1a: Crobat|210\/374 brn|[from] Recoil|[of] p2a: Alomomola
|move|p2a: Alomomola|Scald|p1a: Crobat
|-damage|p1a: Crobat|152\/374 brn
|
|-damage|p1a: Crobat|106\/374 brn|[from] brn
|upkeep
|turn|59
|choice|move roost|move scald
|
|move|p1a: Crobat|Roost|p1a: Crobat
|-heal|p1a: Crobat|293\/374 brn
|move|p2a: Alomomola|Scald|p1a: Crobat
|-damage|p1a: Crobat|239\/374 brn
|
|-damage|p1a: Crobat|193\/374 brn|[from] brn
|-end|p2a: Alomomola|move: Taunt
|upkeep
|turn|60
|choice|move taunt|move wish
|
|move|p1a: Crobat|Taunt|p2a: Alomomola
|-start|p2a: Alomomola|move: Taunt
|cant|p2a: Alomomola|move: Taunt|Wish
|
|-damage|p1a: Crobat|147\/374 brn|[from] brn
|upkeep
|turn|61
|choice|move roost|move scald
|
|move|p1a: Crobat|Roost|p1a: Crobat
|-heal|p1a: Crobat|334\/374 brn
|move|p2a: Alomomola|Scald|p1a: Crobat
|-damage|p1a: Crobat|280\/374 brn
|
|-damage|p1a: Crobat|234\/374 brn|[from] brn
|upkeep
|turn|62
|choice|move bravebird|move scald
|
|move|p1a: Crobat|Brave Bird|p2a: Alomomola
|-damage|p2a: Alomomola|112\/497
|-damage|p1a: Crobat|217\/374 brn|[from] Recoil|[of] p2a: Alomomola
|move|p2a: Alomomola|Scald|p1a: Crobat
|-damage|p1a: Crobat|156\/374 brn
|
|-damage|p1a: Crobat|110\/374 brn|[from] brn
|-end|p2a: Alomomola|move: Taunt
|upkeep
|turn|63
|choice|move taunt|move scald
|
|move|p1a: Crobat|Taunt|p2a: Alomomola
|-start|p2a: Alomomola|move: Taunt
|move|p2a: Alomomola|Scald|p1a: Crobat
|-damage|p1a: Crobat|55\/374 brn
|
|-damage|p1a: Crobat|9\/374 brn|[from] brn
|upkeep
|turn|64
|choice|move roost|move scald
|
|move|p1a: Crobat|Roost|p1a: Crobat
|-heal|p1a: Crobat|196\/374 brn
|move|p2a: Alomomola|Scald|p1a: Crobat
|-damage|p1a: Crobat|145\/374 brn
|
|-damage|p1a: Crobat|99\/374 brn|[from] brn
|upkeep
|turn|65
|c|☆Hublibubs|cmooon
|choice|move roost|move scald
|
|move|p1a: Crobat|Roost|p1a: Crobat
|-heal|p1a: Crobat|286\/374 brn
|move|p2a: Alomomola|Scald|p1a: Crobat
|-damage|p1a: Crobat|231\/374 brn
|
|-damage|p1a: Crobat|185\/374 brn|[from] brn
|-end|p2a: Alomomola|move: Taunt
|upkeep
|turn|66
|choice|move taunt|move wish
|
|move|p1a: Crobat|Taunt|p2a: Alomomola
|-start|p2a: Alomomola|move: Taunt
|cant|p2a: Alomomola|move: Taunt|Wish
|
|-damage|p1a: Crobat|139\/374 brn|[from] brn
|upkeep
|turn|67
|choice|move roost|move scald
|
|move|p1a: Crobat|Roost|p1a: Crobat
|-heal|p1a: Crobat|326\/374 brn
|move|p2a: Alomomola|Scald|p1a: Crobat
|-damage|p1a: Crobat|271\/374 brn
|
|-damage|p1a: Crobat|225\/374 brn|[from] brn
|upkeep
|turn|68
|choice|move roost|move scald
|
|move|p1a: Crobat|Roost|p1a: Crobat
|-heal|p1a: Crobat|374\/374 brn
|move|p2a: Alomomola|Scald|p1a: Crobat
|-damage|p1a: Crobat|314\/374 brn
|
|-damage|p1a: Crobat|268\/374 brn|[from] brn
|-end|p2a: Alomomola|move: Taunt
|upkeep
|turn|69
|choice|move taunt|move wish
|
|move|p1a: Crobat|Taunt|p2a: Alomomola
|-start|p2a: Alomomola|move: Taunt
|cant|p2a: Alomomola|move: Taunt|Wish
|
|-damage|p1a: Crobat|222\/374 brn|[from] brn
|upkeep
|turn|70
|choice|move bravebird|move scald
|
|move|p1a: Crobat|Brave Bird|p2a: Alomomola
|-damage|p2a: Alomomola|58\/497
|-damage|p1a: Crobat|204\/374 brn|[from] Recoil|[of] p2a: Alomomola
|move|p2a: Alomomola|Scald|p1a: Crobat
|-damage|p1a: Crobat|147\/374 brn
|
|-damage|p1a: Crobat|101\/374 brn|[from] brn
|upkeep
|turn|71
|choice|move roost|move knockoff
|
|move|p1a: Crobat|Roost|p1a: Crobat
|-heal|p1a: Crobat|288\/374 brn
|move|p2a: Alomomola|Knock Off|p1a: Crobat
|-damage|p1a: Crobat|244\/374 brn
|
|-damage|p1a: Crobat|198\/374 brn|[from] brn
|-end|p2a: Alomomola|move: Taunt
|upkeep
|turn|72
|choice|move taunt|move wish
|
|move|p1a: Crobat|Taunt|p2a: Alomomola
|-start|p2a: Alomomola|move: Taunt
|cant|p2a: Alomomola|move: Taunt|Wish
|
|-damage|p1a: Crobat|152\/374 brn|[from] brn
|upkeep
|turn|73
|choice|move roost|move knockoff
|
|move|p1a: Crobat|Roost|p1a: Crobat
|-heal|p1a: Crobat|339\/374 brn
|move|p2a: Alomomola|Knock Off|p1a: Crobat
|-damage|p1a: Crobat|295\/374 brn
|
|-damage|p1a: Crobat|249\/374 brn|[from] brn
|upkeep
|turn|74
|choice|move bravebird|move knockoff
|
|move|p1a: Crobat|Brave Bird|p2a: Alomomola
|-damage|p2a: Alomomola|8\/497
|-damage|p1a: Crobat|232\/374 brn|[from] Recoil|[of] p2a: Alomomola
|move|p2a: Alomomola|Knock Off|p1a: Crobat
|-damage|p1a: Crobat|188\/374 brn
|
|-damage|p1a: Crobat|142\/374 brn|[from] brn
|-end|p2a: Alomomola|move: Taunt
|upkeep
|turn|75
|choice|move bravebird|move knockoff
|
|move|p1a: Crobat|Brave Bird|p2a: Alomomola
|-damage|p2a: Alomomola|0 fnt
|-damage|p1a: Crobat|139\/374 brn|[from] Recoil|[of] p2a: Alomomola
|faint|p2a: Alomomola
|
|-damage|p1a: Crobat|93\/374 brn|[from] brn
|upkeep
|choice||switch 6
|
|switch|p2a: Celebi|Celebi|403\/403
|turn|76
|choice|move bravebird|move swordsdance
|
|move|p1a: Crobat|Brave Bird|p2a: Celebi
|-supereffective|p2a: Celebi
|-damage|p2a: Celebi|279\/403
|-damage|p1a: Crobat|52\/374 brn|[from] Recoil|[of] p2a: Celebi
|move|p2a: Celebi|Swords Dance|p2a: Celebi
|-boost|p2a: Celebi|atk|2
|
|-heal|p2a: Celebi|304\/403|[from] item: Leftovers
|-damage|p1a: Crobat|6\/374 brn|[from] brn
|upkeep
|turn|77
|choice|move bravebird|move recover
|
|move|p1a: Crobat|Brave Bird|p2a: Celebi
|-supereffective|p2a: Celebi
|-damage|p2a: Celebi|171\/403
|-damage|p1a: Crobat|0 fnt|[from] Recoil|[of] p2a: Celebi
|faint|p1a: Crobat
|move|p2a: Celebi|Recover|p2a: Celebi
|-heal|p2a: Celebi|373\/403
|
|-heal|p2a: Celebi|398\/403|[from] item: Leftovers
|upkeep
|choice|switch 5|
|
|switch|p1a: Chandelure|Chandelure, M|57\/261
|turn|78
|choice|move fireblast|move thunderwave
|
|move|p1a: Chandelure|Fire Blast|p2a: Celebi
|-supereffective|p2a: Celebi
|-damage|p2a: Celebi|0 fnt
|faint|p2a: Celebi
|
|win|Soupe Ultime
|c|☆Hublibubs|FCK
|c|☆Soupe Ultime|Finally
|c|☆Hublibubs|gg
|raw|Soupe Ultime's rating: 1156 &rarr; <strong>1175<\/strong><br \/>(+19 for winning)
|raw|Hublibubs's rating: 1073 &rarr; <strong>1057<\/strong><br \/>(-16 for losing)
|c|☆Soupe Ultime|gg
|c|☆Hublibubs|78 turns
|c|☆Hublibubs|o.o</script>
</div>
<div class="battle-log battle-log-inline"><div class="inner"><div class="battle-options"></div><div class="inner"><div class="chat"><small>Soupe Ultime joined.</small></div><div class="chat"><small>Hublibubs joined.</small></div><div class=""><small>Format:</small> <br><strong>UU</strong></div><div class="rated"><strong>Rated battle</strong></div><div class=""><small><em>Sleep Clause Mod:</em> Limit one foe put to sleep</small></div><div class=""><small><em>Species Clause:</em> Limit one of each Pokémon</small></div><div class=""><small><em>OHKO Clause:</em> OHKO moves are banned</small></div><div class=""><small><em>Moody Clause:</em> Moody is banned</small></div><div class=""><small><em>Evasion Moves Clause:</em> Evasion moves are banned</small></div><div class=""><small><em>Endless Battle Clause:</em> Forcing endless battles is banned</small></div><div class=""><small><em>HP Percentage Mod:</em> HP is shown in percentages</small></div><div class=""><small><em>Swagger Clause:</em> Swagger is banned</small></div><div class=""><small><em>Baton Pass Clause:</em> Limit one Baton Passer, can't pass Spe and other stats simultaneously</small></div><div class="chat battle-history"><strong>Soupe Ultime's team:</strong> <em style="color:#445566;display:block;">Florges-White / Aggron / Chandelure / Crawdaunt / Crobat / Haxorus</em></div><div class="chat battle-history"><strong>Hublibubs's team:</strong> <em style="color:#445566;display:block;">Celebi / Crobat / Aggron / Blissey / Alomomola / Krookodile</em></div><div class="spacer battle-history"><br></div><div class="battle-history">Battle started between Soupe Ultime and Hublibubs!<br></div><div class="spacer battle-history"><br></div><div class="battle-history">Go! <strong>Aggron</strong>!<br></div><div class="spacer battle-history"><br></div><div class="battle-history">Hublibubs sent out <strong>Krookodile</strong>!<br></div><div class="battle-history"><small>[The opposing Krookodile's Intimidate]</small><br></div><div class="battle-history"><small>Aggron's Attack fell!</small><br></div><div class="spacer battle-history"><br></div><h2 class="battle-history">Turn 1</h2><div class="chat message-error">Battle timer is ON: inactive players will automatically lose when time's up. (requested by Soupe Ultime)</div><div class="spacer battle-history"><br></div><div class="battle-history"><small>Aggron's Aggronite is reacting to Soupe Ultime's Mega Bracelet!</small><br>Aggron has Mega Evolved into Mega Aggron!<br></div><div class="spacer battle-history"><br></div><div class="battle-history">The opposing Krookodile used <strong>Earthquake</strong>!<br></div><div class="battle-history"><small>It's super effective!</small><br></div><div class="battle-history"><small>(Aggron lost <abbr title="−177/344">51.5%</abbr> of its health!)</small><br></div><div class="spacer battle-history"><br></div><div class="battle-history">Aggron used <strong>Stealth Rock</strong>!<br></div><div class="battle-history"><small>Pointed stones float in the air around the opposing team!</small><br></div><div class="spacer battle-history"><br></div><h2 class="battle-history">Turn 2</h2><div class="spacer battle-history"><br></div><div class="battle-history">The opposing Krookodile used <strong>Earthquake</strong>!<br></div><div class="battle-history"><small>It's super effective!</small><br></div><div class="battle-history"><small>A critical hit!</small><br></div><div class="battle-history"><small>(Aggron lost <abbr title="−167/344">48.5%</abbr> of its health!)</small><br></div><div class="spacer battle-history"><br></div><div class="battle-history">Aggron fainted!<br></div><div class="spacer battle-history"><br></div><div class="battle-history">Go! Florges (<strong>Florges-White</strong>)!<br></div><div class="spacer battle-history"><br></div><h2 class="battle-history">Turn 3</h2><div class="spacer battle-history"><br></div><div class="battle-history">The opposing Krookodile used <strong>Earthquake</strong>!<br></div><div class="battle-history"><small>(Florges lost <abbr title="−217/360">60.3%</abbr> of its health!)</small><br></div><div class="spacer battle-history"><br></div><div class="battle-history">Florges used <strong>Moonblast</strong>!<br></div><div class="battle-history"><small>It's super effective!</small><br></div><div class="battle-history"><small>(The opposing Krookodile lost <abbr title="−330/331">99.7%</abbr> of its health!)</small><br></div><div class="battle-history"><small>The opposing Krookodile's Special Attack fell!</small><br></div><div class="spacer battle-history"><br></div><div class="battle-history"><small>Florges restored a little HP using its Leftovers!</small><br></div><div class="spacer battle-history"><br></div><h2 class="battle-history">Turn 4</h2><div class="spacer battle-history"><br></div><div class="battle-history">Florges, come back!<br></div><div class="battle-history">Go! <strong>Crobat</strong>!<br></div><div class="spacer battle-history"><br></div><div class="battle-history">The opposing Krookodile used <strong>Earthquake</strong>!<br></div><div class="battle-history"><small>It doesn't affect Crobat...</small><br></div><div class="spacer battle-history"><br></div><h2 class="battle-history">Turn 5</h2><div class="chat chatmessage-hublibubs"><strong style="color:hsl(130,40%,46%)"><small>☆</small><span class="username" data-name="Hublibubs">Hublibubs</span>:</strong> <em>o.o</em></div><div class="spacer battle-history"><br></div><div class="battle-history">Crobat used <strong>Brave Bird</strong>!<br></div><div class="battle-history"><small>A critical hit!</small><br></div><div class="battle-history"><small>(The opposing Krookodile lost <abbr title="−1/331">0.3%</abbr> of its health!)</small><br></div><div class="battle-history"><small>Crobat is damaged by the recoil!</small><br></div><div class="spacer battle-history"><br></div><div class="battle-history">The opposing Krookodile fainted!<br></div><div class="spacer battle-history"><br></div><div class="battle-history"><small>Crobat restored a little HP using its Black Sludge!</small><br></div><div class="spacer battle-history"><br></div><div class="battle-history">Hublibubs sent out <strong>Aggron</strong>!<br></div><div class="battle-history"><small>Pointed stones dug into the opposing Aggron!</small><br></div><div class="spacer battle-history"><br></div><h2 class="battle-history">Turn 6</h2><div class="spacer battle-history"><br></div><div class="battle-history"><small>The opposing Aggron's Aggronite is reacting to Hublibubs's Mega Bracelet!</small><br>The opposing Aggron has Mega Evolved into Mega Aggron!<br></div><div class="spacer battle-history"><br></div><div class="battle-history">Crobat used <strong>Taunt</strong>!<br></div><div class="battle-history"><small>The opposing Aggron fell for the taunt!</small><br></div><div class="spacer battle-history"><br></div><div class="battle-history">The opposing Aggron used <strong>Heavy Slam</strong>!<br></div><div class="battle-history"><small>(Crobat lost <abbr title="−223/374">59.6%</abbr> of its health!)</small><br></div><div class="spacer battle-history"><br></div><div class="battle-history"><small>Crobat restored a little HP using its Black Sludge!</small><br></div><div class="spacer battle-history"><br></div><h2 class="battle-history">Turn 7</h2><div class="spacer battle-history"><br></div><div class="battle-history">Crobat, come back!<br></div><div class="battle-history">Go! <strong>Chandelure</strong>!<br></div><div class="spacer battle-history"><br></div><div class="battle-history">The opposing Aggron used <strong>Heavy Slam</strong>!<br></div><div class="battle-history"><small>It's not very effective...</small><br></div><div class="battle-history"><small>(Chandelure lost <abbr title="−94/261">36.0%</abbr> of its health!)</small><br></div><div class="spacer battle-history"><br></div><h2 class="battle-history">Turn 8</h2><div class="spacer battle-history"><br></div><div class="battle-history">Chandelure used <strong>Fire Blast</strong>!<br></div><div class="battle-history"><small>It's super effective!</small><br></div><div class="battle-history"><small>(The opposing Aggron lost <abbr title="−310/344">90.1%</abbr> of its health!)</small><br></div><div class="spacer battle-history"><br></div><div class="battle-history">The opposing Aggron used <strong>Heavy Slam</strong>!<br></div><div class="battle-history"><small>It's not very effective...</small><br></div><div class="battle-history"><small>(Chandelure lost <abbr title="−110/261">42.1%</abbr> of its health!)</small><br></div><div class="spacer battle-history"><br></div><div class="battle-history"><small>The opposing Aggron's taunt wore off!</small><br></div><div class="spacer battle-history"><br></div><h2 class="battle-history">Turn 9</h2><div class="spacer battle-history"><br></div><div class="battle-history">Chandelure used <strong>Fire Blast</strong>!<br></div><div class="battle-history"><small>It's super effective!</small><br></div><div class="battle-history"><small>(The opposing Aggron lost <abbr title="−13/344">3.8%</abbr> of its health!)</small><br></div><div class="spacer battle-history"><br></div><div class="battle-history">The opposing Aggron fainted!<br></div><div class="spacer battle-history"><br></div><div class="battle-history">Hublibubs sent out <strong>Crobat</strong>!<br></div><div class="battle-history"><small>Pointed stones dug into the opposing Crobat!</small><br></div><div class="spacer battle-history"><br></div><h2 class="battle-history">Turn 10</h2><div class="spacer battle-history"><br></div><div class="battle-history">Chandelure used <strong>Fire Blast</strong>!<br></div><div class="battle-history"><small>(The opposing Crobat lost <abbr title="−234/311">75.2%</abbr> of its health!)</small><br></div><div class="spacer battle-history"><br></div><div class="battle-history">The opposing Crobat fainted!<br></div><div class="spacer battle-history"><br></div><div class="battle-history">Hublibubs sent out <strong>Alomomola</strong>!<br></div><div class="battle-history"><small>Pointed stones dug into the opposing Alomomola!</small><br></div><div class="spacer battle-history"><br></div><h2 class="battle-history">Turn 11</h2><div class="chat chatmessage-hublibubs"><strong style="color:hsl(130,40%,46%)"><small>☆</small><span class="username" data-name="Hublibubs">Hublibubs</span>:</strong> <em>ahh choice scarf</em></div><div class="spacer battle-history"><br></div><div class="battle-history">Chandelure, come back!<br></div><div class="battle-history">Go! Florges (<strong>Florges-White</strong>)!<br></div><div class="spacer battle-history"><br></div><div class="battle-history">The opposing Alomomola used <strong>Scald</strong>!<br></div><div class="battle-history"><small>(Florges lost <abbr title="−33/360">9.2%</abbr> of its health!)</small><br></div><div class="spacer battle-history"><br></div><div class="battle-history"><small>Florges restored a little HP using its Leftovers!</small><br></div><div class="spacer battle-history"><br></div><h2 class="battle-history">Turn 12</h2><div class="spacer battle-history"><br></div><div class="battle-history">Florges used <strong>Synthesis</strong>!<br></div><div class="battle-history"><small>Florges restored its HP.</small><br></div><div class="spacer battle-history"><br></div><div class="battle-history">The opposing Alomomola used <strong>Wish</strong>!<br></div><div class="spacer battle-history"><br></div><div class="battle-history"><small>Florges restored a little HP using its Leftovers!</small><br></div><div class="spacer battle-history"><br></div><h2 class="battle-history">Turn 13</h2><div class="chat chatmessage-soupeultime"><strong style="color:hsl(293,69%,48%)"><small>☆</small><span class="username" data-name="Soupe Ultime">Soupe Ultime</span>:</strong> <em>hue</em></div><div class="spacer battle-history"><br></div><div class="battle-history">Florges used <strong>Calm Mind</strong>!<br></div><div class="battle-history"><small>Florges's Special Attack rose!</small><br></div><div class="battle-history"><small>Florges's Special Defense rose!</small><br></div><div class="spacer battle-history"><br></div><div class="battle-history">The opposing Alomomola used <strong>Knock Off</strong>!<br></div><div class="battle-history"><small>It's not very effective...</small><br></div><div class="battle-history"><small>(Florges lost <abbr title="−24/360">6.7%</abbr> of its health!)</small><br></div><div class="battle-history"><small>The opposing Alomomola knocked off Florges's Leftovers!</small><br></div><div class="spacer battle-history"><br></div><div class="battle-history"><small>Alomomola's wish came true!</small><br></div><div class="spacer battle-history"><br></div><h2 class="battle-history">Turn 14</h2><div class="spacer battle-history"><br></div><div class="battle-history">Florges used <strong>Calm Mind</strong>!<br></div><div class="battle-history"><small>Florges's Special Attack rose!</small><br></div><div class="battle-history"><small>Florges's Special Defense rose!</small><br></div><div class="spacer battle-history"><br></div><div class="battle-history">The opposing Alomomola used <strong>Toxic</strong>!<br></div><div class="battle-history"><small>Florges was badly poisoned!</small><br></div><div class="spacer battle-history"><br></div><div class="battle-history"><small>Florges was hurt by poison!</small><br></div><div class="spacer battle-history"><br></div><h2 class="battle-history">Turn 15</h2><div class="spacer battle-history"><br></div><div class="battle-history">Florges used <strong>Calm Mind</strong>!<br></div><div class="battle-history"><small>Florges's Special Attack rose!</small><br></div><div class="battle-history"><small>Florges's Special Defense rose!</small><br></div><div class="spacer battle-history"><br></div><div class="battle-history">The opposing Alomomola used <strong>Scald</strong>!<br></div><div class="battle-history"><small>(Florges lost <abbr title="−15/360">4.2%</abbr> of its health!)</small><br></div><div class="spacer battle-history"><br></div><div class="battle-history"><small>Florges was hurt by poison!</small><br></div><div class="spacer battle-history"><br></div><h2 class="battle-history">Turn 16</h2><div class="spacer battle-history"><br></div><div class="battle-history">Florges used <strong>Aromatherapy</strong>!<br></div><div class="battle-history"><small>A soothing aroma wafted through the area!</small><br></div><div class="battle-history"><small>Florges was cured of its poisoning.</small><br></div><div class="spacer battle-history"><br></div><div class="battle-history">The opposing Alomomola used <strong>Scald</strong>!<br></div><div class="battle-history"><small>(Florges lost <abbr title="−15/360">4.2%</abbr> of its health!)</small><br></div><div class="battle-history"><small>Florges was burned!</small><br></div><div class="spacer battle-history"><br></div><div class="battle-history"><small>Florges was hurt by its burn!</small><br></div><div class="spacer battle-history"><br></div><h2 class="battle-history">Turn 17</h2><div class="spacer battle-history"><br></div><div class="battle-history">Hublibubs withdrew Alomomola!<br></div><div class="battle-history">Hublibubs sent out <strong>Blissey</strong>!<br></div><div class="battle-history"><small>Pointed stones dug into the opposing Blissey!</small><br></div><div class="spacer battle-history"><br></div><div class="battle-history">Florges used <strong>Synthesis</strong>!<br></div><div class="battle-history"><small>Florges restored its HP.</small><br></div><div class="spacer battle-history"><br></div><div class="battle-history"><small>The opposing Blissey restored a little HP using its Leftovers!</small><br></div><div class="battle-history"><small>Florges was hurt by its burn!</small><br></div><div class="spacer battle-history"><br></div><h2 class="battle-history">Turn 18</h2><div class="spacer battle-history"><br></div><div class="battle-history">Florges used <strong>Calm Mind</strong>!<br></div><div class="battle-history"><small>Florges's Special Attack rose!</small><br></div><div class="battle-history"><small>Florges's Special Defense rose!</small><br></div><div class="spacer battle-history"><br></div><div class="battle-history">The opposing Blissey used <strong>Seismic Toss</strong>!<br></div><div class="battle-history"><small>(Florges lost <abbr title="−100/360">27.8%</abbr> of its health!)</small><br></div><div class="spacer battle-history"><br></div><div class="battle-history"><small>The opposing Blissey restored a little HP using its Leftovers!</small><br></div><div class="battle-history"><small>Florges was hurt by its burn!</small><br></div><div class="spacer battle-history"><br></div><h2 class="battle-history">Turn 19</h2><div class="spacer battle-history"><br></div><div class="battle-history">Florges used <strong>Synthesis</strong>!<br></div><div class="battle-history"><small>Florges restored its HP.</small><br></div><div class="spacer battle-history"><br></div><div class="battle-history">The opposing Blissey used <strong>Seismic Toss</strong>!<br></div><div class="battle-history"><small>(Florges lost <abbr title="−100/360">27.8%</abbr> of its health!)</small><br></div><div class="spacer battle-history"><br></div><div class="battle-history"><small>The opposing Blissey restored a little HP using its Leftovers!</small><br></div><div class="battle-history"><small>Florges was hurt by its burn!</small><br></div><div class="spacer battle-history"><br></div><h2 class="battle-history">Turn 20</h2><div class="spacer battle-history"><br></div><div class="battle-history">Florges used <strong>Synthesis</strong>!<br></div><div class="battle-history"><small>Florges restored its HP.</small><br></div><div class="spacer battle-history"><br></div><div class="battle-history">The opposing Blissey used <strong>Seismic Toss</strong>!<br></div><div class="battle-history"><small>(Florges lost <abbr title="−100/360">27.8%</abbr> of its health!)</small><br></div><div class="spacer battle-history"><br></div><div class="battle-history"><small>Florges was hurt by its burn!</small><br></div><div class="spacer battle-history"><br></div><h2 class="battle-history">Turn 21</h2><div class="spacer battle-history"><br></div><div class="battle-history">Florges used <strong>Aromatherapy</strong>!<br></div><div class="battle-history"><small>A soothing aroma wafted through the area!</small><br></div><div class="battle-history"><small>Florges's burn was healed.</small><br></div><div class="spacer battle-history"><br></div><div class="battle-history">The opposing Blissey used <strong>Seismic Toss</strong>!<br></div><div class="battle-history"><small>(Florges lost <abbr title="−100/360">27.8%</abbr> of its health!)</small><br></div><div class="spacer battle-history"><br></div><h2 class="battle-history">Turn 22</h2><div class="spacer battle-history"><br></div><div class="battle-history">Florges used <strong>Synthesis</strong>!<br></div><div class="battle-history"><small>Florges restored its HP.</small><br></div><div class="spacer battle-history"><br></div><div class="battle-history">The opposing Blissey used <strong>Seismic Toss</strong>!<br></div><div class="battle-history"><small>(Florges lost <abbr title="−100/360">27.8%</abbr> of its health!)</small><br></div><div class="spacer battle-history"><br></div><h2 class="battle-history">Turn 23</h2><div class="spacer battle-history"><br></div><div class="battle-history">Florges used <strong>Synthesis</strong>!<br></div><div class="battle-history"><small>Florges restored its HP.</small><br></div><div class="spacer battle-history"><br></div><div class="battle-history">The opposing Blissey used <strong>Seismic Toss</strong>!<br></div><div class="battle-history"><small>(Florges lost <abbr title="−100/360">27.8%</abbr> of its health!)</small><br></div><div class="spacer battle-history"><br></div><h2 class="battle-history">Turn 24</h2><div class="spacer battle-history"><br></div><div class="battle-history">Florges used <strong>Calm Mind</strong>!<br></div><div class="battle-history"><small>Florges's Special Attack rose!</small><br></div><div class="battle-history"><small>Florges's Special Defense rose!</small><br></div><div class="spacer battle-history"><br></div><div class="battle-history">The opposing Blissey used <strong>Seismic Toss</strong>!<br></div><div class="battle-history"><small>(Florges lost <abbr title="−100/360">27.8%</abbr> of its health!)</small><br></div><div class="spacer battle-history"><br></div><h2 class="battle-history">Turn 25</h2><div class="spacer battle-history"><br></div><div class="battle-history">Florges used <strong>Synthesis</strong>!<br></div><div class="battle-history"><small>Florges restored its HP.</small><br></div><div class="spacer battle-history"><br></div><div class="battle-history">The opposing Blissey used <strong>Seismic Toss</strong>!<br></div><div class="battle-history"><small>(Florges lost <abbr title="−100/360">27.8%</abbr> of its health!)</small><br></div><div class="spacer battle-history"><br></div><h2 class="battle-history">Turn 26</h2><div class="spacer battle-history"><br></div><div class="battle-history">Florges used <strong>Calm Mind</strong>!<br></div><div class="battle-history"><small>Florges's Special Attack rose!</small><br></div><div class="battle-history"><small>Florges's Special Defense rose!</small><br></div><div class="spacer battle-history"><br></div><div class="battle-history">The opposing Blissey used <strong>Seismic Toss</strong>!<br></div><div class="battle-history"><small>(Florges lost <abbr title="−100/360">27.8%</abbr> of its health!)</small><br></div><div class="spacer battle-history"><br></div><h2 class="battle-history">Turn 27</h2><div class="spacer battle-history"><br></div><div class="battle-history">Florges used <strong>Synthesis</strong>!<br></div><div class="battle-history"><small>Florges restored its HP.</small><br></div><div class="spacer battle-history"><br></div><div class="battle-history">The opposing Blissey used <strong>Seismic Toss</strong>!<br></div><div class="battle-history"><small>(Florges lost <abbr title="−100/360">27.8%</abbr> of its health!)</small><br></div><div class="spacer battle-history"><br></div><h2 class="battle-history">Turn 28</h2><div class="spacer battle-history"><br></div><div class="battle-history">Florges used <strong>Moonblast</strong>!<br></div><div class="battle-history"><small>(The opposing Blissey lost <abbr title="−291/652">44.6%</abbr> of its health!)</small><br></div><div class="battle-history"><small>The opposing Blissey's Special Attack fell!</small><br></div><div class="spacer battle-history"><br></div><div class="battle-history">The opposing Blissey used <strong>Wish</strong>!<br></div><div class="spacer battle-history"><br></div><div class="battle-history"><small>The opposing Blissey restored a little HP using its Leftovers!</small><br></div><div class="spacer battle-history"><br></div><h2 class="battle-history">Turn 29</h2><div class="spacer battle-history"><br></div><div class="battle-history">Florges used <strong>Moonblast</strong>!<br></div><div class="battle-history"><small>(The opposing Blissey lost <abbr title="−321/652">49.2%</abbr> of its health!)</small><br></div><div class="spacer battle-history"><br></div><div class="battle-history">The opposing Blissey used <strong>Seismic Toss</strong>!<br></div><div class="battle-history"><small>(Florges lost <abbr title="−100/360">27.8%</abbr> of its health!)</small><br></div><div class="spacer battle-history"><br></div><div class="battle-history"><small>Blissey's wish came true!</small><br></div><div class="battle-history"><small>The opposing Blissey restored a little HP using its Leftovers!</small><br></div><div class="spacer battle-history"><br></div><h2 class="battle-history">Turn 30</h2><div class="spacer battle-history"><br></div><div class="battle-history">Florges used <strong>Moonblast</strong>!<br></div><div class="battle-history"><small>(The opposing Blissey lost <abbr title="−294/652">45.1%</abbr> of its health!)</small><br></div><div class="spacer battle-history"><br></div><div class="battle-history">The opposing Blissey used <strong>Wish</strong>!<br></div><div class="spacer battle-history"><br></div><div class="battle-history"><small>The opposing Blissey restored a little HP using its Leftovers!</small><br></div><div class="spacer battle-history"><br></div><h2 class="battle-history">Turn 31</h2><div class="spacer battle-history"><br></div><div class="battle-history">The opposing Blissey used <strong>Protect</strong>!<br></div><div class="battle-history"><small>The opposing Blissey protected itself!</small><br></div><div class="spacer battle-history"><br></div><div class="battle-history">Florges used <strong>Moonblast</strong>!<br></div><div class="battle-history"><small>The opposing Blissey protected itself!</small><br></div><div class="spacer battle-history"><br></div><div class="battle-history"><small>Blissey's wish came true!</small><br></div><div class="battle-history"><small>The opposing Blissey restored a little HP using its Leftovers!</small><br></div><div class="spacer battle-history"><br></div><h2 class="battle-history">Turn 32</h2><div class="spacer battle-history"><br></div><div class="battle-history">Florges used <strong>Moonblast</strong>!<br></div><div class="battle-history"><small>(The opposing Blissey lost <abbr title="−324/652">49.7%</abbr> of its health!)</small><br></div><div class="spacer battle-history"><br></div><div class="battle-history">The opposing Blissey used <strong>Wish</strong>!<br></div><div class="spacer battle-history"><br></div><div class="battle-history"><small>The opposing Blissey restored a little HP using its Leftovers!</small><br></div><div class="spacer battle-history"><br></div><h2 class="battle-history">Turn 33</h2><div class="spacer battle-history"><br></div><div class="battle-history">The opposing Blissey used <strong>Protect</strong>!<br></div><div class="battle-history"><small>The opposing Blissey protected itself!</small><br></div><div class="spacer battle-history"><br></div><div class="battle-history">Florges used <strong>Moonblast</strong>!<br></div><div class="battle-history"><small>The opposing Blissey protected itself!</small><br></div><div class="spacer battle-history"><br></div><div class="battle-history"><small>Blissey's wish came true!</small><br></div><div class="battle-history"><small>The opposing Blissey restored a little HP using its Leftovers!</small><br></div><div class="spacer battle-history"><br></div><h2 class="battle-history">Turn 34</h2><div class="spacer battle-history"><br></div><div class="battle-history">Florges used <strong>Moonblast</strong>!<br></div><div class="battle-history"><small>(The opposing Blissey lost <abbr title="−328/652">50.3%</abbr> of its health!)</small><br></div><div class="spacer battle-history"><br></div><div class="battle-history">The opposing Blissey used <strong>Seismic Toss</strong>!<br></div><div class="battle-history"><small>(Florges lost <abbr title="−100/360">27.8%</abbr> of its health!)</small><br></div><div class="spacer battle-history"><br></div><div class="battle-history"><small>The opposing Blissey restored a little HP using its Leftovers!</small><br></div><div class="spacer battle-history"><br></div><h2 class="battle-history">Turn 35</h2><div class="spacer battle-history"><br></div><div class="battle-history">Florges used <strong>Moonblast</strong>!<br></div><div class="battle-history"><small>(The opposing Blissey lost <abbr title="−321/652">49.2%</abbr> of its health!)</small><br></div><div class="battle-history"><small>The opposing Blissey's Special Attack fell!</small><br></div><div class="spacer battle-history"><br></div><div class="battle-history">The opposing Blissey used <strong>Wish</strong>!<br></div><div class="spacer battle-history"><br></div><div class="battle-history"><small>The opposing Blissey restored a little HP using its Leftovers!</small><br></div><div class="spacer battle-history"><br></div><h2 class="battle-history">Turn 36</h2><div class="spacer battle-history"><br></div><div class="battle-history">Florges, come back!<br></div><div class="battle-history">Go! <strong>Haxorus</strong>!<br></div><div class="battle-history"><small>[Haxorus's Mold Breaker]</small><br><small>Haxorus breaks the mold!</small><br></div><div class="spacer battle-history"><br></div><div class="battle-history">The opposing Blissey used <strong>Protect</strong>!<br></div><div class="battle-history"><small>But it failed!</small><br></div><div class="spacer battle-history"><br></div><div class="battle-history"><small>Blissey's wish came true!</small><br></div><div class="battle-history"><small>The opposing Blissey restored a little HP using its Leftovers!</small><br></div><div class="spacer battle-history"><br></div><h2 class="battle-history">Turn 37</h2><div class="spacer battle-history"><br></div><div class="battle-history">Haxorus used <strong>Dragon Dance</strong>!<br></div><div class="battle-history"><small>Haxorus's Attack rose!</small><br></div><div class="battle-history"><small>Haxorus's Speed rose!</small><br></div><div class="spacer battle-history"><br></div><div class="battle-history">The opposing Blissey used <strong>Seismic Toss</strong>!<br></div><div class="battle-history"><small>(Haxorus lost <abbr title="−100/293">34.1%</abbr> of its health!)</small><br></div><div class="spacer battle-history"><br></div><div class="battle-history"><small>The opposing Blissey restored a little HP using its Leftovers!</small><br></div><div class="spacer battle-history"><br></div><h2 class="battle-history">Turn 38</h2><div class="spacer battle-history"><br></div><div class="battle-history">Haxorus used <strong>Dragon Dance</strong>!<br></div><div class="battle-history"><small>Haxorus's Attack rose!</small><br></div><div class="battle-history"><small>Haxorus's Speed rose!</small><br></div><div class="spacer battle-history"><br></div><div class="battle-history">The opposing Blissey used <strong>Seismic Toss</strong>!<br></div><div class="battle-history"><small>(Haxorus lost <abbr title="−100/293">34.1%</abbr> of its health!)</small><br></div><div class="spacer battle-history"><br></div><div class="battle-history"><small>The opposing Blissey restored a little HP using its Leftovers!</small><br></div><div class="spacer battle-history"><br></div><h2 class="battle-history">Turn 39</h2><div class="spacer battle-history"><br></div><div class="battle-history">Haxorus used <strong>Dragon Claw</strong>!<br></div><div class="battle-history"><small>(The opposing Blissey lost <abbr title="−517/652">79.3%</abbr> of its health!)</small><br></div><div class="battle-history"><small>Haxorus lost some of its HP!</small><br></div><div class="spacer battle-history"><br></div><div class="battle-history">The opposing Blissey fainted!<br></div><div class="spacer battle-history"><br></div><div class="battle-history">Hublibubs sent out <strong>Alomomola</strong>!<br></div><div class="battle-history"><small>Pointed stones dug into the opposing Alomomola!</small><br></div><div class="spacer battle-history"><br></div><h2 class="battle-history">Turn 40</h2><div class="spacer battle-history"><br></div><div class="battle-history">Haxorus used <strong>Dragon Claw</strong>!<br></div><div class="battle-history"><small>(The opposing Alomomola lost <abbr title="−351/497">70.6%</abbr> of its health!)</small><br></div><div class="battle-history"><small>Haxorus was hurt by the Rocky Helmet!</small><br></div><div class="battle-history"><small>Haxorus lost some of its HP!</small><br></div><div class="spacer battle-history"><br></div><div class="battle-history">Haxorus fainted!<br></div><div class="battle-history">The opposing Alomomola used <strong>Wish</strong>!<br></div><div class="spacer battle-history"><br></div><div class="battle-history">Go! <strong>Crobat</strong>!<br></div><div class="spacer battle-history"><br></div><h2 class="battle-history">Turn 41</h2><div class="spacer battle-history"><br></div><div class="battle-history">Crobat used <strong>Defog</strong>!<br></div><div class="battle-history"><small>The opposing Alomomola's evasiveness fell!</small><br></div><div class="battle-history"><small>The pointed stones disappeared from around the opposing team!</small><br></div><div class="spacer battle-history"><br></div><div class="battle-history">The opposing Alomomola used <strong>Knock Off</strong>!<br></div><div class="battle-history"><small>(Crobat lost <abbr title="−63/374">16.8%</abbr> of its health!)</small><br></div><div class="battle-history"><small>The opposing Alomomola knocked off Crobat's Black Sludge!</small><br></div><div class="spacer battle-history"><br></div><div class="battle-history"><small>Alomomola's wish came true!</small><br></div><div class="spacer battle-history"><br></div><h2 class="battle-history">Turn 42</h2><div class="chat chatmessage-hublibubs"><strong style="color:hsl(130,40%,46%)"><small>☆</small><span class="username" data-name="Hublibubs">Hublibubs</span>:</strong> <em>ty lol</em></div><div class="spacer battle-history"><br></div><div class="battle-history">Crobat used <strong>Roost</strong>!<br></div><div class="battle-history"><small>Crobat restored its HP.</small><br></div><div class="spacer battle-history"><br></div><div class="battle-history">The opposing Alomomola used <strong>Wish</strong>!<br></div><div class="spacer battle-history"><br></div><h2 class="battle-history">Turn 43</h2><div class="chat chatmessage-soupeultime"><strong style="color:hsl(293,69%,48%)"><small>☆</small><span class="username" data-name="Soupe Ultime">Soupe Ultime</span>:</strong> <em>Thought you were going to protect</em></div><div class="chat chatmessage-soupeultime"><strong style="color:hsl(293,69%,48%)"><small>☆</small><span class="username" data-name="Soupe Ultime">Soupe Ultime</span>:</strong> <em>Not like it matters</em></div><div class="spacer battle-history"><br></div><div class="battle-history">Crobat used <strong>Roost</strong>!<br></div><div class="battle-history"><small>Crobat restored its HP.</small><br></div><div class="spacer battle-history"><br></div><div class="battle-history">The opposing Alomomola used <strong>Scald</strong>!<br></div><div class="battle-history"><small>(Crobat lost <abbr title="−58/374">15.5%</abbr> of its health!)</small><br></div><div class="battle-history"><small>Crobat was burned!</small><br></div><div class="spacer battle-history"><br></div><div class="battle-history"><small>Alomomola's wish came true!</small><br></div><div class="battle-history"><small>Crobat was hurt by its burn!</small><br></div><div class="spacer battle-history"><br></div><h2 class="battle-history">Turn 44</h2><div class="chat chatmessage-hublibubs"><strong style="color:hsl(130,40%,46%)"><small>☆</small><span class="username" data-name="Hublibubs">Hublibubs</span>:</strong> <em>u could've used taunt instead</em></div><div class="spacer battle-history"><br></div><div class="battle-history">Crobat used <strong>Taunt</strong>!<br></div><div class="battle-history"><small>The opposing Alomomola fell for the taunt!</small><br></div><div class="spacer battle-history"><br></div><div class="battle-history">The opposing Alomomola used <strong>Scald</strong>!<br></div><div class="battle-history"><small>(Crobat lost <abbr title="−61/374">16.3%</abbr> of its health!)</small><br></div><div class="spacer battle-history"><br></div><div class="battle-history"><small>Crobat was hurt by its burn!</small><br></div><div class="spacer battle-history"><br></div><h2 class="battle-history">Turn 45</h2><div class="chat chatmessage-soupeultime"><strong style="color:hsl(293,69%,48%)"><small>☆</small><span class="username" data-name="Soupe Ultime">Soupe Ultime</span>:</strong> <em>Myeah</em></div><div class="spacer battle-history"><br></div><div class="battle-history">Crobat, come back!<br></div><div class="battle-history">Go! <strong>Crawdaunt</strong>!<br></div><div class="spacer battle-history"><br></div><div class="battle-history">The opposing Alomomola used <strong>Scald</strong>!<br></div><div class="battle-history"><small>It's not very effective...</small><br></div><div class="battle-history"><small>(Crawdaunt lost <abbr title="−34/267">12.7%</abbr> of its health!)</small><br></div><div class="battle-history"><small>Crawdaunt was burned!</small><br></div><div class="spacer battle-history"><br></div><div class="battle-history"><small>Crawdaunt was hurt by its burn!</small><br></div><div class="spacer battle-history"><br></div><h2 class="battle-history">Turn 46</h2><div class="spacer battle-history"><br></div><div class="battle-history">Crawdaunt used <strong>Swords Dance</strong>!<br></div><div class="battle-history"><small>Crawdaunt's Attack rose sharply!</small><br></div><div class="spacer battle-history"><br></div><div class="battle-history">The opposing Alomomola used <strong>Knock Off</strong>!<br></div><div class="battle-history"><small>It's not very effective...</small><br></div><div class="battle-history"><small>(Crawdaunt lost <abbr title="−31/267">11.6%</abbr> of its health!)</small><br></div><div class="battle-history"><small>The opposing Alomomola knocked off Crawdaunt's Focus Sash!</small><br></div><div class="spacer battle-history"><br></div><div class="battle-history"><small>Crawdaunt was hurt by its burn!</small><br></div><div class="battle-history"><small>The opposing Alomomola's taunt wore off!</small><br></div><div class="spacer battle-history"><br></div><h2 class="battle-history">Turn 47</h2><div class="chat chatmessage-soupeultime"><strong style="color:hsl(293,69%,48%)"><small>☆</small><span class="username" data-name="Soupe Ultime">Soupe Ultime</span>:</strong> <em>The haxx tho</em></div><div class="chat chatmessage-hublibubs"><strong style="color:hsl(130,40%,46%)"><small>☆</small><span class="username" data-name="Hublibubs">Hublibubs</span>:</strong> <em>true</em></div><div class="spacer battle-history"><br></div><div class="battle-history">Crawdaunt used <strong>Knock Off</strong>!<br></div><div class="battle-history"><small>A critical hit!</small><br></div><div class="battle-history"><small>(The opposing Alomomola lost <abbr title="−324/497">65.2%</abbr> of its health!)</small><br></div><div class="battle-history"><small>Crawdaunt was hurt by the Rocky Helmet!</small><br></div><div class="battle-history"><small>Crawdaunt knocked off the opposing Alomomola's Rocky Helmet!</small><br></div><div class="spacer battle-history"><br></div><div class="battle-history">The opposing Alomomola used <strong>Wish</strong>!<br></div><div class="spacer battle-history"><br></div><div class="battle-history"><small>Crawdaunt was hurt by its burn!</small><br></div><div class="spacer battle-history"><br></div><h2 class="battle-history">Turn 48</h2><div class="spacer battle-history"><br></div><div class="battle-history">Crawdaunt used <strong>Knock Off</strong>!<br></div><div class="battle-history"><small>(The opposing Alomomola lost <abbr title="−142/497">28.6%</abbr> of its health!)</small><br></div><div class="spacer battle-history"><br></div><div class="battle-history">The opposing Alomomola used <strong>Scald</strong>!<br></div><div class="battle-history"><small>It's not very effective...</small><br></div><div class="battle-history"><small>(Crawdaunt lost <abbr title="−34/267">12.7%</abbr> of its health!)</small><br></div><div class="spacer battle-history"><br></div><div class="battle-history"><small>Alomomola's wish came true!</small><br></div><div class="battle-history"><small>Crawdaunt was hurt by its burn!</small><br></div><div class="spacer battle-history"><br></div><div class="battle-history">Crawdaunt fainted!<br></div><div class="spacer battle-history"><br></div><div class="battle-history">Go! Florges (<strong>Florges-White</strong>)!<br></div><div class="spacer battle-history"><br></div><h2 class="battle-history">Turn 49</h2><div class="spacer battle-history"><br></div><div class="battle-history">Florges used <strong>Aromatherapy</strong>!<br></div><div class="battle-history"><small>A soothing aroma wafted through the area!</small><br></div><div class="battle-history"><small>Crobat's burn was healed.</small><br></div><div class="spacer battle-history"><br></div><div class="battle-history">The opposing Alomomola used <strong>Scald</strong>!<br></div><div class="battle-history"><small>(Florges lost <abbr title="−20/360">5.6%</abbr> of its health!)</small><br></div><div class="spacer battle-history"><br></div><div class="battle-history">Florges fainted!<br></div><div class="spacer battle-history"><br></div><div class="battle-history">Go! <strong>Crobat</strong>!<br></div><div class="spacer battle-history"><br></div><h2 class="battle-history">Turn 50</h2><div class="spacer battle-history"><br></div><div class="battle-history">Crobat used <strong>Taunt</strong>!<br></div><div class="battle-history"><small>The opposing Alomomola fell for the taunt!</small><br></div><div class="spacer battle-history"><br></div><div class="battle-history">The opposing Alomomola can't use Wish after the taunt!<br></div><div class="spacer battle-history"><br></div><h2 class="battle-history">Turn 51</h2><div class="spacer battle-history"><br></div><div class="battle-history">Crobat used <strong>Roost</strong>!<br></div><div class="battle-history"><small>Crobat restored its HP.</small><br></div><div class="spacer battle-history"><br></div><div class="battle-history">The opposing Alomomola used <strong>Scald</strong>!<br></div><div class="battle-history"><small>(Crobat lost <abbr title="−60/374">16.0%</abbr> of its health!)</small><br></div><div class="battle-history"><small>Crobat was burned!</small><br></div><div class="spacer battle-history"><br></div><div class="battle-history"><small>Crobat was hurt by its burn!</small><br></div><div class="spacer battle-history"><br></div><h2 class="battle-history">Turn 52</h2><div class="spacer battle-history"><br></div><div class="battle-history">Crobat used <strong>Brave Bird</strong>!<br></div><div class="battle-history"><small>(The opposing Alomomola lost <abbr title="−59/497">11.9%</abbr> of its health!)</small><br></div><div class="battle-history"><small>Crobat is damaged by the recoil!</small><br></div><div class="spacer battle-history"><br></div><div class="battle-history">The opposing Alomomola used <strong>Scald</strong>!<br></div><div class="battle-history"><small>(Crobat lost <abbr title="−55/374">14.7%</abbr> of its health!)</small><br></div><div class="spacer battle-history"><br></div><div class="battle-history"><small>Crobat was hurt by its burn!</small><br></div><div class="battle-history"><small>The opposing Alomomola's taunt wore off!</small><br></div><div class="spacer battle-history"><br></div><h2 class="battle-history">Turn 53</h2><div class="chat chatmessage-soupeultime"><strong style="color:hsl(293,69%,48%)"><small>☆</small><span class="username" data-name="Soupe Ultime">Soupe Ultime</span>:</strong> <em>Oh come on now</em></div><div class="chat chatmessage-soupeultime"><strong style="color:hsl(293,69%,48%)"><small>☆</small><span class="username" data-name="Soupe Ultime">Soupe Ultime</span>:</strong> <em>3 scalds 3 burns</em></div><div class="chat chatmessage-hublibubs"><strong style="color:hsl(130,40%,46%)"><small>☆</small><span class="username" data-name="Hublibubs">Hublibubs</span>:</strong> <em>and i never missed</em></div><div class="spacer battle-history"><br></div><div class="battle-history">Crobat used <strong>Roost</strong>!<br></div><div class="battle-history"><small>Crobat restored its HP.</small><br></div><div class="spacer battle-history"><br></div><div class="battle-history">The opposing Alomomola used <strong>Scald</strong>!<br></div><div class="battle-history"><small>(Crobat lost <abbr title="−52/374">13.9%</abbr> of its health!)</small><br></div><div class="spacer battle-history"><br></div><div class="battle-history"><small>Crobat was hurt by its burn!</small><br></div><div class="spacer battle-history"><br></div><h2 class="battle-history">Turn 54</h2><div class="spacer battle-history"><br></div><div class="battle-history">Crobat used <strong>Taunt</strong>!<br></div><div class="battle-history"><small>The opposing Alomomola fell for the taunt!</small><br></div><div class="spacer battle-history"><br></div><div class="battle-history">The opposing Alomomola used <strong>Scald</strong>!<br></div><div class="battle-history"><small>(Crobat lost <abbr title="−54/374">14.4%</abbr> of its health!)</small><br></div><div class="spacer battle-history"><br></div><div class="battle-history"><small>Crobat was hurt by its burn!</small><br></div><div class="spacer battle-history"><br></div><h2 class="battle-history">Turn 55</h2><div class="spacer battle-history"><br></div><div class="battle-history">Crobat used <strong>Roost</strong>!<br></div><div class="battle-history"><small>Crobat restored its HP.</small><br></div><div class="spacer battle-history"><br></div><div class="battle-history">The opposing Alomomola used <strong>Scald</strong>!<br></div><div class="battle-history"><small>(Crobat lost <abbr title="−58/374">15.5%</abbr> of its health!)</small><br></div><div class="spacer battle-history"><br></div><div class="battle-history"><small>Crobat was hurt by its burn!</small><br></div><div class="spacer battle-history"><br></div><h2 class="battle-history">Turn 56</h2><div class="spacer battle-history"><br></div><div class="battle-history">Crobat used <strong>Roost</strong>!<br></div><div class="battle-history"><small>Crobat restored its HP.</small><br></div><div class="spacer battle-history"><br></div><div class="battle-history">The opposing Alomomola used <strong>Scald</strong>!<br></div><div class="battle-history"><small>(Crobat lost <abbr title="−54/374">14.4%</abbr> of its health!)</small><br></div><div class="spacer battle-history"><br></div><div class="battle-history"><small>Crobat was hurt by its burn!</small><br></div><div class="battle-history"><small>The opposing Alomomola's taunt wore off!</small><br></div><div class="spacer battle-history"><br></div><h2 class="battle-history">Turn 57</h2><div class="spacer battle-history"><br></div><div class="battle-history">Crobat used <strong>Taunt</strong>!<br></div><div class="battle-history"><small>The opposing Alomomola fell for the taunt!</small><br></div><div class="spacer battle-history"><br></div><div class="battle-history">The opposing Alomomola can't use Wish after the taunt!<br></div><div class="spacer battle-history"><br></div><div class="battle-history"><small>Crobat was hurt by its burn!</small><br></div><div class="spacer battle-history"><br></div><h2 class="battle-history">Turn 58</h2><div class="spacer battle-history"><br></div><div class="battle-history">Crobat used <strong>Brave Bird</strong>!<br></div><div class="battle-history"><small>(The opposing Alomomola lost <abbr title="−55/497">11.1%</abbr> of its health!)</small><br></div><div class="battle-history"><small>Crobat is damaged by the recoil!</small><br></div><div class="spacer battle-history"><br></div><div class="battle-history">The opposing Alomomola used <strong>Scald</strong>!<br></div><div class="battle-history"><small>(Crobat lost <abbr title="−58/374">15.5%</abbr> of its health!)</small><br></div><div class="spacer battle-history"><br></div><div class="battle-history"><small>Crobat was hurt by its burn!</small><br></div><div class="spacer battle-history"><br></div><h2 class="battle-history">Turn 59</h2><div class="spacer battle-history"><br></div><div class="battle-history">Crobat used <strong>Roost</strong>!<br></div><div class="battle-history"><small>Crobat restored its HP.</small><br></div><div class="spacer battle-history"><br></div><div class="battle-history">The opposing Alomomola used <strong>Scald</strong>!<br></div><div class="battle-history"><small>(Crobat lost <abbr title="−54/374">14.4%</abbr> of its health!)</small><br></div><div class="spacer battle-history"><br></div><div class="battle-history"><small>Crobat was hurt by its burn!</small><br></div><div class="battle-history"><small>The opposing Alomomola's taunt wore off!</small><br></div><div class="spacer battle-history"><br></div><h2 class="battle-history">Turn 60</h2><div class="spacer battle-history"><br></div><div class="battle-history">Crobat used <strong>Taunt</strong>!<br></div><div class="battle-history"><small>The opposing Alomomola fell for the taunt!</small><br></div><div class="spacer battle-history"><br></div><div class="battle-history">The opposing Alomomola can't use Wish after the taunt!<br></div><div class="spacer battle-history"><br></div><div class="battle-history"><small>Crobat was hurt by its burn!</small><br></div><div class="spacer battle-history"><br></div><h2 class="battle-history">Turn 61</h2><div class="spacer battle-history"><br></div><div class="battle-history">Crobat used <strong>Roost</strong>!<br></div><div class="battle-history"><small>Crobat restored its HP.</small><br></div><div class="spacer battle-history"><br></div><div class="battle-history">The opposing Alomomola used <strong>Scald</strong>!<br></div><div class="battle-history"><small>(Crobat lost <abbr title="−54/374">14.4%</abbr> of its health!)</small><br></div><div class="spacer battle-history"><br></div><div class="battle-history"><small>Crobat was hurt by its burn!</small><br></div><div class="spacer battle-history"><br></div><h2 class="battle-history">Turn 62</h2><div class="spacer battle-history"><br></div><div class="battle-history">Crobat used <strong>Brave Bird</strong>!<br></div><div class="battle-history"><small>(The opposing Alomomola lost <abbr title="−53/497">10.7%</abbr> of its health!)</small><br></div><div class="battle-history"><small>Crobat is damaged by the recoil!</small><br></div><div class="spacer battle-history"><br></div><div class="battle-history">The opposing Alomomola used <strong>Scald</strong>!<br></div><div class="battle-history"><small>(Crobat lost <abbr title="−61/374">16.3%</abbr> of its health!)</small><br></div><div class="spacer battle-history"><br></div><div class="battle-history"><small>Crobat was hurt by its burn!</small><br></div><div class="battle-history"><small>The opposing Alomomola's taunt wore off!</small><br></div><div class="spacer battle-history"><br></div><h2 class="battle-history">Turn 63</h2><div class="spacer battle-history"><br></div><div class="battle-history">Crobat used <strong>Taunt</strong>!<br></div><div class="battle-history"><small>The opposing Alomomola fell for the taunt!</small><br></div><div class="spacer battle-history"><br></div><div class="battle-history">The opposing Alomomola used <strong>Scald</strong>!<br></div><div class="battle-history"><small>(Crobat lost <abbr title="−55/374">14.7%</abbr> of its health!)</small><br></div><div class="spacer battle-history"><br></div><div class="battle-history"><small>Crobat was hurt by its burn!</small><br></div><div class="spacer battle-history"><br></div><h2 class="battle-history">Turn 64</h2><div class="spacer battle-history"><br></div><div class="battle-history">Crobat used <strong>Roost</strong>!<br></div><div class="battle-history"><small>Crobat restored its HP.</small><br></div><div class="spacer battle-history"><br></div><div class="battle-history">The opposing Alomomola used <strong>Scald</strong>!<br></div><div class="battle-history"><small>(Crobat lost <abbr title="−51/374">13.6%</abbr> of its health!)</small><br></div><div class="spacer battle-history"><br></div><div class="battle-history"><small>Crobat was hurt by its burn!</small><br></div><div class="spacer battle-history"><br></div><h2 class="battle-history">Turn 65</h2><div class="chat chatmessage-hublibubs"><strong style="color:hsl(130,40%,46%)"><small>☆</small><span class="username" data-name="Hublibubs">Hublibubs</span>:</strong> <em>cmooon</em></div><div class="spacer battle-history"><br></div><div class="battle-history">Crobat used <strong>Roost</strong>!<br></div><div class="battle-history"><small>Crobat restored its HP.</small><br></div><div class="spacer battle-history"><br></div><div class="battle-history">The opposing Alomomola used <strong>Scald</strong>!<br></div><div class="battle-history"><small>(Crobat lost <abbr title="−55/374">14.7%</abbr> of its health!)</small><br></div><div class="spacer battle-history"><br></div><div class="battle-history"><small>Crobat was hurt by its burn!</small><br></div><div class="battle-history"><small>The opposing Alomomola's taunt wore off!</small><br></div><div class="spacer battle-history"><br></div><h2 class="battle-history">Turn 66</h2><div class="spacer battle-history"><br></div><div class="battle-history">Crobat used <strong>Taunt</strong>!<br></div><div class="battle-history"><small>The opposing Alomomola fell for the taunt!</small><br></div><div class="spacer battle-history"><br></div><div class="battle-history">The opposing Alomomola can't use Wish after the taunt!<br></div><div class="spacer battle-history"><br></div><div class="battle-history"><small>Crobat was hurt by its burn!</small><br></div><div class="spacer battle-history"><br></div><h2 class="battle-history">Turn 67</h2><div class="spacer battle-history"><br></div><div class="battle-history">Crobat used <strong>Roost</strong>!<br></div><div class="battle-history"><small>Crobat restored its HP.</small><br></div><div class="spacer battle-history"><br></div><div class="battle-history">The opposing Alomomola used <strong>Scald</strong>!<br></div><div class="battle-history"><small>(Crobat lost <abbr title="−55/374">14.7%</abbr> of its health!)</small><br></div><div class="spacer battle-history"><br></div><div class="battle-history"><small>Crobat was hurt by its burn!</small><br></div><div class="spacer battle-history"><br></div><h2 class="battle-history">Turn 68</h2><div class="spacer battle-history"><br></div><div class="battle-history">Crobat used <strong>Roost</strong>!<br></div><div class="battle-history"><small>Crobat restored its HP.</small><br></div><div class="spacer battle-history"><br></div><div class="battle-history">The opposing Alomomola used <strong>Scald</strong>!<br></div><div class="battle-history"><small>(Crobat lost <abbr title="−60/374">16.0%</abbr> of its health!)</small><br></div><div class="spacer battle-history"><br></div><div class="battle-history"><small>Crobat was hurt by its burn!</small><br></div><div class="battle-history"><small>The opposing Alomomola's taunt wore off!</small><br></div><div class="spacer battle-history"><br></div><h2 class="battle-history">Turn 69</h2><div class="spacer battle-history"><br></div><div class="battle-history">Crobat used <strong>Taunt</strong>!<br></div><div class="battle-history"><small>The opposing Alomomola fell for the taunt!</small><br></div><div class="spacer battle-history"><br></div><div class="battle-history">The opposing Alomomola can't use Wish after the taunt!<br></div><div class="spacer battle-history"><br></div><div class="battle-history"><small>Crobat was hurt by its burn!</small><br></div><div class="spacer battle-history"><br></div><h2 class="battle-history">Turn 70</h2><div class="spacer battle-history"><br></div><div class="battle-history">Crobat used <strong>Brave Bird</strong>!<br></div><div class="battle-history"><small>(The opposing Alomomola lost <abbr title="−54/497">10.9%</abbr> of its health!)</small><br></div><div class="battle-history"><small>Crobat is damaged by the recoil!</small><br></div><div class="spacer battle-history"><br></div><div class="battle-history">The opposing Alomomola used <strong>Scald</strong>!<br></div><div class="battle-history"><small>(Crobat lost <abbr title="−57/374">15.2%</abbr> of its health!)</small><br></div><div class="spacer battle-history"><br></div><div class="battle-history"><small>Crobat was hurt by its burn!</small><br></div><div class="spacer battle-history"><br></div><h2 class="battle-history">Turn 71</h2><div class="spacer battle-history"><br></div><div class="battle-history">Crobat used <strong>Roost</strong>!<br></div><div class="battle-history"><small>Crobat restored its HP.</small><br></div><div class="spacer battle-history"><br></div><div class="battle-history">The opposing Alomomola used <strong>Knock Off</strong>!<br></div><div class="battle-history"><small>(Crobat lost <abbr title="−44/374">11.8%</abbr> of its health!)</small><br></div><div class="spacer battle-history"><br></div><div class="battle-history"><small>Crobat was hurt by its burn!</small><br></div><div class="battle-history"><small>The opposing Alomomola's taunt wore off!</small><br></div><div class="spacer battle-history"><br></div><h2 class="battle-history">Turn 72</h2><div class="spacer battle-history"><br></div><div class="battle-history">Crobat used <strong>Taunt</strong>!<br></div><div class="battle-history"><small>The opposing Alomomola fell for the taunt!</small><br></div><div class="spacer battle-history"><br></div><div class="battle-history">The opposing Alomomola can't use Wish after the taunt!<br></div><div class="spacer battle-history"><br></div><div class="battle-history"><small>Crobat was hurt by its burn!</small><br></div><div class="spacer battle-history"><br></div><h2 class="battle-history">Turn 73</h2><div class="spacer battle-history"><br></div><div class="battle-history">Crobat used <strong>Roost</strong>!<br></div><div class="battle-history"><small>Crobat restored its HP.</small><br></div><div class="spacer battle-history"><br></div><div class="battle-history">The opposing Alomomola used <strong>Knock Off</strong>!<br></div><div class="battle-history"><small>(Crobat lost <abbr title="−44/374">11.8%</abbr> of its health!)</small><br></div><div class="spacer battle-history"><br></div><div class="battle-history"><small>Crobat was hurt by its burn!</small><br></div><div class="spacer battle-history"><br></div><h2 class="battle-history">Turn 74</h2><div class="spacer battle-history"><br></div><div class="battle-history">Crobat used <strong>Brave Bird</strong>!<br></div><div class="battle-history"><small>(The opposing Alomomola lost <abbr title="−50/497">10.1%</abbr> of its health!)</small><br></div><div class="battle-history"><small>Crobat is damaged by the recoil!</small><br></div><div class="spacer battle-history"><br></div><div class="battle-history">The opposing Alomomola used <strong>Knock Off</strong>!<br></div><div class="battle-history"><small>(Crobat lost <abbr title="−44/374">11.8%</abbr> of its health!)</small><br></div><div class="spacer battle-history"><br></div><div class="battle-history"><small>Crobat was hurt by its burn!</small><br></div><div class="battle-history"><small>The opposing Alomomola's taunt wore off!</small><br></div><div class="spacer battle-history"><br></div><h2 class="battle-history">Turn 75</h2><div class="spacer battle-history"><br></div><div class="battle-history">Crobat used <strong>Brave Bird</strong>!<br></div><div class="battle-history"><small>(The opposing Alomomola lost <abbr title="−8/497">1.6%</abbr> of its health!)</small><br></div><div class="battle-history"><small>Crobat is damaged by the recoil!</small><br></div><div class="spacer battle-history"><br></div><div class="battle-history">The opposing Alomomola fainted!<br></div><div class="spacer battle-history"><br></div><div class="battle-history"><small>Crobat was hurt by its burn!</small><br></div><div class="spacer battle-history"><br></div><div class="battle-history">Hublibubs sent out <strong>Celebi</strong>!<br></div><div class="spacer battle-history"><br></div><h2 class="battle-history">Turn 76</h2><div class="spacer battle-history"><br></div><div class="battle-history">Crobat used <strong>Brave Bird</strong>!<br></div><div class="battle-history"><small>It's super effective!</small><br></div><div class="battle-history"><small>(The opposing Celebi lost <abbr title="−124/403">30.8%</abbr> of its health!)</small><br></div><div class="battle-history"><small>Crobat is damaged by the recoil!</small><br></div><div class="spacer battle-history"><br></div><div class="battle-history">The opposing Celebi used <strong>Swords Dance</strong>!<br></div><div class="battle-history"><small>The opposing Celebi's Attack rose sharply!</small><br></div><div class="spacer battle-history"><br></div><div class="battle-history"><small>The opposing Celebi restored a little HP using its Leftovers!</small><br></div><div class="battle-history"><small>Crobat was hurt by its burn!</small><br></div><div class="spacer battle-history"><br></div><h2 class="battle-history">Turn 77</h2><div class="spacer battle-history"><br></div><div class="battle-history">Crobat used <strong>Brave Bird</strong>!<br></div><div class="battle-history"><small>It's super effective!</small><br></div><div class="battle-history"><small>(The opposing Celebi lost <abbr title="−133/403">33.0%</abbr> of its health!)</small><br></div><div class="battle-history"><small>Crobat is damaged by the recoil!</small><br></div><div class="spacer battle-history"><br></div><div class="battle-history">Crobat fainted!<br></div><div class="battle-history">The opposing Celebi used <strong>Recover</strong>!<br></div><div class="battle-history"><small>The opposing Celebi restored its HP.</small><br></div><div class="spacer battle-history"><br></div><div class="battle-history"><small>The opposing Celebi restored a little HP using its Leftovers!</small><br></div><div class="spacer battle-history"><br></div><div class="battle-history">Go! <strong>Chandelure</strong>!<br></div><div class="spacer battle-history"><br></div><h2 class="battle-history">Turn 78</h2><div class="spacer battle-history"><br></div><div class="battle-history">Chandelure used <strong>Fire Blast</strong>!<br></div><div class="battle-history"><small>It's super effective!</small><br></div><div class="battle-history"><small>(The opposing Celebi lost <abbr title="−398/403">98.8%</abbr> of its health!)</small><br></div><div class="spacer battle-history"><br></div><div class="battle-history">The opposing Celebi fainted!<br></div><div class="spacer battle-history"><br></div><div class="battle-history"><strong>Soupe Ultime</strong> won the battle!<br></div><div class="chat chatmessage-hublibubs"><strong style="color:hsl(130,40%,46%)"><small>☆</small><span class="username" data-name="Hublibubs">Hublibubs</span>:</strong> <em>FCK</em></div><div class="chat chatmessage-soupeultime"><strong style="color:hsl(293,69%,48%)"><small>☆</small><span class="username" data-name="Soupe Ultime">Soupe Ultime</span>:</strong> <em>Finally</em></div><div class="chat chatmessage-hublibubs"><strong style="color:hsl(130,40%,46%)"><small>☆</small><span class="username" data-name="Hublibubs">Hublibubs</span>:</strong> <em>gg</em></div><div class="chat">Soupe Ultime's rating: 1156 → <strong>1175</strong><br>(+19 for winning)</div><div class="chat">Hublibubs's rating: 1073 → <strong>1057</strong><br>(-16 for losing)</div><div class="chat chatmessage-soupeultime"><strong style="color:hsl(293,69%,48%)"><small>☆</small><span class="username" data-name="Soupe Ultime">Soupe Ultime</span>:</strong> <em>gg</em></div><div class="chat chatmessage-hublibubs"><strong style="color:hsl(130,40%,46%)"><small>☆</small><span class="username" data-name="Hublibubs">Hublibubs</span>:</strong> <em>78 turns</em></div><div class="chat chatmessage-hublibubs"><strong style="color:hsl(130,40%,46%)"><small>☆</small><span class="username" data-name="Hublibubs">Hublibubs</span>:</strong> <em>o.o</em></div></div><div class="inner-preempt"></div></div></div>
</div>
<script>
let daily = Math.floor(Date.now()/1000/60/60/24);document.write('<script src="https://play.pokemonshowdown.com/js/replay-embed.js?version'+daily+'"></'+'script>');
</script>
