<!DOCTYPE html>
<meta charset="utf-8" />
<!-- version 1 -->
<title>UU replay: minolob vs. WoodyFTW</title>
<style>
html,body {font-family:Verdana, sans-serif;font-size:10pt;margin:0;padding:0;}body{padding:12px 0;} .battle-log {font-family:Verdana, sans-serif;font-size:10pt;} .battle-log-inline {border:1px solid #AAAAAA;background:#EEF2F5;color:black;max-width:640px;margin:0 auto 80px;padding-bottom:5px;} .battle-log .inner {padding:4px 8px 0px 8px;} .battle-log .inner-preempt {padding:0 8px 4px 8px;} .battle-log .inner-after {margin-top:0.5em;} .battle-log h2 {margin:0.5em -8px;padding:4px 8px;border:1px solid #AAAAAA;background:#E0E7EA;border-left:0;border-right:0;font-family:Verdana, sans-serif;font-size:13pt;} .battle-log .chat {vertical-align:middle;padding:3px 0 3px 0;font-size:8pt;} .battle-log .chat strong {color:#40576A;} .battle-log .chat em {padding:1px 4px 1px 3px;color:#000000;font-style:normal;} .chat.mine {background:rgba(0,0,0,0.05);margin-left:-8px;margin-right:-8px;padding-left:8px;padding-right:8px;} .spoiler {color:#BBBBBB;background:#BBBBBB;padding:0px 3px;} .spoiler:hover, .spoiler:active, .spoiler-shown {color:#000000;background:#E2E2E2;padding:0px 3px;} .spoiler a {color:#BBBBBB;} .spoiler:hover a, .spoiler:active a, .spoiler-shown a {color:#2288CC;} .chat code, .chat .spoiler:hover code, .chat .spoiler:active code, .chat .spoiler-shown code {border:1px solid #C0C0C0;background:#EEEEEE;color:black;padding:0 2px;} .chat .spoiler code {border:1px solid #CCCCCC;background:#CCCCCC;color:#CCCCCC;} .battle-log .rated {padding:3px 4px;} .battle-log .rated strong {color:white;background:#89A;padding:1px 4px;border-radius:4px;} .spacer {margin-top:0.5em;} .message-announce {background:#6688AA;color:white;padding:1px 4px 2px;} .message-announce a, .broadcast-green a, .broadcast-blue a, .broadcast-red a {color:#DDEEFF;} .broadcast-green {background-color:#559955;color:white;padding:2px 4px;} .broadcast-blue {background-color:#6688AA;color:white;padding:2px 4px;} .infobox {border:1px solid #6688AA;padding:2px 4px;} .infobox-limited {max-height:200px;overflow:auto;overflow-x:hidden;} .broadcast-red {background-color:#AA5544;color:white;padding:2px 4px;} .message-learn-canlearn {font-weight:bold;color:#228822;text-decoration:underline;} .message-learn-cannotlearn {font-weight:bold;color:#CC2222;text-decoration:underline;} .message-effect-weak {font-weight:bold;color:#CC2222;} .message-effect-resist {font-weight:bold;color:#6688AA;} .message-effect-immune {font-weight:bold;color:#666666;} .message-learn-list {margin-top:0;margin-bottom:0;} .message-throttle-notice, .message-error {color:#992222;} .message-overflow, .chat small.message-overflow {font-size:0pt;} .message-overflow::before {font-size:9pt;content:'...';} .subtle {color:#3A4A66;}
</style>
<div class="wrapper replay-wrapper" style="max-width:1180px;margin:0 auto">
<input type="hidden" name="replayid" value="uu-535110923" />
<div class="battle"></div><div class="battle-log"></div><div class="replay-controls"></div><div class="replay-controls-2"></div>
<h1 style="font-weight:normal;text-align:center"><strong>UU</strong><br /><a href="http://pokemonshowdown.com/users/minolob" class="subtle" target="_blank">minolob</a> vs. <a href="http://pokemonshowdown.com/users/woodyftw" class="subtle" target="_blank">WoodyFTW</a></h1>
<script type="text/plain" class="battle-log-data">|j|minolob
|j|WoodyFTW
|player|p1|minolob|1
|player|p2|WoodyFTW|80
|gametype|singles
|gen|6
|tier|UU
|rated
|seed|18844,23297,24626,29262
|rule|Sleep Clause Mod: Limit one foe put to sleep
|rule|Species Clause: Limit one of each Pokémon
|rule|OHKO Clause: OHKO moves are banned
|rule|Moody Clause: Moody is banned
|rule|Evasion Moves Clause: Evasion moves are banned
|rule|Endless Battle Clause: Forcing endless battles is banned
|rule|HP Percentage Mod: HP is shown in percentages
|clearpoke
|poke|p1|Krookodile, F|item
|poke|p1|Infernape, F|item
|poke|p1|Roserade, M|item
|poke|p1|Metagross|item
|poke|p1|Blastoise, F|item
|poke|p1|Hydreigon, F|item
|poke|p2|Blastoise, M, shiny|item
|poke|p2|Arcanine, M|item
|poke|p2|Electivire, M|item
|poke|p2|Noivern, F, shiny|item
|poke|p2|Haxorus, F, shiny|item
|poke|p2|Toxicroak, M|item
|rule|Swagger Clause: Swagger is banned
|rule|Baton Pass Clause: Limit one Baton Passer, can't pass Spe and other stats simultaneously
|teampreview
|c|★WoodyFTW|glhf
|c|★minolob|u too
|choice|team 6, team 2, team 3, team 4, team 5, team 1|team 5, team 2, team 3, team 4, team 1, team 6
|
|start
|switch|p1a: Hydreigon|Hydreigon, F|325\/325
|switch|p2a: Blades|Haxorus, F, shiny|293\/293
|-ability|p2a: Blades|Mold Breaker
|turn|1
|choice|move dracometeor|move dragondance
|
|move|p1a: Hydreigon|Draco Meteor|p2a: Blades
|-supereffective|p2a: Blades
|-damage|p2a: Blades|0 fnt
|-unboost|p1a: Hydreigon|spa|2
|faint|p2a: Blades
|
|upkeep
|choice||switch 3
|
|switch|p2a: Paul Strongest|Electivire, M|291\/291
|turn|2
|choice|switch 6|move crosschop
|
|switch|p1a: Krookodile|Krookodile, F|394\/394
|-ability|p1a: Krookodile|Intimidate|boost
|-unboost|p2a: Paul Strongest|atk|1
|move|p2a: Paul Strongest|Cross Chop|p1a: Krookodile
|-supereffective|p1a: Krookodile
|-damage|p1a: Krookodile|260\/394
|
|-heal|p1a: Krookodile|284\/394|[from] item: Leftovers
|upkeep
|turn|3
|choice|move stealthrock|switch 5
|
|switch|p2a: HULKAnator|Blastoise, M, shiny|301\/301
|move|p1a: Krookodile|Stealth Rock|p2a: HULKAnator
|-sidestart|p2: WoodyFTW|move: Stealth Rock
|
|-heal|p1a: Krookodile|308\/394|[from] item: Leftovers
|upkeep
|turn|4
|choice|switch 3|move aurasphere mega
|
|switch|p1a: Roserade|Roserade, M|261\/261
|detailschange|p2a: HULKAnator|Blastoise-Mega, M, shiny
|-mega|p2a: HULKAnator|Blastoise|Blastoisinite
|move|p2a: HULKAnator|Aura Sphere|p1a: Roserade
|-resisted|p1a: Roserade
|-damage|p1a: Roserade|190\/261
|
|-heal|p1a: Roserade|206\/261|[from] item: Black Sludge
|upkeep
|turn|5
|choice|move leafstorm|move icebeam
|
|move|p1a: Roserade|Leaf Storm|p2a: HULKAnator
|-supereffective|p2a: HULKAnator
|-damage|p2a: HULKAnator|0 fnt
|-unboost|p1a: Roserade|spa|2
|faint|p2a: HULKAnator
|
|-heal|p1a: Roserade|222\/261|[from] item: Black Sludge
|upkeep
|choice||switch 6
|
|switch|p2a: Gymnast|Toxicroak, M|307\/307
|-damage|p2a: Gymnast|288\/307|[from] Stealth Rock
|turn|6
|choice|switch 4|move swordsdance
|
|switch|p1a: Metagross|Metagross|364\/364
|move|p2a: Gymnast|Swords Dance|p2a: Gymnast
|-boost|p2a: Gymnast|atk|2
|
|upkeep
|turn|7
|choice|move earthquake|move suckerpunch
|
|move|p2a: Gymnast|Sucker Punch|p1a: Metagross
|-supereffective|p1a: Metagross
|-damage|p1a: Metagross|0 fnt
|-damage|p2a: Gymnast|258\/307|[from] item: Life Orb
|faint|p1a: Metagross
|
|upkeep
|choice|switch 6|
|
|switch|p1a: Hydreigon|Hydreigon, F|325\/325
|turn|8
|choice|move dracometeor|move drainpunch
|
|move|p1a: Hydreigon|Draco Meteor|p2a: Gymnast
|-damage|p2a: Gymnast|0 fnt
|-unboost|p1a: Hydreigon|spa|2
|faint|p2a: Gymnast
|
|upkeep
|choice||switch 4
|
|switch|p2a: Skylar|Noivern, F, shiny|311\/311
|-damage|p2a: Skylar|234\/311|[from] Stealth Rock
|turn|9
|choice|move dracometeor|move dracometeor
|
|move|p1a: Hydreigon|Draco Meteor|p2a: Skylar
|-supereffective|p2a: Skylar
|-damage|p2a: Skylar|0 fnt
|-unboost|p1a: Hydreigon|spa|2
|faint|p2a: Skylar
|
|upkeep
|choice||switch 2
|
|switch|p2a: Tiger|Arcanine, M|321\/321
|-damage|p2a: Tiger|241\/321|[from] Stealth Rock
|-ability|p2a: Tiger|Intimidate|boost
|-unboost|p1a: Hydreigon|atk|1
|turn|10
|c|★WoodyFTW|lol I'm bad
|choice|switch 5|move closecombat
|
|switch|p1a: Blastoise|Blastoise, F|345\/345
|move|p2a: Tiger|Close Combat|p1a: Blastoise
|-damage|p1a: Blastoise|202\/345
|-unboost|p2a: Tiger|def|1
|-unboost|p2a: Tiger|spd|1
|
|upkeep
|turn|11
|choice|move scald mega|move closecombat
|
|detailschange|p1a: Blastoise|Blastoise-Mega, F
|-mega|p1a: Blastoise|Blastoise|Blastoisinite
|move|p2a: Tiger|Close Combat|p1a: Blastoise
|-damage|p1a: Blastoise|92\/345
|-unboost|p2a: Tiger|def|1
|-unboost|p2a: Tiger|spd|1
|move|p1a: Blastoise|Scald|p2a: Tiger
|-supereffective|p2a: Tiger
|-damage|p2a: Tiger|0 fnt
|faint|p2a: Tiger
|
|upkeep
|choice||switch 5
|
|switch|p2a: Paul Strongest|Electivire, M|291\/291
|-damage|p2a: Paul Strongest|255\/291|[from] Stealth Rock
|turn|12
|choice|move scald|move crosschop
|
|move|p2a: Paul Strongest|Cross Chop|p1a: Blastoise
|-damage|p1a: Blastoise|0 fnt
|faint|p1a: Blastoise
|
|upkeep
|choice|switch 3|
|
|switch|p1a: Krookodile|Krookodile, F|308\/394
|-ability|p1a: Krookodile|Intimidate|boost
|-unboost|p2a: Paul Strongest|atk|1
|turn|13
|choice|move earthquake|move icepunch
|
|move|p2a: Paul Strongest|Ice Punch|p1a: Krookodile
|-supereffective|p1a: Krookodile
|-damage|p1a: Krookodile|210\/394
|move|p1a: Krookodile|Earthquake|p2a: Paul Strongest
|-supereffective|p2a: Paul Strongest
|-damage|p2a: Paul Strongest|0 fnt
|faint|p2a: Paul Strongest
|
|win|minolob
|player|p1
|player|p2
|c|★minolob|gg
|raw|minolob's rating: 1000 &rarr; <strong>1040<\/strong><br \/>(+40 for winning)
|raw|WoodyFTW's rating: 1000 &rarr; <strong>1000<\/strong><br \/>(+0 for losing)</script>
</div>
<div class="battle-log battle-log-inline"><div class="inner"><div class="battle-options"></div><div class="inner"><div class="chat"><small>minolob joined.</small></div><div class="chat"><small>WoodyFTW joined.</small></div><div class=""><small>Format:</small> <br><strong>UU</strong></div><div class="rated"><strong>Rated battle</strong></div><div class=""><small><em>Sleep Clause Mod:</em> Limit one foe put to sleep</small></div><div class=""><small><em>Species Clause:</em> Limit one of each Pokémon</small></div><div class=""><small><em>OHKO Clause:</em> OHKO moves are banned</small></div><div class=""><small><em>Moody Clause:</em> Moody is banned</small></div><div class=""><small><em>Evasion Moves Clause:</em> Evasion moves are banned</small></div><div class=""><small><em>Endless Battle Clause:</em> Forcing endless battles is banned</small></div><div class=""><small><em>HP Percentage Mod:</em> HP is shown in percentages</small></div><div class=""><small><em>Swagger Clause:</em> Swagger is banned</small></div><div class=""><small><em>Baton Pass Clause:</em> Limit one Baton Passer, can't pass Spe and other stats simultaneously</small></div><div class="chat battle-history"><strong>minolob's team:</strong> <em style="color:#445566;display:block;">Krookodile / Infernape / Roserade / Metagross / Blastoise / Hydreigon</em></div><div class="chat battle-history"><strong>WoodyFTW's team:</strong> <em style="color:#445566;display:block;">Blastoise / Arcanine / Electivire / Noivern / Haxorus / Toxicroak</em></div><div class="chat chatmessage-woodyftw"><strong style="color:hsl(3,45%,51.790617958425%)"><small>★</small><span class="username" data-name="WoodyFTW">WoodyFTW</span>:</strong> <em>glhf</em></div><div class="chat chatmessage-minolob"><strong style="color:hsl(269,42%,56.37599764993771%)"><small>★</small><span class="username" data-name="minolob">minolob</span>:</strong> <em>u too</em></div><div class="spacer battle-history"><br></div><div class="battle-history">Battle started between minolob and WoodyFTW!<br></div><div class="spacer battle-history"><br></div><div class="battle-history">Go! <strong>Hydreigon</strong>!<br></div><div class="spacer battle-history"><br></div><div class="battle-history">WoodyFTW sent out Blades (<strong>Haxorus</strong>)!<br></div><div class="battle-history"><small>[The opposing Blades's Mold Breaker]</small><br><small>The opposing Blades breaks the mold!</small><br></div><div class="spacer battle-history"><br></div><h2 class="battle-history">Turn 1</h2><div class="spacer battle-history"><br></div><div class="battle-history">Hydreigon used <strong>Draco Meteor</strong>!<br></div><div class="battle-history"><small>It's super effective!</small><br></div><div class="battle-history"><small>(The opposing Blades lost <abbr title="−293/293">100%</abbr> of its health!)</small><br></div><div class="battle-history"><small>Hydreigon's Special Attack fell harshly!</small><br></div><div class="spacer battle-history"><br></div><div class="battle-history">The opposing Blades fainted!<br></div><div class="spacer battle-history"><br></div><div class="battle-history">WoodyFTW sent out Paul Strongest (<strong>Electivire</strong>)!<br></div><div class="spacer battle-history"><br></div><h2 class="battle-history">Turn 2</h2><div class="spacer battle-history"><br></div><div class="battle-history">Hydreigon, come back!<br></div><div class="battle-history">Go! <strong>Krookodile</strong>!<br></div><div class="battle-history"><small>[Krookodile's Intimidate]</small><br></div><div class="battle-history"><small>The opposing Paul Strongest's Attack fell!</small><br></div><div class="spacer battle-history"><br></div><div class="battle-history">The opposing Paul Strongest used <strong>Cross Chop</strong>!<br></div><div class="battle-history"><small>It's super effective!</small><br></div><div class="battle-history"><small>(Krookodile lost <abbr title="−134/394">34.0%</abbr> of its health!)</small><br></div><div class="spacer battle-history"><br></div><div class="battle-history"><small>Krookodile restored a little HP using its Leftovers!</small><br></div><div class="spacer battle-history"><br></div><h2 class="battle-history">Turn 3</h2><div class="spacer battle-history"><br></div><div class="battle-history">WoodyFTW withdrew Paul Strongest!<br></div><div class="battle-history">WoodyFTW sent out HULKAnator (<strong>Blastoise</strong>)!<br></div><div class="spacer battle-history"><br></div><div class="battle-history">Krookodile used <strong>Stealth Rock</strong>!<br></div><div class="battle-history"><small>Pointed stones float in the air around the opposing team!</small><br></div><div class="spacer battle-history"><br></div><div class="battle-history"><small>Krookodile restored a little HP using its Leftovers!</small><br></div><div class="spacer battle-history"><br></div><h2 class="battle-history">Turn 4</h2><div class="spacer battle-history"><br></div><div class="battle-history">Krookodile, come back!<br></div><div class="battle-history">Go! <strong>Roserade</strong>!<br></div><div class="spacer battle-history"><br></div><div class="battle-history"><small>The opposing HULKAnator's Blastoisinite is reacting to WoodyFTW's Mega Bracelet!</small><br>The opposing HULKAnator has Mega Evolved into Mega Blastoise!<br></div><div class="spacer battle-history"><br></div><div class="battle-history">The opposing HULKAnator used <strong>Aura Sphere</strong>!<br></div><div class="battle-history"><small>It's not very effective...</small><br></div><div class="battle-history"><small>(Roserade lost <abbr title="−71/261">27.2%</abbr> of its health!)</small><br></div><div class="spacer battle-history"><br></div><div class="battle-history"><small>Roserade restored a little HP using its Black Sludge!</small><br></div><div class="spacer battle-history"><br></div><h2 class="battle-history">Turn 5</h2><div class="spacer battle-history"><br></div><div class="battle-history">Roserade used <strong>Leaf Storm</strong>!<br></div><div class="battle-history"><small>It's super effective!</small><br></div><div class="battle-history"><small>(The opposing HULKAnator lost <abbr title="−301/301">100%</abbr> of its health!)</small><br></div><div class="battle-history"><small>Roserade's Special Attack fell harshly!</small><br></div><div class="spacer battle-history"><br></div><div class="battle-history">The opposing HULKAnator fainted!<br></div><div class="spacer battle-history"><br></div><div class="battle-history"><small>Roserade restored a little HP using its Black Sludge!</small><br></div><div class="spacer battle-history"><br></div><div class="battle-history">WoodyFTW sent out Gymnast (<strong>Toxicroak</strong>)!<br></div><div class="battle-history"><small>Pointed stones dug into the opposing Gymnast!</small><br></div><div class="spacer battle-history"><br></div><h2 class="battle-history">Turn 6</h2><div class="spacer battle-history"><br></div><div class="battle-history">Roserade, come back!<br></div><div class="battle-history">Go! <strong>Metagross</strong>!<br></div><div class="spacer battle-history"><br></div><div class="battle-history">The opposing Gymnast used <strong>Swords Dance</strong>!<br></div><div class="battle-history"><small>The opposing Gymnast's Attack rose sharply!</small><br></div><div class="spacer battle-history"><br></div><h2 class="battle-history">Turn 7</h2><div class="spacer battle-history"><br></div><div class="battle-history">The opposing Gymnast used <strong>Sucker Punch</strong>!<br></div><div class="battle-history"><small>It's super effective!</small><br></div><div class="battle-history"><small>(Metagross lost <abbr title="−364/364">100%</abbr> of its health!)</small><br></div><div class="battle-history"><small>The opposing Gymnast lost some of its HP!</small><br></div><div class="spacer battle-history"><br></div><div class="battle-history">Metagross fainted!<br></div><div class="spacer battle-history"><br></div><div class="battle-history">Go! <strong>Hydreigon</strong>!<br></div><div class="spacer battle-history"><br></div><h2 class="battle-history">Turn 8</h2><div class="spacer battle-history"><br></div><div class="battle-history">Hydreigon used <strong>Draco Meteor</strong>!<br></div><div class="battle-history"><small>(The opposing Gymnast lost <abbr title="−258/307">84.0%</abbr> of its health!)</small><br></div><div class="battle-history"><small>Hydreigon's Special Attack fell harshly!</small><br></div><div class="spacer battle-history"><br></div><div class="battle-history">The opposing Gymnast fainted!<br></div><div class="spacer battle-history"><br></div><div class="battle-history">WoodyFTW sent out Skylar (<strong>Noivern</strong>)!<br></div><div class="battle-history"><small>Pointed stones dug into the opposing Skylar!</small><br></div><div class="spacer battle-history"><br></div><h2 class="battle-history">Turn 9</h2><div class="spacer battle-history"><br></div><div class="battle-history">Hydreigon used <strong>Draco Meteor</strong>!<br></div><div class="battle-history"><small>It's super effective!</small><br></div><div class="battle-history"><small>(The opposing Skylar lost <abbr title="−234/311">75.2%</abbr> of its health!)</small><br></div><div class="battle-history"><small>Hydreigon's Special Attack fell harshly!</small><br></div><div class="spacer battle-history"><br></div><div class="battle-history">The opposing Skylar fainted!<br></div><div class="spacer battle-history"><br></div><div class="battle-history">WoodyFTW sent out Tiger (<strong>Arcanine</strong>)!<br></div><div class="battle-history"><small>Pointed stones dug into the opposing Tiger!</small><br></div><div class="battle-history"><small>[The opposing Tiger's Intimidate]</small><br></div><div class="battle-history"><small>Hydreigon's Attack fell!</small><br></div><div class="spacer battle-history"><br></div><h2 class="battle-history">Turn 10</h2><div class="chat chatmessage-woodyftw"><strong style="color:hsl(3,45%,51.790617958425%)"><small>★</small><span class="username" data-name="WoodyFTW">WoodyFTW</span>:</strong> <em>lol I'm bad</em></div><div class="spacer battle-history"><br></div><div class="battle-history">Hydreigon, come back!<br></div><div class="battle-history">Go! <strong>Blastoise</strong>!<br></div><div class="spacer battle-history"><br></div><div class="battle-history">The opposing Tiger used <strong>Close Combat</strong>!<br></div><div class="battle-history"><small>(Blastoise lost <abbr title="−143/345">41.4%</abbr> of its health!)</small><br></div><div class="battle-history"><small>The opposing Tiger's Defense fell!</small><br></div><div class="battle-history"><small>The opposing Tiger's Special Defense fell!</small><br></div><div class="spacer battle-history"><br></div><h2 class="battle-history">Turn 11</h2><div class="spacer battle-history"><br></div><div class="battle-history"><small>Blastoise's Blastoisinite is reacting to minolob's Mega Bracelet!</small><br>Blastoise has Mega Evolved into Mega Blastoise!<br></div><div class="spacer battle-history"><br></div><div class="battle-history">The opposing Tiger used <strong>Close Combat</strong>!<br></div><div class="battle-history"><small>(Blastoise lost <abbr title="−110/345">31.9%</abbr> of its health!)</small><br></div><div class="battle-history"><small>The opposing Tiger's Defense fell!</small><br></div><div class="battle-history"><small>The opposing Tiger's Special Defense fell!</small><br></div><div class="spacer battle-history"><br></div><div class="battle-history">Blastoise used <strong>Scald</strong>!<br></div><div class="battle-history"><small>It's super effective!</small><br></div><div class="battle-history"><small>(The opposing Tiger lost <abbr title="−241/321">75.1%</abbr> of its health!)</small><br></div><div class="spacer battle-history"><br></div><div class="battle-history">The opposing Tiger fainted!<br></div><div class="spacer battle-history"><br></div><div class="battle-history">WoodyFTW sent out Paul Strongest (<strong>Electivire</strong>)!<br></div><div class="battle-history"><small>Pointed stones dug into the opposing Paul Strongest!</small><br></div><div class="spacer battle-history"><br></div><h2 class="battle-history">Turn 12</h2><div class="spacer battle-history"><br></div><div class="battle-history">The opposing Paul Strongest used <strong>Cross Chop</strong>!<br></div><div class="battle-history"><small>(Blastoise lost <abbr title="−92/345">26.7%</abbr> of its health!)</small><br></div><div class="spacer battle-history"><br></div><div class="battle-history">Blastoise fainted!<br></div><div class="spacer battle-history"><br></div><div class="battle-history">Go! <strong>Krookodile</strong>!<br></div><div class="battle-history"><small>[Krookodile's Intimidate]</small><br></div><div class="battle-history"><small>The opposing Paul Strongest's Attack fell!</small><br></div><div class="spacer battle-history"><br></div><h2 class="battle-history">Turn 13</h2><div class="spacer battle-history"><br></div><div class="battle-history">The opposing Paul Strongest used <strong>Ice Punch</strong>!<br></div><div class="battle-history"><small>It's super effective!</small><br></div><div class="battle-history"><small>(Krookodile lost <abbr title="−98/394">24.9%</abbr> of its health!)</small><br></div><div class="spacer battle-history"><br></div><div class="battle-history">Krookodile used <strong>Earthquake</strong>!<br></div><div class="battle-history"><small>It's super effective!</small><br></div><div class="battle-history"><small>(The opposing Paul Strongest lost <abbr title="−255/291">87.6%</abbr> of its health!)</small><br></div><div class="spacer battle-history"><br></div><div class="battle-history">The opposing Paul Strongest fainted!<br></div><div class="spacer battle-history"><br></div><div class="battle-history"><strong>minolob</strong> won the battle!<br></div><div class="chat chatmessage-minolob"><strong style="color:hsl(269,42%,56.37599764993771%)"><small>★</small><span class="username" data-name="minolob">minolob</span>:</strong> <em>gg</em></div><div class="chat">minolob's rating: 1000 → <strong>1040</strong><br>(+40 for winning)</div><div class="chat">WoodyFTW's rating: 1000 → <strong>1000</strong><br>(+0 for losing)</div></div><div class="inner-preempt"></div></div></div>
</div>
<script>
let daily = Math.floor(Date.now()/1000/60/60/24);document.write('<script src="https://play.pokemonshowdown.com/js/replay-embed.js?version'+daily+'"></'+'script>');
</script>
