<!DOCTYPE html>
<meta charset="utf-8" />
<!-- version 1 -->
<title>UU replay: Parnstar vs. Cauls</title>
<style>
html,body {font-family:Verdana, sans-serif;font-size:10pt;margin:0;padding:0;}body{padding:12px 0;} .battle-log {font-family:Verdana, sans-serif;font-size:10pt;} .battle-log-inline {border:1px solid #AAAAAA;background:#EEF2F5;color:black;max-width:640px;margin:0 auto 80px;padding-bottom:5px;} .battle-log .inner {padding:4px 8px 0px 8px;} .battle-log .inner-preempt {padding:0 8px 4px 8px;} .battle-log .inner-after {margin-top:0.5em;} .battle-log h2 {margin:0.5em -8px;padding:4px 8px;border:1px solid #AAAAAA;background:#E0E7EA;border-left:0;border-right:0;font-family:Verdana, sans-serif;font-size:13pt;} .battle-log .chat {vertical-align:middle;padding:3px 0 3px 0;font-size:8pt;} .battle-log .chat strong {color:#40576A;} .battle-log .chat em {padding:1px 4px 1px 3px;color:#000000;font-style:normal;} .chat.mine {background:rgba(0,0,0,0.05);margin-left:-8px;margin-right:-8px;padding-left:8px;padding-right:8px;} .spoiler {color:#BBBBBB;background:#BBBBBB;padding:0px 3px;} .spoiler:hover, .spoiler:active, .spoiler-shown {color:#000000;background:#E2E2E2;padding:0px 3px;} .spoiler a {color:#BBBBBB;} .spoiler:hover a, .spoiler:active a, .spoiler-shown a {color:#2288CC;} .chat code, .chat .spoiler:hover code, .chat .spoiler:active code, .chat .spoiler-shown code {border:1px solid #C0C0C0;background:#EEEEEE;color:black;padding:0 2px;} .chat .spoiler code {border:1px solid #CCCCCC;background:#CCCCCC;color:#CCCCCC;} .battle-log .rated {padding:3px 4px;} .battle-log .rated strong {color:white;background:#89A;padding:1px 4px;border-radius:4px;} .spacer {margin-top:0.5em;} .message-announce {background:#6688AA;color:white;padding:1px 4px 2px;} .message-announce a, .broadcast-green a, .broadcast-blue a, .broadcast-red a {color:#DDEEFF;} .broadcast-green {background-color:#559955;color:white;padding:2px 4px;} .broadcast-blue {background-color:#6688AA;color:white;padding:2px 4px;} .infobox {border:1px solid #6688AA;padding:2px 4px;} .infobox-limited {max-height:200px;overflow:auto;overflow-x:hidden;} .broadcast-red {background-color:#AA5544;color:white;padding:2px 4px;} .message-learn-canlearn {font-weight:bold;color:#228822;text-decoration:underline;} .message-learn-cannotlearn {font-weight:bold;color:#CC2222;text-decoration:underline;} .message-effect-weak {font-weight:bold;color:#CC2222;} .message-effect-resist {font-weight:bold;color:#6688AA;} .message-effect-immune {font-weight:bold;color:#666666;} .message-learn-list {margin-top:0;margin-bottom:0;} .message-throttle-notice, .message-error {color:#992222;} .message-overflow, .chat small.message-overflow {font-size:0pt;} .message-overflow::before {font-size:9pt;content:'...';} .subtle {color:#3A4A66;}
</style>
<div class="wrapper replay-wrapper" style="max-width:1180px;margin:0 auto">
<input type="hidden" name="replayid" value="uu-561336853" />
<div class="battle"></div><div class="battle-log"></div><div class="replay-controls"></div><div class="replay-controls-2"></div>
<h1 style="font-weight:normal;text-align:center"><strong>UU</strong><br /><a href="http://pokemonshowdown.com/users/parnstar" class="subtle" target="_blank">Parnstar</a> vs. <a href="http://pokemonshowdown.com/users/cauls" class="subtle" target="_blank">Cauls</a></h1>
<script type="text/plain" class="battle-log-data">|j|Parnstar
|j|Cauls
|player|p1|Parnstar|21
|player|p2|Cauls|169
|gametype|singles
|gen|6
|tier|UU
|rated
|seed|2935,515,56776,46281
|rule|Sleep Clause Mod: Limit one foe put to sleep
|rule|Species Clause: Limit one of each Pokémon
|rule|OHKO Clause: OHKO moves are banned
|rule|Moody Clause: Moody is banned
|rule|Evasion Moves Clause: Evasion moves are banned
|rule|Endless Battle Clause: Forcing endless battles is banned
|rule|HP Percentage Mod: HP is shown in percentages
|clearpoke
|poke|p1|Mamoswine, M|item
|poke|p1|Toxicroak, F|item
|poke|p1|Whimsicott, F|item
|poke|p1|Heliolisk, M|item
|poke|p1|Donphan, F|item
|poke|p1|Crawdaunt, F|item
|poke|p2|Diglett, M|item
|poke|p2|Galvantula, M|item
|poke|p2|Nidoking, M|item
|poke|p2|Durant, M|item
|poke|p2|Absol, M|item
|rule|Swagger Clause: Swagger is banned
|rule|Baton Pass Clause: Limit one Baton Passer, can't pass Spe and other stats simultaneously
|teampreview
|choice|team 5, team 2, team 3, team 4, team 1, team 6|team 2, team 1, team 3, team 4, team 5
|
|start
|switch|p1a: Mustard pass|Donphan, F|383\/383
|switch|p2a: Spiderman|Galvantula, M|281\/281
|turn|1
|choice|move stealthrock|move energyball
|
|move|p2a: Spiderman|Energy Ball|p1a: Mustard pass
|-supereffective|p1a: Mustard pass
|-damage|p1a: Mustard pass|79\/383
|move|p1a: Mustard pass|Stealth Rock|p2a: Spiderman
|-sidestart|p2: Cauls|move: Stealth Rock
|
|upkeep
|turn|2
|choice|move earthquake|move stickyweb
|-enditem|p1a: Mustard pass|Custap Berry|[eat]
|-activate|p1a: Mustard pass|item: Custap Berry
|
|move|p1a: Mustard pass|Earthquake|p2a: Spiderman
|-damage|p2a: Spiderman|89\/281
|move|p2a: Spiderman|Sticky Web|p1a: Mustard pass
|-sidestart|p1: Parnstar|move: Sticky Web
|
|upkeep
|turn|3
|choice|move roar|move energyball
|
|move|p2a: Spiderman|Energy Ball|p1a: Mustard pass
|-supereffective|p1a: Mustard pass
|-damage|p1a: Mustard pass|0 fnt
|faint|p1a: Mustard pass
|
|upkeep
|choice|switch 4|
|
|switch|p1a: Scared|Heliolisk, M|265\/265
|-item|p1a: Scared|Air Balloon
|turn|4
|choice|move hypervoice|move hiddenpower
|
|move|p1a: Scared|Hyper Voice|p2a: Spiderman
|-damage|p2a: Spiderman|0 fnt
|faint|p2a: Spiderman
|
|upkeep
|choice||switch 3
|
|switch|p2a: King|Nidoking, M|303\/303
|-damage|p2a: King|285\/303|[from] Stealth Rock
|turn|5
|choice|move surf|move stealthrock
|
|move|p1a: Scared|Surf|p2a: King
|-supereffective|p2a: King
|-damage|p2a: King|63\/303
|move|p2a: King|Stealth Rock|p1a: Scared
|-sidestart|p1: Parnstar|move: Stealth Rock
|
|upkeep
|turn|6
|choice|move surf|move suckerpunch
|
|move|p2a: King|Sucker Punch|p1a: Scared
|-damage|p1a: Scared|96\/265
|-enditem|p1a: Scared|Air Balloon
|-damage|p2a: King|33\/303|[from] item: Life Orb
|move|p1a: Scared|Surf|p2a: King
|-supereffective|p2a: King
|-damage|p2a: King|0 fnt
|faint|p2a: King
|
|upkeep
|choice||switch 4
|
|switch|p2a: No I c'Ant|Durant, M|320\/320
|-damage|p2a: No I c'Ant|280\/320|[from] Stealth Rock
|turn|7
|choice|move voltswitch|move entrainment
|
|move|p2a: No I c'Ant|Entrainment|p1a: Scared
|-endability|p1a: Scared|Dry Skin|[from] move: Entrainment
|-ability|p1a: Scared|Truant|[from] move: Entrainment
|move|p1a: Scared|Volt Switch|p2a: No I c'Ant
|-damage|p2a: No I c'Ant|69\/320
|c|☆Parnstar|Huh
|choice|switch 3|
|
|switch|p1a: Prick|Whimsicott, F|261\/261
|-damage|p1a: Prick|229\/261|[from] Stealth Rock
|-activate|p1a: Prick|move: Sticky Web
|-unboost|p1a: Prick|spe|1
|
|upkeep
|turn|8
|choice|move moonblast|move entrainment
|
|cant|p2a: No I c'Ant|ability: Truant
|move|p1a: Prick|Moonblast|p2a: No I c'Ant
|-resisted|p2a: No I c'Ant
|-damage|p2a: No I c'Ant|0 fnt
|faint|p2a: No I c'Ant
|
|upkeep
|-message|Cauls forfeited.
|
|win|Parnstar
|l|Cauls</script>
</div>
<div class="battle-log battle-log-inline"><div class="inner"><div class="battle-options"></div><div class="inner"><div class="chat"><small>Parnstar joined.</small></div><div class="chat"><small>Cauls joined.</small></div><div class=""><small>Format:</small> <br><strong>UU</strong></div><div class="rated"><strong>Rated battle</strong></div><div class=""><small><em>Sleep Clause Mod:</em> Limit one foe put to sleep</small></div><div class=""><small><em>Species Clause:</em> Limit one of each Pokémon</small></div><div class=""><small><em>OHKO Clause:</em> OHKO moves are banned</small></div><div class=""><small><em>Moody Clause:</em> Moody is banned</small></div><div class=""><small><em>Evasion Moves Clause:</em> Evasion moves are banned</small></div><div class=""><small><em>Endless Battle Clause:</em> Forcing endless battles is banned</small></div><div class=""><small><em>HP Percentage Mod:</em> HP is shown in percentages</small></div><div class=""><small><em>Swagger Clause:</em> Swagger is banned</small></div><div class=""><small><em>Baton Pass Clause:</em> Limit one Baton Passer, can't pass Spe and other stats simultaneously</small></div><div class="chat battle-history"><strong>Parnstar's team:</strong> <em style="color:#445566;display:block;">Mamoswine / Toxicroak / Whimsicott / Heliolisk / Donphan / Crawdaunt</em></div><div class="chat battle-history"><strong>Cauls's team:</strong> <em style="color:#445566;display:block;">Diglett / Galvantula / Nidoking / Durant / Absol</em></div><div class="spacer battle-history"><br></div><div class="battle-history">Battle started between Parnstar and Cauls!<br></div><div class="spacer battle-history"><br></div><div class="battle-history">Go! Mustard pass (<strong>Donphan</strong>)!<br></div><div class="spacer battle-history"><br></div><div class="battle-history">Cauls sent out Spiderman (<strong>Galvantula</strong>)!<br></div><div class="spacer battle-history"><br></div><h2 class="battle-history">Turn 1</h2><div class="spacer battle-history"><br></div><div class="battle-history">The opposing Spiderman used <strong>Energy Ball</strong>!<br></div><div class="battle-history"><small>It's super effective!</small><br></div><div class="battle-history"><small>(Mustard pass lost <abbr title="−304/383">79.4%</abbr> of its health!)</small><br></div><div class="spacer battle-history"><br></div><div class="battle-history">Mustard pass used <strong>Stealth Rock</strong>!<br></div><div class="battle-history"><small>Pointed stones float in the air around the opposing team!</small><br></div><div class="spacer battle-history"><br></div><h2 class="battle-history">Turn 2</h2><div class="spacer battle-history"><br></div><div class="battle-history"><small>Mustard pass ate its Custap Berry!</small><br></div><div class="battle-history"><small>Mustard pass's Custap Berry let it move first!</small><br></div><div class="spacer battle-history"><br></div><div class="battle-history">Mustard pass used <strong>Earthquake</strong>!<br></div><div class="battle-history"><small>(The opposing Spiderman lost <abbr title="−192/281">68.3%</abbr> of its health!)</small><br></div><div class="spacer battle-history"><br></div><div class="battle-history">The opposing Spiderman used <strong>Sticky Web</strong>!<br></div><div class="battle-history"><small>A sticky web spreads out on the ground around your team!</small><br></div><div class="spacer battle-history"><br></div><h2 class="battle-history">Turn 3</h2><div class="spacer battle-history"><br></div><div class="battle-history">The opposing Spiderman used <strong>Energy Ball</strong>!<br></div><div class="battle-history"><small>It's super effective!</small><br></div><div class="battle-history"><small>(Mustard pass lost <abbr title="−79/383">20.6%</abbr> of its health!)</small><br></div><div class="spacer battle-history"><br></div><div class="battle-history">Mustard pass fainted!<br></div><div class="spacer battle-history"><br></div><div class="battle-history">Go! Scared (<strong>Heliolisk</strong>)!<br></div><div class="battle-history"><small>Scared floats in the air with its Air Balloon!</small><br></div><div class="spacer battle-history"><br></div><h2 class="battle-history">Turn 4</h2><div class="spacer battle-history"><br></div><div class="battle-history">Scared used <strong>Hyper Voice</strong>!<br></div><div class="battle-history"><small>(The opposing Spiderman lost <abbr title="−89/281">31.7%</abbr> of its health!)</small><br></div><div class="spacer battle-history"><br></div><div class="battle-history">The opposing Spiderman fainted!<br></div><div class="spacer battle-history"><br></div><div class="battle-history">Cauls sent out King (<strong>Nidoking</strong>)!<br></div><div class="battle-history"><small>Pointed stones dug into the opposing King!</small><br></div><div class="spacer battle-history"><br></div><h2 class="battle-history">Turn 5</h2><div class="spacer battle-history"><br></div><div class="battle-history">Scared used <strong>Surf</strong>!<br></div><div class="battle-history"><small>It's super effective!</small><br></div><div class="battle-history"><small>(The opposing King lost <abbr title="−222/303">73.3%</abbr> of its health!)</small><br></div><div class="spacer battle-history"><br></div><div class="battle-history">The opposing King used <strong>Stealth Rock</strong>!<br></div><div class="battle-history"><small>Pointed stones float in the air around your team!</small><br></div><div class="spacer battle-history"><br></div><h2 class="battle-history">Turn 6</h2><div class="spacer battle-history"><br></div><div class="battle-history">The opposing King used <strong>Sucker Punch</strong>!<br></div><div class="battle-history"><small>(Scared lost <abbr title="−169/265">63.8%</abbr> of its health!)</small><br></div><div class="battle-history"><small>Scared's Air Balloon popped!</small><br></div><div class="battle-history"><small>The opposing King lost some of its HP!</small><br></div><div class="spacer battle-history"><br></div><div class="battle-history">Scared used <strong>Surf</strong>!<br></div><div class="battle-history"><small>It's super effective!</small><br></div><div class="battle-history"><small>(The opposing King lost <abbr title="−33/303">10.9%</abbr> of its health!)</small><br></div><div class="spacer battle-history"><br></div><div class="battle-history">The opposing King fainted!<br></div><div class="spacer battle-history"><br></div><div class="battle-history">Cauls sent out No I c'Ant (<strong>Durant</strong>)!<br></div><div class="battle-history"><small>Pointed stones dug into the opposing No I c'Ant!</small><br></div><div class="spacer battle-history"><br></div><h2 class="battle-history">Turn 7</h2><div class="spacer battle-history"><br></div><div class="battle-history">The opposing No I c'Ant used <strong>Entrainment</strong>!<br></div><div class="battle-history"><small>[Scared's Dry Skin]</small><br></div><div class="battle-history"><small>[Scared's Truant]</small><br><small>Scared acquired Truant!</small><br></div><div class="spacer battle-history"><br></div><div class="battle-history">Scared used <strong>Volt Switch</strong>!<br></div><div class="battle-history"><small>(The opposing No I c'Ant lost <abbr title="−211/320">65.9%</abbr> of its health!)</small><br></div><div class="chat chatmessage-parnstar"><strong style="color:hsl(41,84%,41.163999978976825%)"><small>☆</small><span class="username" data-name="Parnstar">Parnstar</span>:</strong> <em>Huh</em></div><div class="spacer battle-history"><br></div><div class="battle-history">Scared went back to Parnstar!<br></div><div class="battle-history">Go! Prick (<strong>Whimsicott</strong>)!<br></div><div class="battle-history"><small>Pointed stones dug into Prick!</small><br></div><div class="battle-history"><small>Prick was caught in a sticky web!</small><br></div><div class="battle-history"><small>Prick's Speed fell!</small><br></div><div class="spacer battle-history"><br></div><h2 class="battle-history">Turn 8</h2><div class="spacer battle-history"><br></div><div class="battle-history"><small>[The opposing No I c'Ant's Truant]</small><br>The opposing No I c'Ant is loafing around!<br></div><div class="spacer battle-history"><br></div><div class="battle-history">Prick used <strong>Moonblast</strong>!<br></div><div class="battle-history"><small>It's not very effective...</small><br></div><div class="battle-history"><small>(The opposing No I c'Ant lost <abbr title="−69/320">21.6%</abbr> of its health!)</small><br></div><div class="spacer battle-history"><br></div><div class="battle-history">The opposing No I c'Ant fainted!<br></div><div class="spacer battle-history"><br></div><div class="battle-history"><small>Cauls forfeited.</small><br></div><div class="spacer battle-history"><br></div><div class="battle-history"><strong>Parnstar</strong> won the battle!<br></div><div class="chat"><small>Cauls left.</small></div></div><div class="inner-preempt"></div></div></div>
</div>
<script>
let daily = Math.floor(Date.now()/1000/60/60/24);document.write('<script src="https://play.pokemonshowdown.com/js/replay-embed.js?version'+daily+'"></'+'script>');
</script>
