<!DOCTYPE html>
<meta charset="utf-8" />
<!-- version 1 -->
<title>UU replay: we got the meat vs. Lcans✔️</title>
<style>
html,body {font-family:Verdana, sans-serif;font-size:10pt;margin:0;padding:0;}body{padding:12px 0;} .battle-log {font-family:Verdana, sans-serif;font-size:10pt;} .battle-log-inline {border:1px solid #AAAAAA;background:#EEF2F5;color:black;max-width:640px;margin:0 auto 80px;padding-bottom:5px;} .battle-log .inner {padding:4px 8px 0px 8px;} .battle-log .inner-preempt {padding:0 8px 4px 8px;} .battle-log .inner-after {margin-top:0.5em;} .battle-log h2 {margin:0.5em -8px;padding:4px 8px;border:1px solid #AAAAAA;background:#E0E7EA;border-left:0;border-right:0;font-family:Verdana, sans-serif;font-size:13pt;} .battle-log .chat {vertical-align:middle;padding:3px 0 3px 0;font-size:8pt;} .battle-log .chat strong {color:#40576A;} .battle-log .chat em {padding:1px 4px 1px 3px;color:#000000;font-style:normal;} .chat.mine {background:rgba(0,0,0,0.05);margin-left:-8px;margin-right:-8px;padding-left:8px;padding-right:8px;} .spoiler {color:#BBBBBB;background:#BBBBBB;padding:0px 3px;} .spoiler:hover, .spoiler:active, .spoiler-shown {color:#000000;background:#E2E2E2;padding:0px 3px;} .spoiler a {color:#BBBBBB;} .spoiler:hover a, .spoiler:active a, .spoiler-shown a {color:#2288CC;} .chat code, .chat .spoiler:hover code, .chat .spoiler:active code, .chat .spoiler-shown code {border:1px solid #C0C0C0;background:#EEEEEE;color:black;padding:0 2px;} .chat .spoiler code {border:1px solid #CCCCCC;background:#CCCCCC;color:#CCCCCC;} .battle-log .rated {padding:3px 4px;} .battle-log .rated strong {color:white;background:#89A;padding:1px 4px;border-radius:4px;} .spacer {margin-top:0.5em;} .message-announce {background:#6688AA;color:white;padding:1px 4px 2px;} .message-announce a, .broadcast-green a, .broadcast-blue a, .broadcast-red a {color:#DDEEFF;} .broadcast-green {background-color:#559955;color:white;padding:2px 4px;} .broadcast-blue {background-color:#6688AA;color:white;padding:2px 4px;} .infobox {border:1px solid #6688AA;padding:2px 4px;} .infobox-limited {max-height:200px;overflow:auto;overflow-x:hidden;} .broadcast-red {background-color:#AA5544;color:white;padding:2px 4px;} .message-learn-canlearn {font-weight:bold;color:#228822;text-decoration:underline;} .message-learn-cannotlearn {font-weight:bold;color:#CC2222;text-decoration:underline;} .message-effect-weak {font-weight:bold;color:#CC2222;} .message-effect-resist {font-weight:bold;color:#6688AA;} .message-effect-immune {font-weight:bold;color:#666666;} .message-learn-list {margin-top:0;margin-bottom:0;} .message-throttle-notice, .message-error {color:#992222;} .message-overflow, .chat small.message-overflow {font-size:0pt;} .message-overflow::before {font-size:9pt;content:'...';} .subtle {color:#3A4A66;}
</style>
<div class="wrapper replay-wrapper" style="max-width:1180px;margin:0 auto">
<input type="hidden" name="replayid" value="smogtours-uu-272097" />
<div class="battle"></div><div class="battle-log"></div><div class="replay-controls"></div><div class="replay-controls-2"></div>
<h1 style="font-weight:normal;text-align:center"><strong>UU</strong><br /><a href="http://pokemonshowdown.com/users/wegotthemeat" class="subtle" target="_blank">we got the meat</a> vs. <a href="http://pokemonshowdown.com/users/lcans" class="subtle" target="_blank">Lcans✔️</a></h1>
<script type="text/plain" class="battle-log-data">|inactive|Battle timer is ON: inactive players will automatically lose when time's up.
|J|we got the meat
|J|Lcans✔️
|player|p1|we got the meat|19
|player|p2|Lcans✔️|13
|gametype|singles
|gen|6
|tier|UU
|seed|25038,20054,11481,15545
|rule|Sleep Clause Mod: Limit one foe put to sleep
|rule|Species Clause: Limit one of each Pokémon
|rule|OHKO Clause: OHKO moves are banned
|rule|Moody Clause: Moody is banned
|rule|Evasion Moves Clause: Evasion moves are banned
|rule|Endless Battle Clause: Forcing endless battles is banned
|rule|HP Percentage Mod: HP is shown in percentages
|clearpoke
|poke|p1|Gligar, M, shiny|item
|poke|p1|Klefki, F, shiny|item
|poke|p1|Blastoise, M|item
|poke|p1|Toxicroak, M|item
|poke|p1|Hydreigon, M|item
|poke|p1|Durant, M, shiny|item
|poke|p2|Swampert, M|item
|poke|p2|Celebi|item
|poke|p2|Tornadus, M|item
|poke|p2|Klefki, M|item
|poke|p2|Tentacruel, M|item
|poke|p2|Aerodactyl, M|item
|rule|Swagger Clause: Swagger is banned
|rule|Baton Pass Clause: Limit one Baton Passer, can't pass Spe and other stats simultaneously
|teampreview
|J|FLCL
|c|+FLCL|3-6
|J|asdsadasdsaasdad
|J|soulgazer
|J|aherosdestiny◆
|c|☆we got the meat|looks like it yeah
|c|+soulgazer|SO GOUD
|choice|team 3, team 2, team 1, team 4, team 5, team 6|team 3, team 2, team 1, team 4, team 5, team 6
|
|start
|switch|p1a: FRESH|Blastoise, M|321\/321
|switch|p2a: Tornadus|Tornadus, M|299\/299
|turn|1
|J|Bouff
|c|+soulgazer|man
|c|+soulgazer|fresh meat
|J|pantomini carbonet
|choice|move icebeam mega|move uturn
|
|detailschange|p1a: FRESH|Blastoise-Mega, M
|-mega|p1a: FRESH|Blastoise|Blastoisinite
|move|p2a: Tornadus|U-turn|p1a: FRESH
|-damage|p1a: FRESH|274\/321
|choice||switch 5
|
|switch|p2a: Tentacruel|Tentacruel, M|361\/361
|move|p1a: FRESH|Ice Beam|p2a: Tentacruel
|-resisted|p2a: Tentacruel
|-damage|p2a: Tentacruel|305\/361
|
|-heal|p2a: Tentacruel|327\/361|[from] item: Black Sludge
|upkeep
|turn|2
|J|Advantage
|J|MEEP$$$$$$$$$$$S
|c|+Advantage|meat
|J|h_T
|choice|switch 4|move scald
|
|switch|p1a: OUT|Toxicroak, M|307\/307
|move|p2a: Tentacruel|Scald|p1a: OUT
|-immune|p1a: OUT|[msg]|[from] ability: Dry Skin
|
|-heal|p2a: Tentacruel|349\/361|[from] item: Black Sludge
|upkeep
|turn|3
|J|Amaroq
|J|Omfuga
|J|killintime
|c|+Omfuga|how can any1 play a gen without turtonator
|c|+Omfuga|............
|c|+soulgazer|.
|c|+MEEP$$$$$$$$$$$S|yeah
|c|+MEEP$$$$$$$$$$$S|every gen but sm is shit
|choice|switch 6|switch 3
|
|switch|p1a: KITCHEN|Durant, M, shiny|257\/257
|switch|p2a: Swampert|Swampert, M|401\/401
|
|upkeep
|turn|4
|c|+FLCL|omg.
|choice|move xscissor|switch 4
|
|switch|p2a: Klefki|Klefki, M|318\/318
|move|p1a: KITCHEN|X-Scissor|p2a: Klefki
|-resisted|p2a: Klefki
|-damage|p2a: Klefki|239\/318
|
|-heal|p2a: Klefki|258\/318|[from] item: Leftovers
|upkeep
|turn|5
|J|bro fist
|J|Pearl ★
|c|+soulgazer|so you are the ungodly being that made yabo use this alolan torkoal?
|c|+Advantage|LOL
|choice|switch 3|move spikes
|
|switch|p1a: HOT|Gligar, M, shiny|331\/331
|move|p2a: Klefki|Spikes|p1a: HOT
|-sidestart|p1: we got the meat|Spikes
|
|-heal|p2a: Klefki|277\/318|[from] item: Leftovers
|upkeep
|turn|6
|choice|move uturn|switch 5
|
|switch|p2a: Tornadus|Tornadus, M|299\/299
|move|p1a: HOT|U-turn|p2a: Tornadus
|-resisted|p2a: Tornadus
|-damage|p2a: Tornadus|267\/299
|choice|switch 2|
|
|switch|p1a: N|Klefki, F, shiny|317\/317
|-damage|p1a: N|278\/317|[from] Spikes
|
|-heal|p1a: N|297\/317|[from] item: Leftovers
|upkeep
|turn|7
|c|+Omfuga|soulgazer im tryna cop that fucking team
|c|+Omfuga|no ones passing it to me
|choice|move spikes|switch 3
|
|switch|p2a: Tentacruel|Tentacruel, M|349\/361
|move|p1a: N|Spikes|p2a: Tentacruel
|-sidestart|p2: Lcans✔️|Spikes
|
|-heal|p2a: Tentacruel|361\/361|[from] item: Black Sludge
|-heal|p1a: N|316\/317|[from] item: Leftovers
|upkeep
|turn|8
|J|Pak
|choice|move thunderwave|move rapidspin
|
|move|p1a: N|Thunder Wave|p2a: Tentacruel
|-status|p2a: Tentacruel|par
|cant|p2a: Tentacruel|par
|
|-heal|p1a: N|317\/317|[from] item: Leftovers
|upkeep
|turn|9
|c|+FLCL|good
|c|+Pak|meat
|choice|switch 2|move rapidspin
|
|switch|p1a: HOT|Gligar, M, shiny|331\/331
|cant|p2a: Tentacruel|par
|
|upkeep
|turn|10
|J|Finchinator
|choice|move stealthrock|switch 3
|
|switch|p2a: Tornadus|Tornadus, M|267\/299
|move|p1a: HOT|Stealth Rock|p2a: Tornadus
|-sidestart|p2: Lcans✔️|move: Stealth Rock
|
|upkeep
|turn|11
|J|ACakeWearingAHat
|c|+Bouff|holy samuel
|choice|move roost|move hurricane
|
|move|p2a: Tornadus|Hurricane|p1a: HOT
|-damage|p1a: HOT|135\/331
|move|p1a: HOT|Roost|p1a: HOT
|-heal|p1a: HOT|301\/331
|
|upkeep
|turn|12
|c|+FLCL|0
|choice|switch 2|move hurricane
|
|switch|p1a: N|Klefki, F, shiny|317\/317
|-damage|p1a: N|278\/317|[from] Spikes
|move|p2a: Tornadus|Hurricane|p1a: N
|-resisted|p1a: N
|-damage|p1a: N|156\/317
|
|-heal|p1a: N|175\/317|[from] item: Leftovers
|upkeep
|turn|13
|c|+Advantage|that did so much
|c|+Finchinator|oml
|choice|switch 6|switch 3
|
|switch|p2a: Tentacruel|Tentacruel, M|361\/361 par
|-damage|p2a: Tentacruel|316\/361 par|[from] Spikes
|-damage|p2a: Tentacruel|271\/361 par|[from] Stealth Rock
|switch|p1a: OUT|Toxicroak, M|307\/307
|-damage|p1a: OUT|269\/307|[from] Spikes
|
|-heal|p2a: Tentacruel|293\/361 par|[from] item: Black Sludge
|upkeep
|turn|14
|L|Pak
|c|+Advantage|meat
|choice|move swordsdance|move rapidspin
|
|move|p1a: OUT|Swords Dance|p1a: OUT
|-boost|p1a: OUT|atk|2
|cant|p2a: Tentacruel|par
|
|-heal|p2a: Tentacruel|315\/361 par|[from] item: Black Sludge
|upkeep
|turn|15
|c|%Pearl ★|meat
|c|+FLCL|lit
|c|+Bouff|MEAT
|c|+killintime|balanced
|J|Pak
|choice|move drainpunch|move rapidspin
|
|move|p1a: OUT|Drain Punch|p2a: Tentacruel
|-resisted|p2a: Tentacruel
|-damage|p2a: Tentacruel|176\/361 par
|-damage|p1a: OUT|199\/307|[from] ability: Liquid Ooze|[of] p2a: Tentacruel
|-damage|p1a: OUT|169\/307|[from] item: Life Orb
|move|p2a: Tentacruel|Rapid Spin|p1a: OUT
|-damage|p1a: OUT|153\/307
|-sideend|p2: Lcans✔️|Spikes|[from] move: Rapid Spin|[of] p2a: Tentacruel
|-sideend|p2: Lcans✔️|Stealth Rock|[from] move: Rapid Spin|[of] p2a: Tentacruel
|
|-heal|p2a: Tentacruel|198\/361 par|[from] item: Black Sludge
|upkeep
|turn|16
|c|+soulgazer|this meat
|c|%Pearl ★|.
|c|+soulgazer|OMG
|c|+FLCL|.
|c|+Advantage|.
|c|%Pearl ★|sam??????????????????
|c|+Omfuga|lmfao
|c|+Omfuga|ass
|c|+Bouff|SAM
|c|+Advantage|LOL
|c|+soulgazer|rotten squid
|choice|move swordsdance|move toxicspikes
|
|move|p1a: OUT|Swords Dance|p1a: OUT
|-boost|p1a: OUT|atk|2
|move|p2a: Tentacruel|Toxic Spikes|p1a: OUT
|-sidestart|p1: we got the meat|move: Toxic Spikes
|
|-heal|p2a: Tentacruel|220\/361 par|[from] item: Black Sludge
|upkeep
|turn|17
|c|+Advantage|the great lcans isnt phazed 1 bit 
|choice|move gunkshot|move knockoff
|
|move|p1a: OUT|Gunk Shot|p2a: Tentacruel
|-resisted|p2a: Tentacruel
|-damage|p2a: Tentacruel|0 fnt
|-damage|p1a: OUT|123\/307|[from] item: Life Orb
|faint|p2a: Tentacruel
|
|upkeep
|c|%Pearl ★|if lcans was a kekker
|c|+Omfuga|why not sd again
|c|%Pearl ★|haze
|J|ricky eat acid
|c|☆we got the meat|^
|c|+Omfuga|if he had haze
|c|+Omfuga|he'd have used it there
|c|%Pearl ★|if lcans was a kekker he'd say 
|c|+Omfuga|,,,
|c|@rozes|MEAT
|c|%Pearl ★|"u jut got lcanned!!"
|c|☆we got the meat|he wanted to get them up first
|c|+Advantage|LOL
|c|+soulgazer|rmbr when poek got SCANNED by xray
|c|+soulgazer|in spl
|choice||switch 5
|
|switch|p2a: Klefki|Klefki, M|277\/318
|turn|18
|c|%Pearl ★|LOL
|c|+Omfuga|,
|c|+Omfuga|respectable play by lcans
|choice|move drainpunch|move thunderwave
|
|move|p2a: Klefki|Thunder Wave|p1a: OUT
|-status|p1a: OUT|par
|move|p1a: OUT|Drain Punch|p2a: Klefki
|-damage|p2a: Klefki|0 fnt
|-heal|p1a: OUT|262\/307 par|[from] drain|[of] p2a: Klefki
|-damage|p1a: OUT|232\/307 par|[from] item: Life Orb
|faint|p2a: Klefki
|
|upkeep
|choice||switch 4
|
|switch|p2a: Swampert|Swampert, M|401\/401
|turn|19
|c|+soulgazer|fp
|c|+Omfuga|,
|c|+Omfuga|hes sr-ing
|c|+Omfuga|anyway
|c|+Omfuga|lol.
|c|+soulgazer|.
|c|+Advantage|no mans 
|c|+soulgazer|if he sr
|J|Arifeen
|c|+soulgazer|ill send u nudes
|c|+Arifeen|MEAT
|c|+Omfuga|.
|c|+Omfuga|no thanks.
|c|%Pearl ★|what if hes suicide lead aero
|c|%Pearl ★|and megapert
|c|+killintime|if he scalds I don't think I can stay and watch
|c|+Advantage|rd on sucker
|c|+Omfuga|:weary: 
|c|+Omfuga|sr wouldnt even do anything
|c|+Omfuga|it'd just be hot as fuck
|choice|move suckerpunch|move earthquake
|
|move|p1a: OUT|Sucker Punch|p2a: Swampert
|-damage|p2a: Swampert|168\/401
|-damage|p1a: OUT|202\/307 par|[from] item: Life Orb
|move|p2a: Swampert|Earthquake|p1a: OUT
|-supereffective|p1a: OUT
|-damage|p1a: OUT|0 fnt
|faint|p1a: OUT
|
|-heal|p2a: Swampert|193\/401|[from] item: Leftovers
|upkeep
|c|+Omfuga|why sack the klefki tho
|c|+Omfuga|,,,
|c|+soulgazer|that did nothing
|c|+Omfuga|I guess
|c|+Omfuga|ihead got a kill every time
|c|+Omfuga|otherwise
|c|+Advantage|doubting the great lcans?
|c|+Advantage|laughable
|c|%Pearl ★|https:\/\/www.youtube.com\/watch?v=y6y_4_b6RS8
|choice|switch 4|
|
|switch|p1a: FRESH|Blastoise-Mega, M|274\/321
|-status|p1a: FRESH|psn
|-damage|p1a: FRESH|234\/321 psn|[from] Spikes
|turn|20
|c|%Pearl ★|can i get a doot doot
|J|lax.
|c|+soulgazer|anyone else wants to beat his meat
|choice|move darkpulse|switch 2
|
|switch|p2a: Celebi|Celebi|341\/341
|move|p1a: FRESH|Dark Pulse|p2a: Celebi
|-supereffective|p2a: Celebi
|-damage|p2a: Celebi|1\/341
|
|-heal|p2a: Celebi|22\/341|[from] item: Leftovers
|-damage|p1a: FRESH|194\/321 psn|[from] psn
|upkeep
|turn|21
|c|%Pearl ★|MEAT
|c|@rozes|99?
|c|+soulgazer|99
|c|+Arifeen|how
|c|+soulgazer|fresh ev spread 
|choice|switch 2|move gigadrain
|
|switch|p1a: HOT|Gligar, M, shiny|301\/331
|move|p2a: Celebi|Giga Drain|p1a: HOT
|-damage|p1a: HOT|219\/331
|-heal|p2a: Celebi|63\/341|[from] drain|[of] p1a: HOT
|
|-heal|p2a: Celebi|84\/341|[from] item: Leftovers
|upkeep
|turn|22
|c|+Omfuga|did blastoise's ass eat the tspikes
|c|+Omfuga|did any1 see
|c|+Omfuga|wtf
|c|+killintime|,
|choice|move stealthrock|switch 3
|
|switch|p2a: Tornadus|Tornadus, M|267\/299
|move|p1a: HOT|Stealth Rock|p2a: Tornadus
|-sidestart|p2: Lcans✔️|move: Stealth Rock
|
|upkeep
|turn|23
|choice|switch 6|move hurricane
|
|switch|p1a: N|Klefki, F, shiny|175\/317
|-damage|p1a: N|136\/317|[from] Spikes
|move|p2a: Tornadus|Hurricane|p1a: N
|-resisted|p1a: N
|-damage|p1a: N|9\/317
|
|-heal|p1a: N|28\/317|[from] item: Leftovers
|upkeep
|turn|24
|choice|move toxic|switch 2
|
|switch|p2a: Swampert|Swampert, M|193\/401
|-damage|p2a: Swampert|168\/401|[from] Stealth Rock
|move|p1a: N|Toxic|p2a: Swampert
|-status|p2a: Swampert|tox
|
|-heal|p1a: N|47\/317|[from] item: Leftovers
|-heal|p2a: Swampert|193\/401 tox|[from] item: Leftovers
|-damage|p2a: Swampert|168\/401 tox|[from] psn
|upkeep
|turn|25
|c|+FLCL|omg
|c|+FLCL|predixxxxxxxxxxxxxxxxxxxxxxx
|choice|move spikes|move scald
|
|move|p1a: N|Spikes|p2a: Swampert
|-sidestart|p2: Lcans✔️|Spikes
|move|p2a: Swampert|Scald|p1a: N
|-damage|p1a: N|0 fnt
|faint|p1a: N
|
|-heal|p2a: Swampert|193\/401 tox|[from] item: Leftovers
|-damage|p2a: Swampert|143\/401 tox|[from] psn
|upkeep
|c|+Bouff|samuel!
|c|+soulgazer|this freak
|choice|switch 5|
|
|switch|p1a: THE|Hydreigon, M|325\/325
|turn|26
|choice|move dracometeor|move stealthrock
|
|move|p1a: THE|Draco Meteor|p2a: Swampert
|-damage|p2a: Swampert|0 fnt
|-unboost|p1a: THE|spa|2
|faint|p2a: Swampert
|
|upkeep
|c|+soulgazer|how did that kill
|c|+Advantage|.
|c|+Bouff|.
|choice||switch 6
|
|switch|p2a: Aerodactyl|Aerodactyl, M|301\/301
|-ability|p2a: Aerodactyl|Unnerve|p1: we got the meat
|-damage|p2a: Aerodactyl|226\/301|[from] Stealth Rock
|turn|27
|c|+Bouff|sg?
|c|+soulgazer|has to be specs
|c|+soulgazer|no other way
|c|+Advantage|i forbid u from re joining the nu community
|choice|switch 6|move stoneedge mega
|
|switch|p1a: HOT|Gligar, M, shiny|219\/331
|detailschange|p2a: Aerodactyl|Aerodactyl-Mega, M
|-mega|p2a: Aerodactyl|Aerodactyl|Aerodactylite
|move|p2a: Aerodactyl|Stone Edge|p1a: HOT|[miss]
|-miss|p2a: Aerodactyl|p1a: HOT
|
|upkeep
|turn|28
|c|@rozes|advantage ur out of the nu community
|c|+FLCL|what happened to nu
|c|@rozes|soulgazer weclome back 
|c|@rozes|FLCL u2
|c|+FLCL|wasnt it supposed to come this month
|choice|move roost|move roost
|
|move|p2a: Aerodactyl|Roost|p2a: Aerodactyl
|-heal|p2a: Aerodactyl|301\/301
|move|p1a: HOT|Roost|p1a: HOT
|-heal|p1a: HOT|331\/331
|
|upkeep
|turn|29
|c|@rozes|server broke
|c|+Amaroq|no stats
|c|+Advantage|usage stats got delayed 
|c|+killintime|cucked
|c|+FLCL|useless tier leaders
|c|+FLCL|sigh
|c|+Advantage|preach
|J|Shiba
|c|+FLCL|back in the days we woulda made up our own stats
|c|+MEEP$$$$$$$$$$$S|yeah
|c|+MEEP$$$$$$$$$$$S|just make up ur own tiers
|choice|move uturn|move pursuit
|
|move|p2a: Aerodactyl|Pursuit|p1a: HOT
|-damage|p1a: HOT|296\/331
|move|p1a: HOT|U-turn|p2a: Aerodactyl
|-resisted|p2a: Aerodactyl
|-damage|p2a: Aerodactyl|275\/301
|choice|switch 3|
|
|switch|p1a: KITCHEN|Durant, M, shiny|257\/257
|-damage|p1a: KITCHEN|225\/257|[from] Spikes
|
|upkeep
|turn|30
|c|+soulgazer|back in my days zeb was good
|c|+FLCL|he is good
|c|+Arifeen|why is durants name kitchen
|c|+FLCL|2-0 in playoffs
|c|+Advantage|zeb is good wtf
|c|+killintime|ants in the kitchen
|choice|move ironhead|switch 3
|
|switch|p2a: Celebi|Celebi|84\/341
|-damage|p2a: Celebi|42\/341|[from] Spikes
|-damage|p2a: Celebi|0 fnt|[from] Stealth Rock
|faint|p2a: Celebi
|move|p1a: KITCHEN|Iron Head|p2: Celebi|[notarget]
|-notarget
|
|upkeep
|choice||switch 2
|
|switch|p2a: Tornadus|Tornadus, M|267\/299
|-damage|p2a: Tornadus|193\/299|[from] Stealth Rock
|turn|31
|choice|switch 3|move hurricane
|
|switch|p1a: HOT|Gligar, M, shiny|296\/331
|move|p2a: Tornadus|Hurricane|p1a: HOT|[miss]
|-miss|p2a: Tornadus|p1a: HOT
|
|upkeep
|turn|32
|c|+killintime|or do you not have those in bangladash
|choice|move uturn|move hurricane
|
|move|p2a: Tornadus|Hurricane|p1a: HOT
|-damage|p1a: HOT|91\/331
|-start|p1a: HOT|confusion
|-activate|p1a: HOT|confusion
|-damage|p1a: HOT|77\/331|[from] confusion
|
|upkeep
|turn|33
|c|+Advantage|justice
|c|+Bouff|i did on this one
|c|+Bouff|really hot year
|c|+Bouff|a few years back
|c|+Bouff|it was p bad
|choice|move uturn|move hurricane
|
|move|p2a: Tornadus|Hurricane|p1a: HOT
|-damage|p1a: HOT|0 fnt
|faint|p1a: HOT
|
|upkeep
|c|%Pearl ★|hmm
|choice|switch 6|
|
|switch|p1a: THE|Hydreigon, M|325\/325
|turn|34
|c|%Pearl ★|i have a question guys
|c|+FLCL|only disgusting whites get ants in their kitchen
|c|%Pearl ★|lcan he still win?
|c|+FLCL|because they are a disgusting breed
|c|+Advantage|.
|c|+Arifeen|did u
|choice|move dracometeor|move hurricane
|
|move|p1a: THE|Draco Meteor|p2a: Tornadus
|-damage|p2a: Tornadus|0 fnt
|-unboost|p1a: THE|spa|2
|faint|p2a: Tornadus
|
|upkeep
|c|+Arifeen|make that
|c|+MEEP$$$$$$$$$$$S|haha pearl ur so funny
|c|+Arifeen|pun
|c|+Arifeen|...
|c|+killintime|,
|c|+soulgazer|u guys ever ate some ants
|c|%Pearl ★|thanks meeps
|c|+soulgazer|to assert dominance
|c|+Omfuga|...
|c|%Pearl ★|.
|c|+Arifeen|soulgazer
|c|+Arifeen|i mistakenly
|c|+Arifeen|did
|c|+Advantage|i hate sg
|c|%Pearl ★|\/log soulgazer was muted by Pearl ★ for 1 hour. (no)
|unlink|soulgazer
|c|+Omfuga|........
|c|+Arifeen|when i was a kid
|c|+killintime|"mistakenly"
|choice||switch 3
|
|switch|p2a: Aerodactyl|Aerodactyl-Mega, M|275\/301
|-damage|p2a: Aerodactyl|200\/301|[from] Stealth Rock
|turn|35
|c|+Omfuga|ew....
|c|+Arifeen|yes
|c|+h_T|lcans would u go slot 1 next week
|J|explodingdaisies
|c|+Omfuga|arifeen how can you not hate someone who just beat you
|c|+Arifeen|shut up ht
|c|+Omfuga|this is why you're weak
|c|+Omfuga|ugh
|c|+Arifeen|huh
|c|+FLCL|ive ate-en some ants before ngl
|c|+Arifeen|why would i hate
|c|+h_T|i want to play him dont tell me what to do
|c|+Omfuga|if u dont hate everyone who beats you
|c|+Omfuga|you'll never improve
|c|+Omfuga|lol.
|c|+Advantage|oh so thats why omfuga hates me 
|c|+Arifeen|omfuga is that why u hated me after i ludicoloed u back in rupl
|c|+Advantage|lol.
|c|+Omfuga|.
|c|+killintime|so your mother never beat you as a child I guess
|c|+Omfuga|No you're bad 
|c|+Omfuga|and i've beaten you 300 times
|c|+Arifeen|LOL
|c|+Arifeen|ok
|choice|switch 3|move roost
|
|switch|p1a: KITCHEN|Durant, M, shiny|225\/257
|-damage|p1a: KITCHEN|193\/257|[from] Spikes
|move|p2a: Aerodactyl|Roost|p2a: Aerodactyl
|-heal|p2a: Aerodactyl|301\/301
|
|upkeep
|turn|36
|c|%Pearl ★|how
|c|+Advantage|fire fang
|c|+Omfuga|do u hate me arifeen
|c|+Omfuga|cuz u should
|c|+Omfuga|tbh
|c|+MEEP$$$$$$$$$$$S|omfuga is the greatest pokemon player to have ever graced the earth
|choice|move ironhead|move stoneedge
|
|move|p2a: Aerodactyl|Stone Edge|p1a: KITCHEN
|-damage|p1a: KITCHEN|39\/257
|move|p1a: KITCHEN|Iron Head|p2a: Aerodactyl
|-supereffective|p2a: Aerodactyl
|-damage|p2a: Aerodactyl|0 fnt
|faint|p2a: Aerodactyl
|
|win|we got the meat
|c|+Arifeen|idk
|c|+Arifeen|i maintain
|c|☆Lcans✔️|gg
|c|+Arifeen|a loving relationship
|c|☆we got the meat|gg
|c|+Omfuga|.
|L|Lcans✔️
|c|+Arifeen|with fellow ppl
|c|+Advantage|meat.
|c|+Arifeen|of smogon dot cm
|L|explodingdaisies
|L|Omfuga
|L|pantomini carbonet
|L|MEEP$$$$$$$$$$$S
|L|asdsadasdsaasdad
|L|Pak
|L|h_T
|L|FLCL
|L|Advantage
|L|Arifeen
|L|Amaroq
|L|killintime
|L|Shiba
|L|bro fist
|L|soulgazer</script>
</div>
<div class="battle-log battle-log-inline"><div class="inner"><div class="battle-options"></div><div class="inner"><div class="chat message-error">Battle timer is ON: inactive players will automatically lose when time's up.</div><div class=""><small>Format:</small> <br><strong>UU</strong></div><div class=""><small><em>Sleep Clause Mod:</em> Limit one foe put to sleep</small></div><div class=""><small><em>Species Clause:</em> Limit one of each Pokémon</small></div><div class=""><small><em>OHKO Clause:</em> OHKO moves are banned</small></div><div class=""><small><em>Moody Clause:</em> Moody is banned</small></div><div class=""><small><em>Evasion Moves Clause:</em> Evasion moves are banned</small></div><div class=""><small><em>Endless Battle Clause:</em> Forcing endless battles is banned</small></div><div class=""><small><em>HP Percentage Mod:</em> HP is shown in percentages</small></div><div class=""><small><em>Swagger Clause:</em> Swagger is banned</small></div><div class=""><small><em>Baton Pass Clause:</em> Limit one Baton Passer, can't pass Spe and other stats simultaneously</small></div><div class="chat battle-history"><strong>we got the meat's team:</strong> <em style="color:#445566;display:block;">Gligar / Klefki / Blastoise / Toxicroak / Hydreigon / Durant</em></div><div class="chat battle-history"><strong>Lcans✔️'s team:</strong> <em style="color:#445566;display:block;">Swampert / Celebi / Tornadus / Klefki / Tentacruel / Aerodactyl</em></div><div class="chat chatmessage-flcl"><strong style="color:hsl(160,45%,35%)"><small>+</small><span class="username" data-name="FLCL">FLCL</span>:</strong> <em>3-6</em></div><div class="chat chatmessage-wegotthemeat"><strong style="color:hsl(91,60%,40.66925254279168%)"><small>☆</small><span class="username" data-name="we got the meat">we got the meat</span>:</strong> <em>looks like it yeah</em></div><div class="chat chatmessage-soulgazer"><strong style="color:hsl(60,42%,38%)"><small>+</small><span class="username" data-name="soulgazer">soulgazer</span>:</strong> <em>SO GOUD</em></div><div class="spacer battle-history"><br></div><div class="battle-history">Battle started between we got the meat and Lcans✔️!<br></div><div class="spacer battle-history"><br></div><div class="battle-history">Go! FRESH (<strong>Blastoise</strong>)!<br></div><div class="spacer battle-history"><br></div><div class="battle-history">Lcans✔️ sent out <strong>Tornadus</strong>!<br></div><div class="spacer battle-history"><br></div><h2 class="battle-history">Turn 1</h2><div class="chat chatmessage-soulgazer"><strong style="color:hsl(60,42%,38%)"><small>+</small><span class="username" data-name="soulgazer">soulgazer</span>:</strong> <em>man</em></div><div class="chat chatmessage-soulgazer"><strong style="color:hsl(60,42%,38%)"><small>+</small><span class="username" data-name="soulgazer">soulgazer</span>:</strong> <em>fresh meat</em></div><div class="spacer battle-history"><br></div><div class="battle-history"><small>FRESH's Blastoisinite is reacting to we got the meat's Mega Bracelet!</small><br>FRESH has Mega Evolved into Mega Blastoise!<br></div><div class="spacer battle-history"><br></div><div class="battle-history">The opposing Tornadus used <strong>U-turn</strong>!<br></div><div class="battle-history"><small>(FRESH lost <abbr title="−47/321">14.6%</abbr> of its health!)</small><br></div><div class="spacer battle-history"><br></div><div class="battle-history">The opposing Tornadus went back to Lcans✔️!<br></div><div class="battle-history">Lcans✔️ sent out <strong>Tentacruel</strong>!<br></div><div class="spacer battle-history"><br></div><div class="battle-history">FRESH used <strong>Ice Beam</strong>!<br></div><div class="battle-history"><small>It's not very effective...</small><br></div><div class="battle-history"><small>(The opposing Tentacruel lost <abbr title="−56/361">15.5%</abbr> of its health!)</small><br></div><div class="spacer battle-history"><br></div><div class="battle-history"><small>The opposing Tentacruel restored a little HP using its Black Sludge!</small><br></div><div class="spacer battle-history"><br></div><h2 class="battle-history">Turn 2</h2><div class="chat chatmessage-advantage"><strong style="color:hsl(307,88%,47%)"><small>+</small><span class="username" data-name="Advantage">Advantage</span>:</strong> <em>meat</em></div><div class="spacer battle-history"><br></div><div class="battle-history">FRESH, come back!<br></div><div class="battle-history">Go! OUT (<strong>Toxicroak</strong>)!<br></div><div class="spacer battle-history"><br></div><div class="battle-history">The opposing Tentacruel used <strong>Scald</strong>!<br></div><div class="battle-history"><small>[OUT's Dry Skin]</small><br><small>It doesn't affect OUT...</small><br></div><div class="spacer battle-history"><br></div><div class="battle-history"><small>The opposing Tentacruel restored a little HP using its Black Sludge!</small><br></div><div class="spacer battle-history"><br></div><h2 class="battle-history">Turn 3</h2><div class="chat chatmessage-omfuga"><strong style="color:hsl(319,50%,48.93417352725278%)"><small>+</small><span class="username" data-name="Omfuga">Omfuga</span>:</strong> <em>how can any1 play a gen without turtonator</em></div><div class="chat chatmessage-omfuga"><strong style="color:hsl(319,50%,48.93417352725278%)"><small>+</small><span class="username" data-name="Omfuga">Omfuga</span>:</strong> <em>............</em></div><div class="chat chatmessage-soulgazer"><strong style="color:hsl(60,42%,38%)"><small>+</small><span class="username" data-name="soulgazer">soulgazer</span>:</strong> <em>.</em></div><div class="chat chatmessage-meeps"><strong style="color:hsl(213,86%,49.702444779278984%)"><small>+</small><span class="username" data-name="MEEP$$$$$$$$$$$S">MEEP$$$$$$$$$$$S</span>:</strong> <em>yeah</em></div><div class="chat chatmessage-meeps"><strong style="color:hsl(213,86%,49.702444779278984%)"><small>+</small><span class="username" data-name="MEEP$$$$$$$$$$$S">MEEP$$$$$$$$$$$S</span>:</strong> <em>every gen but sm is shit</em></div><div class="spacer battle-history"><br></div><div class="battle-history">OUT, come back!<br></div><div class="battle-history">Go! KITCHEN (<strong>Durant</strong>)!<br></div><div class="spacer battle-history"><br></div><div class="battle-history">Lcans✔️ withdrew Tentacruel!<br></div><div class="battle-history">Lcans✔️ sent out <strong>Swampert</strong>!<br></div><div class="spacer battle-history"><br></div><h2 class="battle-history">Turn 4</h2><div class="chat chatmessage-flcl"><strong style="color:hsl(160,45%,35%)"><small>+</small><span class="username" data-name="FLCL">FLCL</span>:</strong> <em>omg.</em></div><div class="spacer battle-history"><br></div><div class="battle-history">Lcans✔️ withdrew Swampert!<br></div><div class="battle-history">Lcans✔️ sent out <strong>Klefki</strong>!<br></div><div class="spacer battle-history"><br></div><div class="battle-history">KITCHEN used <strong>X-Scissor</strong>!<br></div><div class="battle-history"><small>It's not very effective...</small><br></div><div class="battle-history"><small>(The opposing Klefki lost <abbr title="−79/318">24.8%</abbr> of its health!)</small><br></div><div class="spacer battle-history"><br></div><div class="battle-history"><small>The opposing Klefki restored a little HP using its Leftovers!</small><br></div><div class="spacer battle-history"><br></div><h2 class="battle-history">Turn 5</h2><div class="chat chatmessage-soulgazer"><strong style="color:hsl(60,42%,38%)"><small>+</small><span class="username" data-name="soulgazer">soulgazer</span>:</strong> <em>so you are the ungodly being that made yabo use this alolan torkoal?</em></div><div class="chat chatmessage-advantage"><strong style="color:hsl(307,88%,47%)"><small>+</small><span class="username" data-name="Advantage">Advantage</span>:</strong> <em>LOL</em></div><div class="spacer battle-history"><br></div><div class="battle-history">KITCHEN, come back!<br></div><div class="battle-history">Go! HOT (<strong>Gligar</strong>)!<br></div><div class="spacer battle-history"><br></div><div class="battle-history">The opposing Klefki used <strong>Spikes</strong>!<br></div><div class="battle-history"><small>Spikes were scattered on the ground all around your team!</small><br></div><div class="spacer battle-history"><br></div><div class="battle-history"><small>The opposing Klefki restored a little HP using its Leftovers!</small><br></div><div class="spacer battle-history"><br></div><h2 class="battle-history">Turn 6</h2><div class="spacer battle-history"><br></div><div class="battle-history">Lcans✔️ withdrew Klefki!<br></div><div class="battle-history">Lcans✔️ sent out <strong>Tornadus</strong>!<br></div><div class="spacer battle-history"><br></div><div class="battle-history">HOT used <strong>U-turn</strong>!<br></div><div class="battle-history"><small>It's not very effective...</small><br></div><div class="battle-history"><small>(The opposing Tornadus lost <abbr title="−32/299">10.7%</abbr> of its health!)</small><br></div><div class="spacer battle-history"><br></div><div class="battle-history">HOT went back to we got the meat!<br></div><div class="battle-history">Go! N (<strong>Klefki</strong>)!<br></div><div class="battle-history"><small>N is hurt by the spikes!</small><br></div><div class="spacer battle-history"><br></div><div class="battle-history"><small>N restored a little HP using its Leftovers!</small><br></div><div class="spacer battle-history"><br></div><h2 class="battle-history">Turn 7</h2><div class="chat chatmessage-omfuga"><strong style="color:hsl(319,50%,48.93417352725278%)"><small>+</small><span class="username" data-name="Omfuga">Omfuga</span>:</strong> <em>soulgazer im tryna cop that fucking team</em></div><div class="chat chatmessage-omfuga"><strong style="color:hsl(319,50%,48.93417352725278%)"><small>+</small><span class="username" data-name="Omfuga">Omfuga</span>:</strong> <em>no ones passing it to me</em></div><div class="spacer battle-history"><br></div><div class="battle-history">Lcans✔️ withdrew Tornadus!<br></div><div class="battle-history">Lcans✔️ sent out <strong>Tentacruel</strong>!<br></div><div class="spacer battle-history"><br></div><div class="battle-history">N used <strong>Spikes</strong>!<br></div><div class="battle-history"><small>Spikes were scattered on the ground all around the opposing team!</small><br></div><div class="spacer battle-history"><br></div><div class="battle-history"><small>The opposing Tentacruel restored a little HP using its Black Sludge!</small><br></div><div class="battle-history"><small>N restored a little HP using its Leftovers!</small><br></div><div class="spacer battle-history"><br></div><h2 class="battle-history">Turn 8</h2><div class="spacer battle-history"><br></div><div class="battle-history">N used <strong>Thunder Wave</strong>!<br></div><div class="battle-history"><small>The opposing Tentacruel is paralyzed! It may be unable to move!</small><br></div><div class="spacer battle-history"><br></div><div class="battle-history">The opposing Tentacruel is paralyzed! It can't move!<br></div><div class="spacer battle-history"><br></div><div class="battle-history"><small>N restored a little HP using its Leftovers!</small><br></div><div class="spacer battle-history"><br></div><h2 class="battle-history">Turn 9</h2><div class="chat chatmessage-flcl"><strong style="color:hsl(160,45%,35%)"><small>+</small><span class="username" data-name="FLCL">FLCL</span>:</strong> <em>good</em></div><div class="chat chatmessage-pak"><strong style="color:hsl(243,72%,62.21702959220603%)"><small>+</small><span class="username" data-name="Pak">Pak</span>:</strong> <em>meat</em></div><div class="spacer battle-history"><br></div><div class="battle-history">N, come back!<br></div><div class="battle-history">Go! HOT (<strong>Gligar</strong>)!<br></div><div class="spacer battle-history"><br></div><div class="battle-history">The opposing Tentacruel is paralyzed! It can't move!<br></div><div class="spacer battle-history"><br></div><h2 class="battle-history">Turn 10</h2><div class="spacer battle-history"><br></div><div class="battle-history">Lcans✔️ withdrew Tentacruel!<br></div><div class="battle-history">Lcans✔️ sent out <strong>Tornadus</strong>!<br></div><div class="spacer battle-history"><br></div><div class="battle-history">HOT used <strong>Stealth Rock</strong>!<br></div><div class="battle-history"><small>Pointed stones float in the air around the opposing team!</small><br></div><div class="spacer battle-history"><br></div><h2 class="battle-history">Turn 11</h2><div class="chat chatmessage-bouff"><strong style="color:hsl(351,64%,44%)"><small>+</small><span class="username" data-name="Bouff">Bouff</span>:</strong> <em>holy samuel</em></div><div class="spacer battle-history"><br></div><div class="battle-history">The opposing Tornadus used <strong>Hurricane</strong>!<br></div><div class="battle-history"><small>(HOT lost <abbr title="−196/331">59.2%</abbr> of its health!)</small><br></div><div class="spacer battle-history"><br></div><div class="battle-history">HOT used <strong>Roost</strong>!<br></div><div class="battle-history"><small>HOT restored its HP.</small><br></div><div class="spacer battle-history"><br></div><h2 class="battle-history">Turn 12</h2><div class="chat chatmessage-flcl"><strong style="color:hsl(160,45%,35%)"><small>+</small><span class="username" data-name="FLCL">FLCL</span>:</strong> <em>0</em></div><div class="spacer battle-history"><br></div><div class="battle-history">HOT, come back!<br></div><div class="battle-history">Go! N (<strong>Klefki</strong>)!<br></div><div class="battle-history"><small>N is hurt by the spikes!</small><br></div><div class="spacer battle-history"><br></div><div class="battle-history">The opposing Tornadus used <strong>Hurricane</strong>!<br></div><div class="battle-history"><small>It's not very effective...</small><br></div><div class="battle-history"><small>(N lost <abbr title="−122/317">38.5%</abbr> of its health!)</small><br></div><div class="spacer battle-history"><br></div><div class="battle-history"><small>N restored a little HP using its Leftovers!</small><br></div><div class="spacer battle-history"><br></div><h2 class="battle-history">Turn 13</h2><div class="chat chatmessage-advantage"><strong style="color:hsl(307,88%,47%)"><small>+</small><span class="username" data-name="Advantage">Advantage</span>:</strong> <em>that did so much</em></div><div class="chat chatmessage-finchinator"><strong style="color:hsl(235,76%,58.96121738613333%)"><small>+</small><span class="username" data-name="Finchinator">Finchinator</span>:</strong> <em>oml</em></div><div class="spacer battle-history"><br></div><div class="battle-history">Lcans✔️ withdrew Tornadus!<br></div><div class="battle-history">Lcans✔️ sent out <strong>Tentacruel</strong>!<br></div><div class="battle-history"><small>The opposing Tentacruel is hurt by the spikes!</small><br></div><div class="battle-history"><small>Pointed stones dug into the opposing Tentacruel!</small><br></div><div class="spacer battle-history"><br></div><div class="battle-history">N, come back!<br></div><div class="battle-history">Go! OUT (<strong>Toxicroak</strong>)!<br></div><div class="battle-history"><small>OUT is hurt by the spikes!</small><br></div><div class="spacer battle-history"><br></div><div class="battle-history"><small>The opposing Tentacruel restored a little HP using its Black Sludge!</small><br></div><div class="spacer battle-history"><br></div><h2 class="battle-history">Turn 14</h2><div class="chat chatmessage-advantage"><strong style="color:hsl(307,88%,47%)"><small>+</small><span class="username" data-name="Advantage">Advantage</span>:</strong> <em>meat</em></div><div class="spacer battle-history"><br></div><div class="battle-history">OUT used <strong>Swords Dance</strong>!<br></div><div class="battle-history"><small>OUT's Attack rose sharply!</small><br></div><div class="spacer battle-history"><br></div><div class="battle-history">The opposing Tentacruel is paralyzed! It can't move!<br></div><div class="spacer battle-history"><br></div><div class="battle-history"><small>The opposing Tentacruel restored a little HP using its Black Sludge!</small><br></div><div class="spacer battle-history"><br></div><h2 class="battle-history">Turn 15</h2><div class="chat chatmessage-pearl"><strong style="color:hsl(137,70%,38.48887992080507%)"><small>%</small><span class="username" data-name="Pearl ★">Pearl ★</span>:</strong> <em>meat</em></div><div class="chat chatmessage-flcl"><strong style="color:hsl(160,45%,35%)"><small>+</small><span class="username" data-name="FLCL">FLCL</span>:</strong> <em>lit</em></div><div class="chat chatmessage-bouff"><strong style="color:hsl(351,64%,44%)"><small>+</small><span class="username" data-name="Bouff">Bouff</span>:</strong> <em>MEAT</em></div><div class="chat chatmessage-killintime"><strong style="color:hsl(26,69%,42%)"><small>+</small><span class="username" data-name="killintime">killintime</span>:</strong> <em>balanced</em></div><div class="spacer battle-history"><br></div><div class="battle-history">OUT used <strong>Drain Punch</strong>!<br></div><div class="battle-history"><small>It's not very effective...</small><br></div><div class="battle-history"><small>(The opposing Tentacruel lost <abbr title="−139/361">38.5%</abbr> of its health!)</small><br></div><div class="battle-history"><small>[The opposing Tentacruel's Liquid Ooze]</small><br><small>OUT sucked up the liquid ooze!</small><br></div><div class="battle-history"><small>OUT lost some of its HP!</small><br></div><div class="spacer battle-history"><br></div><div class="battle-history">The opposing Tentacruel used <strong>Rapid Spin</strong>!<br></div><div class="battle-history"><small>(OUT lost <abbr title="−16/307">5.2%</abbr> of its health!)</small><br></div><div class="battle-history"><small>The spikes disappeared from the ground around the opposing team!</small><br></div><div class="battle-history"><small>The pointed stones disappeared from around the opposing team!</small><br></div><div class="spacer battle-history"><br></div><div class="battle-history"><small>The opposing Tentacruel restored a little HP using its Black Sludge!</small><br></div><div class="spacer battle-history"><br></div><h2 class="battle-history">Turn 16</h2><div class="chat chatmessage-soulgazer"><strong style="color:hsl(60,42%,38%)"><small>+</small><span class="username" data-name="soulgazer">soulgazer</span>:</strong> <em>this meat</em></div><div class="chat chatmessage-pearl"><strong style="color:hsl(137,70%,38.48887992080507%)"><small>%</small><span class="username" data-name="Pearl ★">Pearl ★</span>:</strong> <em>.</em></div><div class="chat chatmessage-soulgazer"><strong style="color:hsl(60,42%,38%)"><small>+</small><span class="username" data-name="soulgazer">soulgazer</span>:</strong> <em>OMG</em></div><div class="chat chatmessage-flcl"><strong style="color:hsl(160,45%,35%)"><small>+</small><span class="username" data-name="FLCL">FLCL</span>:</strong> <em>.</em></div><div class="chat chatmessage-advantage"><strong style="color:hsl(307,88%,47%)"><small>+</small><span class="username" data-name="Advantage">Advantage</span>:</strong> <em>.</em></div><div class="chat chatmessage-pearl"><strong style="color:hsl(137,70%,38.48887992080507%)"><small>%</small><span class="username" data-name="Pearl ★">Pearl ★</span>:</strong> <em>sam??????????????????</em></div><div class="chat chatmessage-omfuga"><strong style="color:hsl(319,50%,48.93417352725278%)"><small>+</small><span class="username" data-name="Omfuga">Omfuga</span>:</strong> <em>lmfao</em></div><div class="chat chatmessage-omfuga"><strong style="color:hsl(319,50%,48.93417352725278%)"><small>+</small><span class="username" data-name="Omfuga">Omfuga</span>:</strong> <em>ass</em></div><div class="chat chatmessage-bouff"><strong style="color:hsl(351,64%,44%)"><small>+</small><span class="username" data-name="Bouff">Bouff</span>:</strong> <em>SAM</em></div><div class="chat chatmessage-advantage"><strong style="color:hsl(307,88%,47%)"><small>+</small><span class="username" data-name="Advantage">Advantage</span>:</strong> <em>LOL</em></div><div class="chat chatmessage-soulgazer"><strong style="color:hsl(60,42%,38%)"><small>+</small><span class="username" data-name="soulgazer">soulgazer</span>:</strong> <em>rotten squid</em></div><div class="spacer battle-history"><br></div><div class="battle-history">OUT used <strong>Swords Dance</strong>!<br></div><div class="battle-history"><small>OUT's Attack rose sharply!</small><br></div><div class="spacer battle-history"><br></div><div class="battle-history">The opposing Tentacruel used <strong>Toxic Spikes</strong>!<br></div><div class="battle-history"><small>Poison spikes were scattered on the ground all around your team!</small><br></div><div class="spacer battle-history"><br></div><div class="battle-history"><small>The opposing Tentacruel restored a little HP using its Black Sludge!</small><br></div><div class="spacer battle-history"><br></div><h2 class="battle-history">Turn 17</h2><div class="chat chatmessage-advantage"><strong style="color:hsl(307,88%,47%)"><small>+</small><span class="username" data-name="Advantage">Advantage</span>:</strong> <em>the great lcans isnt phazed 1 bit </em></div><div class="spacer battle-history"><br></div><div class="battle-history">OUT used <strong>Gunk Shot</strong>!<br></div><div class="battle-history"><small>It's not very effective...</small><br></div><div class="battle-history"><small>(The opposing Tentacruel lost <abbr title="−220/361">60.9%</abbr> of its health!)</small><br></div><div class="battle-history"><small>OUT lost some of its HP!</small><br></div><div class="spacer battle-history"><br></div><div class="battle-history">The opposing Tentacruel fainted!<br></div><div class="chat chatmessage-pearl"><strong style="color:hsl(137,70%,38.48887992080507%)"><small>%</small><span class="username" data-name="Pearl ★">Pearl ★</span>:</strong> <em>if lcans was a kekker</em></div><div class="chat chatmessage-omfuga"><strong style="color:hsl(319,50%,48.93417352725278%)"><small>+</small><span class="username" data-name="Omfuga">Omfuga</span>:</strong> <em>why not sd again</em></div><div class="chat chatmessage-pearl"><strong style="color:hsl(137,70%,38.48887992080507%)"><small>%</small><span class="username" data-name="Pearl ★">Pearl ★</span>:</strong> <em>haze</em></div><div class="chat chatmessage-wegotthemeat"><strong style="color:hsl(91,60%,40.66925254279168%)"><small>☆</small><span class="username" data-name="we got the meat">we got the meat</span>:</strong> <em>^</em></div><div class="chat chatmessage-omfuga"><strong style="color:hsl(319,50%,48.93417352725278%)"><small>+</small><span class="username" data-name="Omfuga">Omfuga</span>:</strong> <em>if he had haze</em></div><div class="chat chatmessage-omfuga"><strong style="color:hsl(319,50%,48.93417352725278%)"><small>+</small><span class="username" data-name="Omfuga">Omfuga</span>:</strong> <em>he'd have used it there</em></div><div class="chat chatmessage-pearl"><strong style="color:hsl(137,70%,38.48887992080507%)"><small>%</small><span class="username" data-name="Pearl ★">Pearl ★</span>:</strong> <em>if lcans was a kekker he'd say </em></div><div class="chat chatmessage-omfuga"><strong style="color:hsl(319,50%,48.93417352725278%)"><small>+</small><span class="username" data-name="Omfuga">Omfuga</span>:</strong> <em>,,,</em></div><div class="chat chatmessage-rozes"><strong style="color:hsl(85,76%,36.46546250624253%)"><small>@</small><span class="username" data-name="rozes">rozes</span>:</strong> <em>MEAT</em></div><div class="chat chatmessage-pearl"><strong style="color:hsl(137,70%,38.48887992080507%)"><small>%</small><span class="username" data-name="Pearl ★">Pearl ★</span>:</strong> <em>"u jut got lcanned!!"</em></div><div class="chat chatmessage-wegotthemeat"><strong style="color:hsl(91,60%,40.66925254279168%)"><small>☆</small><span class="username" data-name="we got the meat">we got the meat</span>:</strong> <em>he wanted to get them up first</em></div><div class="chat chatmessage-advantage"><strong style="color:hsl(307,88%,47%)"><small>+</small><span class="username" data-name="Advantage">Advantage</span>:</strong> <em>LOL</em></div><div class="chat chatmessage-soulgazer"><strong style="color:hsl(60,42%,38%)"><small>+</small><span class="username" data-name="soulgazer">soulgazer</span>:</strong> <em>rmbr when poek got SCANNED by xray</em></div><div class="chat chatmessage-soulgazer"><strong style="color:hsl(60,42%,38%)"><small>+</small><span class="username" data-name="soulgazer">soulgazer</span>:</strong> <em>in spl</em></div><div class="spacer battle-history"><br></div><div class="battle-history">Lcans✔️ sent out <strong>Klefki</strong>!<br></div><div class="spacer battle-history"><br></div><h2 class="battle-history">Turn 18</h2><div class="chat chatmessage-pearl"><strong style="color:hsl(137,70%,38.48887992080507%)"><small>%</small><span class="username" data-name="Pearl ★">Pearl ★</span>:</strong> <em>LOL</em></div><div class="chat chatmessage-omfuga"><strong style="color:hsl(319,50%,48.93417352725278%)"><small>+</small><span class="username" data-name="Omfuga">Omfuga</span>:</strong> <em>,</em></div><div class="chat chatmessage-omfuga"><strong style="color:hsl(319,50%,48.93417352725278%)"><small>+</small><span class="username" data-name="Omfuga">Omfuga</span>:</strong> <em>respectable play by lcans</em></div><div class="spacer battle-history"><br></div><div class="battle-history">The opposing Klefki used <strong>Thunder Wave</strong>!<br></div><div class="battle-history"><small>OUT is paralyzed! It may be unable to move!</small><br></div><div class="spacer battle-history"><br></div><div class="battle-history">OUT used <strong>Drain Punch</strong>!<br></div><div class="battle-history"><small>(The opposing Klefki lost <abbr title="−277/318">87.1%</abbr> of its health!)</small><br></div><div class="battle-history"><small>The opposing Klefki had its energy drained!</small><br></div><div class="battle-history"><small>OUT lost some of its HP!</small><br></div><div class="spacer battle-history"><br></div><div class="battle-history">The opposing Klefki fainted!<br></div><div class="spacer battle-history"><br></div><div class="battle-history">Lcans✔️ sent out <strong>Swampert</strong>!<br></div><div class="spacer battle-history"><br></div><h2 class="battle-history">Turn 19</h2><div class="chat chatmessage-soulgazer"><strong style="color:hsl(60,42%,38%)"><small>+</small><span class="username" data-name="soulgazer">soulgazer</span>:</strong> <em>fp</em></div><div class="chat chatmessage-omfuga"><strong style="color:hsl(319,50%,48.93417352725278%)"><small>+</small><span class="username" data-name="Omfuga">Omfuga</span>:</strong> <em>,</em></div><div class="chat chatmessage-omfuga"><strong style="color:hsl(319,50%,48.93417352725278%)"><small>+</small><span class="username" data-name="Omfuga">Omfuga</span>:</strong> <em>hes sr-ing</em></div><div class="chat chatmessage-omfuga"><strong style="color:hsl(319,50%,48.93417352725278%)"><small>+</small><span class="username" data-name="Omfuga">Omfuga</span>:</strong> <em>anyway</em></div><div class="chat chatmessage-omfuga"><strong style="color:hsl(319,50%,48.93417352725278%)"><small>+</small><span class="username" data-name="Omfuga">Omfuga</span>:</strong> <em>lol.</em></div><div class="chat chatmessage-soulgazer"><strong style="color:hsl(60,42%,38%)"><small>+</small><span class="username" data-name="soulgazer">soulgazer</span>:</strong> <em>.</em></div><div class="chat chatmessage-advantage"><strong style="color:hsl(307,88%,47%)"><small>+</small><span class="username" data-name="Advantage">Advantage</span>:</strong> <em>no mans </em></div><div class="chat chatmessage-soulgazer"><strong style="color:hsl(60,42%,38%)"><small>+</small><span class="username" data-name="soulgazer">soulgazer</span>:</strong> <em>if he sr</em></div><div class="chat chatmessage-soulgazer"><strong style="color:hsl(60,42%,38%)"><small>+</small><span class="username" data-name="soulgazer">soulgazer</span>:</strong> <em>ill send u nudes</em></div><div class="chat chatmessage-arifeen"><strong style="color:hsl(351,68%,47.77101180383878%)"><small>+</small><span class="username" data-name="Arifeen">Arifeen</span>:</strong> <em>MEAT</em></div><div class="chat chatmessage-omfuga"><strong style="color:hsl(319,50%,48.93417352725278%)"><small>+</small><span class="username" data-name="Omfuga">Omfuga</span>:</strong> <em>.</em></div><div class="chat chatmessage-omfuga"><strong style="color:hsl(319,50%,48.93417352725278%)"><small>+</small><span class="username" data-name="Omfuga">Omfuga</span>:</strong> <em>no thanks.</em></div><div class="chat chatmessage-pearl"><strong style="color:hsl(137,70%,38.48887992080507%)"><small>%</small><span class="username" data-name="Pearl ★">Pearl ★</span>:</strong> <em>what if hes suicide lead aero</em></div><div class="chat chatmessage-pearl"><strong style="color:hsl(137,70%,38.48887992080507%)"><small>%</small><span class="username" data-name="Pearl ★">Pearl ★</span>:</strong> <em>and megapert</em></div><div class="chat chatmessage-killintime"><strong style="color:hsl(26,69%,42%)"><small>+</small><span class="username" data-name="killintime">killintime</span>:</strong> <em>if he scalds I don't think I can stay and watch</em></div><div class="chat chatmessage-advantage"><strong style="color:hsl(307,88%,47%)"><small>+</small><span class="username" data-name="Advantage">Advantage</span>:</strong> <em>rd on sucker</em></div><div class="chat chatmessage-omfuga"><strong style="color:hsl(319,50%,48.93417352725278%)"><small>+</small><span class="username" data-name="Omfuga">Omfuga</span>:</strong> <em>:weary: </em></div><div class="chat chatmessage-omfuga"><strong style="color:hsl(319,50%,48.93417352725278%)"><small>+</small><span class="username" data-name="Omfuga">Omfuga</span>:</strong> <em>sr wouldnt even do anything</em></div><div class="chat chatmessage-omfuga"><strong style="color:hsl(319,50%,48.93417352725278%)"><small>+</small><span class="username" data-name="Omfuga">Omfuga</span>:</strong> <em>it'd just be hot as fuck</em></div><div class="spacer battle-history"><br></div><div class="battle-history">OUT used <strong>Sucker Punch</strong>!<br></div><div class="battle-history"><small>(The opposing Swampert lost <abbr title="−233/401">58.1%</abbr> of its health!)</small><br></div><div class="battle-history"><small>OUT lost some of its HP!</small><br></div><div class="spacer battle-history"><br></div><div class="battle-history">The opposing Swampert used <strong>Earthquake</strong>!<br></div><div class="battle-history"><small>It's super effective!</small><br></div><div class="battle-history"><small>(OUT lost <abbr title="−202/307">65.8%</abbr> of its health!)</small><br></div><div class="spacer battle-history"><br></div><div class="battle-history">OUT fainted!<br></div><div class="spacer battle-history"><br></div><div class="battle-history"><small>The opposing Swampert restored a little HP using its Leftovers!</small><br></div><div class="chat chatmessage-omfuga"><strong style="color:hsl(319,50%,48.93417352725278%)"><small>+</small><span class="username" data-name="Omfuga">Omfuga</span>:</strong> <em>why sack the klefki tho</em></div><div class="chat chatmessage-omfuga"><strong style="color:hsl(319,50%,48.93417352725278%)"><small>+</small><span class="username" data-name="Omfuga">Omfuga</span>:</strong> <em>,,,</em></div><div class="chat chatmessage-soulgazer"><strong style="color:hsl(60,42%,38%)"><small>+</small><span class="username" data-name="soulgazer">soulgazer</span>:</strong> <em>that did nothing</em></div><div class="chat chatmessage-omfuga"><strong style="color:hsl(319,50%,48.93417352725278%)"><small>+</small><span class="username" data-name="Omfuga">Omfuga</span>:</strong> <em>I guess</em></div><div class="chat chatmessage-omfuga"><strong style="color:hsl(319,50%,48.93417352725278%)"><small>+</small><span class="username" data-name="Omfuga">Omfuga</span>:</strong> <em>ihead got a kill every time</em></div><div class="chat chatmessage-omfuga"><strong style="color:hsl(319,50%,48.93417352725278%)"><small>+</small><span class="username" data-name="Omfuga">Omfuga</span>:</strong> <em>otherwise</em></div><div class="chat chatmessage-advantage"><strong style="color:hsl(307,88%,47%)"><small>+</small><span class="username" data-name="Advantage">Advantage</span>:</strong> <em>doubting the great lcans?</em></div><div class="chat chatmessage-advantage"><strong style="color:hsl(307,88%,47%)"><small>+</small><span class="username" data-name="Advantage">Advantage</span>:</strong> <em>laughable</em></div><div class="chat chatmessage-pearl"><strong style="color:hsl(137,70%,38.48887992080507%)"><small>%</small><span class="username" data-name="Pearl ★">Pearl ★</span>:</strong> <em><a href="https://www.youtube.com/watch?v=y6y_4_b6RS8" rel="noopener" target="_blank">https://www.youtube.com/watch?v=y6y_4_b6RS8</a></em></div><div class="spacer battle-history"><br></div><div class="battle-history">Go! FRESH (<strong>Blastoise-Mega</strong>)!<br></div><div class="battle-history"><small>FRESH was poisoned!</small><br></div><div class="battle-history"><small>FRESH is hurt by the spikes!</small><br></div><div class="spacer battle-history"><br></div><h2 class="battle-history">Turn 20</h2><div class="chat chatmessage-pearl"><strong style="color:hsl(137,70%,38.48887992080507%)"><small>%</small><span class="username" data-name="Pearl ★">Pearl ★</span>:</strong> <em>can i get a doot doot</em></div><div class="chat chatmessage-soulgazer"><strong style="color:hsl(60,42%,38%)"><small>+</small><span class="username" data-name="soulgazer">soulgazer</span>:</strong> <em>anyone else wants to beat his meat</em></div><div class="spacer battle-history"><br></div><div class="battle-history">Lcans✔️ withdrew Swampert!<br></div><div class="battle-history">Lcans✔️ sent out <strong>Celebi</strong>!<br></div><div class="spacer battle-history"><br></div><div class="battle-history">FRESH used <strong>Dark Pulse</strong>!<br></div><div class="battle-history"><small>It's super effective!</small><br></div><div class="battle-history"><small>(The opposing Celebi lost <abbr title="−340/341">99.7%</abbr> of its health!)</small><br></div><div class="spacer battle-history"><br></div><div class="battle-history"><small>The opposing Celebi restored a little HP using its Leftovers!</small><br></div><div class="battle-history"><small>FRESH was hurt by poison!</small><br></div><div class="spacer battle-history"><br></div><h2 class="battle-history">Turn 21</h2><div class="chat chatmessage-pearl"><strong style="color:hsl(137,70%,38.48887992080507%)"><small>%</small><span class="username" data-name="Pearl ★">Pearl ★</span>:</strong> <em>MEAT</em></div><div class="chat chatmessage-rozes"><strong style="color:hsl(85,76%,36.46546250624253%)"><small>@</small><span class="username" data-name="rozes">rozes</span>:</strong> <em>99?</em></div><div class="chat chatmessage-soulgazer"><strong style="color:hsl(60,42%,38%)"><small>+</small><span class="username" data-name="soulgazer">soulgazer</span>:</strong> <em>99</em></div><div class="chat chatmessage-arifeen"><strong style="color:hsl(351,68%,47.77101180383878%)"><small>+</small><span class="username" data-name="Arifeen">Arifeen</span>:</strong> <em>how</em></div><div class="chat chatmessage-soulgazer"><strong style="color:hsl(60,42%,38%)"><small>+</small><span class="username" data-name="soulgazer">soulgazer</span>:</strong> <em>fresh ev spread </em></div><div class="spacer battle-history"><br></div><div class="battle-history">FRESH, come back!<br></div><div class="battle-history">Go! HOT (<strong>Gligar</strong>)!<br></div><div class="spacer battle-history"><br></div><div class="battle-history">The opposing Celebi used <strong>Giga Drain</strong>!<br></div><div class="battle-history"><small>(HOT lost <abbr title="−82/331">24.8%</abbr> of its health!)</small><br></div><div class="battle-history"><small>HOT had its energy drained!</small><br></div><div class="spacer battle-history"><br></div><div class="battle-history"><small>The opposing Celebi restored a little HP using its Leftovers!</small><br></div><div class="spacer battle-history"><br></div><h2 class="battle-history">Turn 22</h2><div class="chat chatmessage-omfuga"><strong style="color:hsl(319,50%,48.93417352725278%)"><small>+</small><span class="username" data-name="Omfuga">Omfuga</span>:</strong> <em>did blastoise's ass eat the tspikes</em></div><div class="chat chatmessage-omfuga"><strong style="color:hsl(319,50%,48.93417352725278%)"><small>+</small><span class="username" data-name="Omfuga">Omfuga</span>:</strong> <em>did any1 see</em></div><div class="chat chatmessage-omfuga"><strong style="color:hsl(319,50%,48.93417352725278%)"><small>+</small><span class="username" data-name="Omfuga">Omfuga</span>:</strong> <em>wtf</em></div><div class="chat chatmessage-killintime"><strong style="color:hsl(26,69%,42%)"><small>+</small><span class="username" data-name="killintime">killintime</span>:</strong> <em>,</em></div><div class="spacer battle-history"><br></div><div class="battle-history">Lcans✔️ withdrew Celebi!<br></div><div class="battle-history">Lcans✔️ sent out <strong>Tornadus</strong>!<br></div><div class="spacer battle-history"><br></div><div class="battle-history">HOT used <strong>Stealth Rock</strong>!<br></div><div class="battle-history"><small>Pointed stones float in the air around the opposing team!</small><br></div><div class="spacer battle-history"><br></div><h2 class="battle-history">Turn 23</h2><div class="spacer battle-history"><br></div><div class="battle-history">HOT, come back!<br></div><div class="battle-history">Go! N (<strong>Klefki</strong>)!<br></div><div class="battle-history"><small>N is hurt by the spikes!</small><br></div><div class="spacer battle-history"><br></div><div class="battle-history">The opposing Tornadus used <strong>Hurricane</strong>!<br></div><div class="battle-history"><small>It's not very effective...</small><br></div><div class="battle-history"><small>(N lost <abbr title="−127/317">40.1%</abbr> of its health!)</small><br></div><div class="spacer battle-history"><br></div><div class="battle-history"><small>N restored a little HP using its Leftovers!</small><br></div><div class="spacer battle-history"><br></div><h2 class="battle-history">Turn 24</h2><div class="spacer battle-history"><br></div><div class="battle-history">Lcans✔️ withdrew Tornadus!<br></div><div class="battle-history">Lcans✔️ sent out <strong>Swampert</strong>!<br></div><div class="battle-history"><small>Pointed stones dug into the opposing Swampert!</small><br></div><div class="spacer battle-history"><br></div><div class="battle-history">N used <strong>Toxic</strong>!<br></div><div class="battle-history"><small>The opposing Swampert was badly poisoned!</small><br></div><div class="spacer battle-history"><br></div><div class="battle-history"><small>N restored a little HP using its Leftovers!</small><br></div><div class="battle-history"><small>The opposing Swampert restored a little HP using its Leftovers!</small><br></div><div class="battle-history"><small>The opposing Swampert was hurt by poison!</small><br></div><div class="spacer battle-history"><br></div><h2 class="battle-history">Turn 25</h2><div class="chat chatmessage-flcl"><strong style="color:hsl(160,45%,35%)"><small>+</small><span class="username" data-name="FLCL">FLCL</span>:</strong> <em>omg</em></div><div class="chat chatmessage-flcl"><strong style="color:hsl(160,45%,35%)"><small>+</small><span class="username" data-name="FLCL">FLCL</span>:</strong> <em>predixxxxxxxxxxxxxxxxxxxxxxx</em></div><div class="spacer battle-history"><br></div><div class="battle-history">N used <strong>Spikes</strong>!<br></div><div class="battle-history"><small>Spikes were scattered on the ground all around the opposing team!</small><br></div><div class="spacer battle-history"><br></div><div class="battle-history">The opposing Swampert used <strong>Scald</strong>!<br></div><div class="battle-history"><small>(N lost <abbr title="−47/317">14.8%</abbr> of its health!)</small><br></div><div class="spacer battle-history"><br></div><div class="battle-history">N fainted!<br></div><div class="spacer battle-history"><br></div><div class="battle-history"><small>The opposing Swampert restored a little HP using its Leftovers!</small><br></div><div class="battle-history"><small>The opposing Swampert was hurt by poison!</small><br></div><div class="chat chatmessage-bouff"><strong style="color:hsl(351,64%,44%)"><small>+</small><span class="username" data-name="Bouff">Bouff</span>:</strong> <em>samuel!</em></div><div class="chat chatmessage-soulgazer"><strong style="color:hsl(60,42%,38%)"><small>+</small><span class="username" data-name="soulgazer">soulgazer</span>:</strong> <em>this freak</em></div><div class="spacer battle-history"><br></div><div class="battle-history">Go! THE (<strong>Hydreigon</strong>)!<br></div><div class="spacer battle-history"><br></div><h2 class="battle-history">Turn 26</h2><div class="spacer battle-history"><br></div><div class="battle-history">THE used <strong>Draco Meteor</strong>!<br></div><div class="battle-history"><small>(The opposing Swampert lost <abbr title="−143/401">35.7%</abbr> of its health!)</small><br></div><div class="battle-history"><small>THE's Special Attack fell harshly!</small><br></div><div class="spacer battle-history"><br></div><div class="battle-history">The opposing Swampert fainted!<br></div><div class="chat chatmessage-soulgazer"><strong style="color:hsl(60,42%,38%)"><small>+</small><span class="username" data-name="soulgazer">soulgazer</span>:</strong> <em>how did that kill</em></div><div class="chat chatmessage-advantage"><strong style="color:hsl(307,88%,47%)"><small>+</small><span class="username" data-name="Advantage">Advantage</span>:</strong> <em>.</em></div><div class="chat chatmessage-bouff"><strong style="color:hsl(351,64%,44%)"><small>+</small><span class="username" data-name="Bouff">Bouff</span>:</strong> <em>.</em></div><div class="spacer battle-history"><br></div><div class="battle-history">Lcans✔️ sent out <strong>Aerodactyl</strong>!<br></div><div class="battle-history"><small>[The opposing Aerodactyl's Unnerve]</small><br><small>Your team is too nervous to eat Berries!</small><br></div><div class="battle-history"><small>Pointed stones dug into the opposing Aerodactyl!</small><br></div><div class="spacer battle-history"><br></div><h2 class="battle-history">Turn 27</h2><div class="chat chatmessage-bouff"><strong style="color:hsl(351,64%,44%)"><small>+</small><span class="username" data-name="Bouff">Bouff</span>:</strong> <em>sg?</em></div><div class="chat chatmessage-soulgazer"><strong style="color:hsl(60,42%,38%)"><small>+</small><span class="username" data-name="soulgazer">soulgazer</span>:</strong> <em>has to be specs</em></div><div class="chat chatmessage-soulgazer"><strong style="color:hsl(60,42%,38%)"><small>+</small><span class="username" data-name="soulgazer">soulgazer</span>:</strong> <em>no other way</em></div><div class="chat chatmessage-advantage"><strong style="color:hsl(307,88%,47%)"><small>+</small><span class="username" data-name="Advantage">Advantage</span>:</strong> <em>i forbid u from re joining the nu community</em></div><div class="spacer battle-history"><br></div><div class="battle-history">THE, come back!<br></div><div class="battle-history">Go! HOT (<strong>Gligar</strong>)!<br></div><div class="spacer battle-history"><br></div><div class="battle-history"><small>The opposing Aerodactyl's Aerodactylite is reacting to Lcans✔️'s Mega Bracelet!</small><br>The opposing Aerodactyl has Mega Evolved into Mega Aerodactyl!<br></div><div class="spacer battle-history"><br></div><div class="battle-history">The opposing Aerodactyl used <strong>Stone Edge</strong>!<br></div><div class="battle-history"><small>HOT avoided the attack!</small><br></div><div class="spacer battle-history"><br></div><h2 class="battle-history">Turn 28</h2><div class="chat chatmessage-rozes"><strong style="color:hsl(85,76%,36.46546250624253%)"><small>@</small><span class="username" data-name="rozes">rozes</span>:</strong> <em>advantage ur out of the nu community</em></div><div class="chat chatmessage-flcl"><strong style="color:hsl(160,45%,35%)"><small>+</small><span class="username" data-name="FLCL">FLCL</span>:</strong> <em>what happened to nu</em></div><div class="chat chatmessage-rozes"><strong style="color:hsl(85,76%,36.46546250624253%)"><small>@</small><span class="username" data-name="rozes">rozes</span>:</strong> <em>soulgazer weclome back </em></div><div class="chat chatmessage-rozes"><strong style="color:hsl(85,76%,36.46546250624253%)"><small>@</small><span class="username" data-name="rozes">rozes</span>:</strong> <em>FLCL u2</em></div><div class="chat chatmessage-flcl"><strong style="color:hsl(160,45%,35%)"><small>+</small><span class="username" data-name="FLCL">FLCL</span>:</strong> <em>wasnt it supposed to come this month</em></div><div class="spacer battle-history"><br></div><div class="battle-history">The opposing Aerodactyl used <strong>Roost</strong>!<br></div><div class="battle-history"><small>The opposing Aerodactyl restored its HP.</small><br></div><div class="spacer battle-history"><br></div><div class="battle-history">HOT used <strong>Roost</strong>!<br></div><div class="battle-history"><small>HOT restored its HP.</small><br></div><div class="spacer battle-history"><br></div><h2 class="battle-history">Turn 29</h2><div class="chat chatmessage-rozes"><strong style="color:hsl(85,76%,36.46546250624253%)"><small>@</small><span class="username" data-name="rozes">rozes</span>:</strong> <em>server broke</em></div><div class="chat chatmessage-amaroq"><strong style="color:hsl(4,60%,46.329922793177595%)"><small>+</small><span class="username" data-name="Amaroq">Amaroq</span>:</strong> <em>no stats</em></div><div class="chat chatmessage-advantage"><strong style="color:hsl(307,88%,47%)"><small>+</small><span class="username" data-name="Advantage">Advantage</span>:</strong> <em>usage stats got delayed </em></div><div class="chat chatmessage-killintime"><strong style="color:hsl(26,69%,42%)"><small>+</small><span class="username" data-name="killintime">killintime</span>:</strong> <em>cucked</em></div><div class="chat chatmessage-flcl"><strong style="color:hsl(160,45%,35%)"><small>+</small><span class="username" data-name="FLCL">FLCL</span>:</strong> <em>useless tier leaders</em></div><div class="chat chatmessage-flcl"><strong style="color:hsl(160,45%,35%)"><small>+</small><span class="username" data-name="FLCL">FLCL</span>:</strong> <em>sigh</em></div><div class="chat chatmessage-advantage"><strong style="color:hsl(307,88%,47%)"><small>+</small><span class="username" data-name="Advantage">Advantage</span>:</strong> <em>preach</em></div><div class="chat chatmessage-flcl"><strong style="color:hsl(160,45%,35%)"><small>+</small><span class="username" data-name="FLCL">FLCL</span>:</strong> <em>back in the days we woulda made up our own stats</em></div><div class="chat chatmessage-meeps"><strong style="color:hsl(213,86%,49.702444779278984%)"><small>+</small><span class="username" data-name="MEEP$$$$$$$$$$$S">MEEP$$$$$$$$$$$S</span>:</strong> <em>yeah</em></div><div class="chat chatmessage-meeps"><strong style="color:hsl(213,86%,49.702444779278984%)"><small>+</small><span class="username" data-name="MEEP$$$$$$$$$$$S">MEEP$$$$$$$$$$$S</span>:</strong> <em>just make up ur own tiers</em></div><div class="spacer battle-history"><br></div><div class="battle-history">The opposing Aerodactyl used <strong>Pursuit</strong>!<br></div><div class="battle-history"><small>(HOT lost <abbr title="−35/331">10.6%</abbr> of its health!)</small><br></div><div class="spacer battle-history"><br></div><div class="battle-history">HOT used <strong>U-turn</strong>!<br></div><div class="battle-history"><small>It's not very effective...</small><br></div><div class="battle-history"><small>(The opposing Aerodactyl lost <abbr title="−26/301">8.6%</abbr> of its health!)</small><br></div><div class="spacer battle-history"><br></div><div class="battle-history">HOT went back to we got the meat!<br></div><div class="battle-history">Go! KITCHEN (<strong>Durant</strong>)!<br></div><div class="battle-history"><small>KITCHEN is hurt by the spikes!</small><br></div><div class="spacer battle-history"><br></div><h2 class="battle-history">Turn 30</h2><div class="chat chatmessage-soulgazer"><strong style="color:hsl(60,42%,38%)"><small>+</small><span class="username" data-name="soulgazer">soulgazer</span>:</strong> <em>back in my days zeb was good</em></div><div class="chat chatmessage-flcl"><strong style="color:hsl(160,45%,35%)"><small>+</small><span class="username" data-name="FLCL">FLCL</span>:</strong> <em>he is good</em></div><div class="chat chatmessage-arifeen"><strong style="color:hsl(351,68%,47.77101180383878%)"><small>+</small><span class="username" data-name="Arifeen">Arifeen</span>:</strong> <em>why is durants name kitchen</em></div><div class="chat chatmessage-flcl"><strong style="color:hsl(160,45%,35%)"><small>+</small><span class="username" data-name="FLCL">FLCL</span>:</strong> <em>2-0 in playoffs</em></div><div class="chat chatmessage-advantage"><strong style="color:hsl(307,88%,47%)"><small>+</small><span class="username" data-name="Advantage">Advantage</span>:</strong> <em>zeb is good wtf</em></div><div class="chat chatmessage-killintime"><strong style="color:hsl(26,69%,42%)"><small>+</small><span class="username" data-name="killintime">killintime</span>:</strong> <em>ants in the kitchen</em></div><div class="spacer battle-history"><br></div><div class="battle-history">Lcans✔️ withdrew Aerodactyl!<br></div><div class="battle-history">Lcans✔️ sent out <strong>Celebi</strong>!<br></div><div class="battle-history"><small>The opposing Celebi is hurt by the spikes!</small><br></div><div class="battle-history"><small>Pointed stones dug into the opposing Celebi!</small><br></div><div class="spacer battle-history"><br></div><div class="battle-history">The opposing Celebi fainted!<br></div><div class="battle-history">KITCHEN used <strong>Iron Head</strong>!<br></div><div class="battle-history"><small>But there was no target...</small><br></div><div class="spacer battle-history"><br></div><div class="battle-history">Lcans✔️ sent out <strong>Tornadus</strong>!<br></div><div class="battle-history"><small>Pointed stones dug into the opposing Tornadus!</small><br></div><div class="spacer battle-history"><br></div><h2 class="battle-history">Turn 31</h2><div class="spacer battle-history"><br></div><div class="battle-history">KITCHEN, come back!<br></div><div class="battle-history">Go! HOT (<strong>Gligar</strong>)!<br></div><div class="spacer battle-history"><br></div><div class="battle-history">The opposing Tornadus used <strong>Hurricane</strong>!<br></div><div class="battle-history"><small>HOT avoided the attack!</small><br></div><div class="spacer battle-history"><br></div><h2 class="battle-history">Turn 32</h2><div class="chat chatmessage-killintime"><strong style="color:hsl(26,69%,42%)"><small>+</small><span class="username" data-name="killintime">killintime</span>:</strong> <em>or do you not have those in bangladash</em></div><div class="spacer battle-history"><br></div><div class="battle-history">The opposing Tornadus used <strong>Hurricane</strong>!<br></div><div class="battle-history"><small>(HOT lost <abbr title="−205/331">61.9%</abbr> of its health!)</small><br></div><div class="battle-history"><small>HOT became confused!</small><br></div><div class="spacer battle-history"><br></div><div class="battle-history"><small>HOT is confused!</small><br></div><div class="battle-history">It hurt itself in its confusion!<br></div><div class="spacer battle-history"><br></div><h2 class="battle-history">Turn 33</h2><div class="chat chatmessage-advantage"><strong style="color:hsl(307,88%,47%)"><small>+</small><span class="username" data-name="Advantage">Advantage</span>:</strong> <em>justice</em></div><div class="chat chatmessage-bouff"><strong style="color:hsl(351,64%,44%)"><small>+</small><span class="username" data-name="Bouff">Bouff</span>:</strong> <em>i did on this one</em></div><div class="chat chatmessage-bouff"><strong style="color:hsl(351,64%,44%)"><small>+</small><span class="username" data-name="Bouff">Bouff</span>:</strong> <em>really hot year</em></div><div class="chat chatmessage-bouff"><strong style="color:hsl(351,64%,44%)"><small>+</small><span class="username" data-name="Bouff">Bouff</span>:</strong> <em>a few years back</em></div><div class="chat chatmessage-bouff"><strong style="color:hsl(351,64%,44%)"><small>+</small><span class="username" data-name="Bouff">Bouff</span>:</strong> <em>it was p bad</em></div><div class="spacer battle-history"><br></div><div class="battle-history">The opposing Tornadus used <strong>Hurricane</strong>!<br></div><div class="battle-history"><small>(HOT lost <abbr title="−77/331">23.3%</abbr> of its health!)</small><br></div><div class="spacer battle-history"><br></div><div class="battle-history">HOT fainted!<br></div><div class="chat chatmessage-pearl"><strong style="color:hsl(137,70%,38.48887992080507%)"><small>%</small><span class="username" data-name="Pearl ★">Pearl ★</span>:</strong> <em>hmm</em></div><div class="spacer battle-history"><br></div><div class="battle-history">Go! THE (<strong>Hydreigon</strong>)!<br></div><div class="spacer battle-history"><br></div><h2 class="battle-history">Turn 34</h2><div class="chat chatmessage-pearl"><strong style="color:hsl(137,70%,38.48887992080507%)"><small>%</small><span class="username" data-name="Pearl ★">Pearl ★</span>:</strong> <em>i have a question guys</em></div><div class="chat chatmessage-flcl"><strong style="color:hsl(160,45%,35%)"><small>+</small><span class="username" data-name="FLCL">FLCL</span>:</strong> <em>only disgusting whites get ants in their kitchen</em></div><div class="chat chatmessage-pearl"><strong style="color:hsl(137,70%,38.48887992080507%)"><small>%</small><span class="username" data-name="Pearl ★">Pearl ★</span>:</strong> <em>lcan he still win?</em></div><div class="chat chatmessage-flcl"><strong style="color:hsl(160,45%,35%)"><small>+</small><span class="username" data-name="FLCL">FLCL</span>:</strong> <em>because they are a disgusting breed</em></div><div class="chat chatmessage-advantage"><strong style="color:hsl(307,88%,47%)"><small>+</small><span class="username" data-name="Advantage">Advantage</span>:</strong> <em>.</em></div><div class="chat chatmessage-arifeen"><strong style="color:hsl(351,68%,47.77101180383878%)"><small>+</small><span class="username" data-name="Arifeen">Arifeen</span>:</strong> <em>did u</em></div><div class="spacer battle-history"><br></div><div class="battle-history">THE used <strong>Draco Meteor</strong>!<br></div><div class="battle-history"><small>(The opposing Tornadus lost <abbr title="−193/299">64.5%</abbr> of its health!)</small><br></div><div class="battle-history"><small>THE's Special Attack fell harshly!</small><br></div><div class="spacer battle-history"><br></div><div class="battle-history">The opposing Tornadus fainted!<br></div><div class="chat chatmessage-arifeen"><strong style="color:hsl(351,68%,47.77101180383878%)"><small>+</small><span class="username" data-name="Arifeen">Arifeen</span>:</strong> <em>make that</em></div><div class="chat chatmessage-meeps"><strong style="color:hsl(213,86%,49.702444779278984%)"><small>+</small><span class="username" data-name="MEEP$$$$$$$$$$$S">MEEP$$$$$$$$$$$S</span>:</strong> <em>haha pearl ur so funny</em></div><div class="chat chatmessage-arifeen"><strong style="color:hsl(351,68%,47.77101180383878%)"><small>+</small><span class="username" data-name="Arifeen">Arifeen</span>:</strong> <em>pun</em></div><div class="chat chatmessage-arifeen"><strong style="color:hsl(351,68%,47.77101180383878%)"><small>+</small><span class="username" data-name="Arifeen">Arifeen</span>:</strong> <em>...</em></div><div class="chat chatmessage-killintime"><strong style="color:hsl(26,69%,42%)"><small>+</small><span class="username" data-name="killintime">killintime</span>:</strong> <em>,</em></div><div class="chat chatmessage-soulgazer"><strong style="color:hsl(60,42%,38%)"><small>+</small><span class="username" data-name="soulgazer">soulgazer</span>:</strong> <em>u guys ever ate some ants</em></div><div class="chat chatmessage-pearl"><strong style="color:hsl(137,70%,38.48887992080507%)"><small>%</small><span class="username" data-name="Pearl ★">Pearl ★</span>:</strong> <em>thanks meeps</em></div><div class="chat chatmessage-soulgazer"><strong style="color:hsl(60,42%,38%)"><small>+</small><span class="username" data-name="soulgazer">soulgazer</span>:</strong> <em>to assert dominance</em></div><div class="chat chatmessage-omfuga"><strong style="color:hsl(319,50%,48.93417352725278%)"><small>+</small><span class="username" data-name="Omfuga">Omfuga</span>:</strong> <em>...</em></div><div class="chat chatmessage-pearl"><strong style="color:hsl(137,70%,38.48887992080507%)"><small>%</small><span class="username" data-name="Pearl ★">Pearl ★</span>:</strong> <em>.</em></div><div class="chat chatmessage-arifeen"><strong style="color:hsl(351,68%,47.77101180383878%)"><small>+</small><span class="username" data-name="Arifeen">Arifeen</span>:</strong> <em>soulgazer</em></div><div class="chat chatmessage-arifeen"><strong style="color:hsl(351,68%,47.77101180383878%)"><small>+</small><span class="username" data-name="Arifeen">Arifeen</span>:</strong> <em>i mistakenly</em></div><div class="chat chatmessage-arifeen"><strong style="color:hsl(351,68%,47.77101180383878%)"><small>+</small><span class="username" data-name="Arifeen">Arifeen</span>:</strong> <em>did</em></div><div class="chat chatmessage-advantage"><strong style="color:hsl(307,88%,47%)"><small>+</small><span class="username" data-name="Advantage">Advantage</span>:</strong> <em>i hate sg</em></div><div class="chat chatmessage-pearl"><span class="message-log">soulgazer was muted by Pearl ★ for 1 hour. (no)</span></div><div class="chat chatmessage-omfuga"><strong style="color:hsl(319,50%,48.93417352725278%)"><small>+</small><span class="username" data-name="Omfuga">Omfuga</span>:</strong> <em>........</em></div><div class="chat chatmessage-arifeen"><strong style="color:hsl(351,68%,47.77101180383878%)"><small>+</small><span class="username" data-name="Arifeen">Arifeen</span>:</strong> <em>when i was a kid</em></div><div class="chat chatmessage-killintime"><strong style="color:hsl(26,69%,42%)"><small>+</small><span class="username" data-name="killintime">killintime</span>:</strong> <em>"mistakenly"</em></div><div class="spacer battle-history"><br></div><div class="battle-history">Lcans✔️ sent out Aerodactyl (<strong>Aerodactyl-Mega</strong>)!<br></div><div class="battle-history"><small>Pointed stones dug into the opposing Aerodactyl!</small><br></div><div class="spacer battle-history"><br></div><h2 class="battle-history">Turn 35</h2><div class="chat chatmessage-omfuga"><strong style="color:hsl(319,50%,48.93417352725278%)"><small>+</small><span class="username" data-name="Omfuga">Omfuga</span>:</strong> <em>ew....</em></div><div class="chat chatmessage-arifeen"><strong style="color:hsl(351,68%,47.77101180383878%)"><small>+</small><span class="username" data-name="Arifeen">Arifeen</span>:</strong> <em>yes</em></div><div class="chat chatmessage-ht"><strong style="color:hsl(303,44%,45%)"><small>+</small><span class="username" data-name="h_T">h_T</span>:</strong> <em>lcans would u go slot 1 next week</em></div><div class="chat chatmessage-omfuga"><strong style="color:hsl(319,50%,48.93417352725278%)"><small>+</small><span class="username" data-name="Omfuga">Omfuga</span>:</strong> <em>arifeen how can you not hate someone who just beat you</em></div><div class="chat chatmessage-arifeen"><strong style="color:hsl(351,68%,47.77101180383878%)"><small>+</small><span class="username" data-name="Arifeen">Arifeen</span>:</strong> <em>shut up ht</em></div><div class="chat chatmessage-omfuga"><strong style="color:hsl(319,50%,48.93417352725278%)"><small>+</small><span class="username" data-name="Omfuga">Omfuga</span>:</strong> <em>this is why you're weak</em></div><div class="chat chatmessage-omfuga"><strong style="color:hsl(319,50%,48.93417352725278%)"><small>+</small><span class="username" data-name="Omfuga">Omfuga</span>:</strong> <em>ugh</em></div><div class="chat chatmessage-arifeen"><strong style="color:hsl(351,68%,47.77101180383878%)"><small>+</small><span class="username" data-name="Arifeen">Arifeen</span>:</strong> <em>huh</em></div><div class="chat chatmessage-flcl"><strong style="color:hsl(160,45%,35%)"><small>+</small><span class="username" data-name="FLCL">FLCL</span>:</strong> <em>ive ate-en some ants before ngl</em></div><div class="chat chatmessage-arifeen"><strong style="color:hsl(351,68%,47.77101180383878%)"><small>+</small><span class="username" data-name="Arifeen">Arifeen</span>:</strong> <em>why would i hate</em></div><div class="chat chatmessage-ht"><strong style="color:hsl(303,44%,45%)"><small>+</small><span class="username" data-name="h_T">h_T</span>:</strong> <em>i want to play him dont tell me what to do</em></div><div class="chat chatmessage-omfuga"><strong style="color:hsl(319,50%,48.93417352725278%)"><small>+</small><span class="username" data-name="Omfuga">Omfuga</span>:</strong> <em>if u dont hate everyone who beats you</em></div><div class="chat chatmessage-omfuga"><strong style="color:hsl(319,50%,48.93417352725278%)"><small>+</small><span class="username" data-name="Omfuga">Omfuga</span>:</strong> <em>you'll never improve</em></div><div class="chat chatmessage-omfuga"><strong style="color:hsl(319,50%,48.93417352725278%)"><small>+</small><span class="username" data-name="Omfuga">Omfuga</span>:</strong> <em>lol.</em></div><div class="chat chatmessage-advantage"><strong style="color:hsl(307,88%,47%)"><small>+</small><span class="username" data-name="Advantage">Advantage</span>:</strong> <em>oh so thats why omfuga hates me </em></div><div class="chat chatmessage-arifeen"><strong style="color:hsl(351,68%,47.77101180383878%)"><small>+</small><span class="username" data-name="Arifeen">Arifeen</span>:</strong> <em>omfuga is that why u hated me after i ludicoloed u back in rupl</em></div><div class="chat chatmessage-advantage"><strong style="color:hsl(307,88%,47%)"><small>+</small><span class="username" data-name="Advantage">Advantage</span>:</strong> <em>lol.</em></div><div class="chat chatmessage-omfuga"><strong style="color:hsl(319,50%,48.93417352725278%)"><small>+</small><span class="username" data-name="Omfuga">Omfuga</span>:</strong> <em>.</em></div><div class="chat chatmessage-killintime"><strong style="color:hsl(26,69%,42%)"><small>+</small><span class="username" data-name="killintime">killintime</span>:</strong> <em>so your mother never beat you as a child I guess</em></div><div class="chat chatmessage-omfuga"><strong style="color:hsl(319,50%,48.93417352725278%)"><small>+</small><span class="username" data-name="Omfuga">Omfuga</span>:</strong> <em>No you're bad </em></div><div class="chat chatmessage-omfuga"><strong style="color:hsl(319,50%,48.93417352725278%)"><small>+</small><span class="username" data-name="Omfuga">Omfuga</span>:</strong> <em>and i've beaten you 300 times</em></div><div class="chat chatmessage-arifeen"><strong style="color:hsl(351,68%,47.77101180383878%)"><small>+</small><span class="username" data-name="Arifeen">Arifeen</span>:</strong> <em>LOL</em></div><div class="chat chatmessage-arifeen"><strong style="color:hsl(351,68%,47.77101180383878%)"><small>+</small><span class="username" data-name="Arifeen">Arifeen</span>:</strong> <em>ok</em></div><div class="spacer battle-history"><br></div><div class="battle-history">THE, come back!<br></div><div class="battle-history">Go! KITCHEN (<strong>Durant</strong>)!<br></div><div class="battle-history"><small>KITCHEN is hurt by the spikes!</small><br></div><div class="spacer battle-history"><br></div><div class="battle-history">The opposing Aerodactyl used <strong>Roost</strong>!<br></div><div class="battle-history"><small>The opposing Aerodactyl restored its HP.</small><br></div><div class="spacer battle-history"><br></div><h2 class="battle-history">Turn 36</h2><div class="chat chatmessage-pearl"><strong style="color:hsl(137,70%,38.48887992080507%)"><small>%</small><span class="username" data-name="Pearl ★">Pearl ★</span>:</strong> <em>how</em></div><div class="chat chatmessage-advantage"><strong style="color:hsl(307,88%,47%)"><small>+</small><span class="username" data-name="Advantage">Advantage</span>:</strong> <em>fire fang</em></div><div class="chat chatmessage-omfuga"><strong style="color:hsl(319,50%,48.93417352725278%)"><small>+</small><span class="username" data-name="Omfuga">Omfuga</span>:</strong> <em>do u hate me arifeen</em></div><div class="chat chatmessage-omfuga"><strong style="color:hsl(319,50%,48.93417352725278%)"><small>+</small><span class="username" data-name="Omfuga">Omfuga</span>:</strong> <em>cuz u should</em></div><div class="chat chatmessage-omfuga"><strong style="color:hsl(319,50%,48.93417352725278%)"><small>+</small><span class="username" data-name="Omfuga">Omfuga</span>:</strong> <em>tbh</em></div><div class="chat chatmessage-meeps"><strong style="color:hsl(213,86%,49.702444779278984%)"><small>+</small><span class="username" data-name="MEEP$$$$$$$$$$$S">MEEP$$$$$$$$$$$S</span>:</strong> <em>omfuga is the greatest pokemon player to have ever graced the earth</em></div><div class="spacer battle-history"><br></div><div class="battle-history">The opposing Aerodactyl used <strong>Stone Edge</strong>!<br></div><div class="battle-history"><small>(KITCHEN lost <abbr title="−154/257">59.9%</abbr> of its health!)</small><br></div><div class="spacer battle-history"><br></div><div class="battle-history">KITCHEN used <strong>Iron Head</strong>!<br></div><div class="battle-history"><small>It's super effective!</small><br></div><div class="battle-history"><small>(The opposing Aerodactyl lost <abbr title="−301/301">100%</abbr> of its health!)</small><br></div><div class="spacer battle-history"><br></div><div class="battle-history">The opposing Aerodactyl fainted!<br></div><div class="spacer battle-history"><br></div><div class="battle-history"><strong>we got the meat</strong> won the battle!<br></div><div class="chat chatmessage-arifeen"><strong style="color:hsl(351,68%,47.77101180383878%)"><small>+</small><span class="username" data-name="Arifeen">Arifeen</span>:</strong> <em>idk</em></div><div class="chat chatmessage-arifeen"><strong style="color:hsl(351,68%,47.77101180383878%)"><small>+</small><span class="username" data-name="Arifeen">Arifeen</span>:</strong> <em>i maintain</em></div><div class="chat chatmessage-lcans"><strong style="color:hsl(231,47%,60.55040384382721%)"><small>☆</small><span class="username" data-name="Lcans✔️">Lcans✔️</span>:</strong> <em>gg</em></div><div class="chat chatmessage-arifeen"><strong style="color:hsl(351,68%,47.77101180383878%)"><small>+</small><span class="username" data-name="Arifeen">Arifeen</span>:</strong> <em>a loving relationship</em></div><div class="chat chatmessage-wegotthemeat"><strong style="color:hsl(91,60%,40.66925254279168%)"><small>☆</small><span class="username" data-name="we got the meat">we got the meat</span>:</strong> <em>gg</em></div><div class="chat chatmessage-omfuga"><strong style="color:hsl(319,50%,48.93417352725278%)"><small>+</small><span class="username" data-name="Omfuga">Omfuga</span>:</strong> <em>.</em></div><div class="chat chatmessage-arifeen"><strong style="color:hsl(351,68%,47.77101180383878%)"><small>+</small><span class="username" data-name="Arifeen">Arifeen</span>:</strong> <em>with fellow ppl</em></div><div class="chat chatmessage-advantage"><strong style="color:hsl(307,88%,47%)"><small>+</small><span class="username" data-name="Advantage">Advantage</span>:</strong> <em>meat.</em></div><div class="chat chatmessage-arifeen"><strong style="color:hsl(351,68%,47.77101180383878%)"><small>+</small><span class="username" data-name="Arifeen">Arifeen</span>:</strong> <em>of smogon dot cm</em></div></div><div class="inner-preempt"></div></div></div>
</div>
<script>
let daily = Math.floor(Date.now()/1000/60/60/24);document.write('<script src="https://play.pokemonshowdown.com/js/replay-embed.js?version'+daily+'"></'+'script>');
</script>
