<!DOCTYPE html>
<meta charset="utf-8" />
<!-- version 1 -->
<title>UU replay: Genesis2099 vs. G0sp0da</title>
<style>
html,body {font-family:Verdana, sans-serif;font-size:10pt;margin:0;padding:0;}body{padding:12px 0;} .battle-log {font-family:Verdana, sans-serif;font-size:10pt;} .battle-log-inline {border:1px solid #AAAAAA;background:#EEF2F5;color:black;max-width:640px;margin:0 auto 80px;padding-bottom:5px;} .battle-log .inner {padding:4px 8px 0px 8px;} .battle-log .inner-preempt {padding:0 8px 4px 8px;} .battle-log .inner-after {margin-top:0.5em;} .battle-log h2 {margin:0.5em -8px;padding:4px 8px;border:1px solid #AAAAAA;background:#E0E7EA;border-left:0;border-right:0;font-family:Verdana, sans-serif;font-size:13pt;} .battle-log .chat {vertical-align:middle;padding:3px 0 3px 0;font-size:8pt;} .battle-log .chat strong {color:#40576A;} .battle-log .chat em {padding:1px 4px 1px 3px;color:#000000;font-style:normal;} .chat.mine {background:rgba(0,0,0,0.05);margin-left:-8px;margin-right:-8px;padding-left:8px;padding-right:8px;} .spoiler {color:#BBBBBB;background:#BBBBBB;padding:0px 3px;} .spoiler:hover, .spoiler:active, .spoiler-shown {color:#000000;background:#E2E2E2;padding:0px 3px;} .spoiler a {color:#BBBBBB;} .spoiler:hover a, .spoiler:active a, .spoiler-shown a {color:#2288CC;} .chat code, .chat .spoiler:hover code, .chat .spoiler:active code, .chat .spoiler-shown code {border:1px solid #C0C0C0;background:#EEEEEE;color:black;padding:0 2px;} .chat .spoiler code {border:1px solid #CCCCCC;background:#CCCCCC;color:#CCCCCC;} .battle-log .rated {padding:3px 4px;} .battle-log .rated strong {color:white;background:#89A;padding:1px 4px;border-radius:4px;} .spacer {margin-top:0.5em;} .message-announce {background:#6688AA;color:white;padding:1px 4px 2px;} .message-announce a, .broadcast-green a, .broadcast-blue a, .broadcast-red a {color:#DDEEFF;} .broadcast-green {background-color:#559955;color:white;padding:2px 4px;} .broadcast-blue {background-color:#6688AA;color:white;padding:2px 4px;} .infobox {border:1px solid #6688AA;padding:2px 4px;} .infobox-limited {max-height:200px;overflow:auto;overflow-x:hidden;} .broadcast-red {background-color:#AA5544;color:white;padding:2px 4px;} .message-learn-canlearn {font-weight:bold;color:#228822;text-decoration:underline;} .message-learn-cannotlearn {font-weight:bold;color:#CC2222;text-decoration:underline;} .message-effect-weak {font-weight:bold;color:#CC2222;} .message-effect-resist {font-weight:bold;color:#6688AA;} .message-effect-immune {font-weight:bold;color:#666666;} .message-learn-list {margin-top:0;margin-bottom:0;} .message-throttle-notice, .message-error {color:#992222;} .message-overflow, .chat small.message-overflow {font-size:0pt;} .message-overflow::before {font-size:9pt;content:'...';} .subtle {color:#3A4A66;}
</style>
<div class="wrapper replay-wrapper" style="max-width:1180px;margin:0 auto">
<input type="hidden" name="replayid" value="uu-587343711" />
<div class="battle"></div><div class="battle-log"></div><div class="replay-controls"></div><div class="replay-controls-2"></div>
<h1 style="font-weight:normal;text-align:center"><strong>UU</strong><br /><a href="http://pokemonshowdown.com/users/genesis2099" class="subtle" target="_blank">Genesis2099</a> vs. <a href="http://pokemonshowdown.com/users/g0sp0da" class="subtle" target="_blank">G0sp0da</a></h1>
<script type="text/plain" class="battle-log-data">|j|Genesis2099
|j|G0sp0da
|player|p1|Genesis2099|1
|teamsize|p1|6
|player|p2|G0sp0da|110
|teamsize|p2|6
|gametype|singles
|gen|6
|tier|UU
|rated
|seed|49037,45343,64822,40429
|rule|Sleep Clause Mod: Limit one foe put to sleep
|rule|Species Clause: Limit one of each Pokémon
|rule|OHKO Clause: OHKO moves are banned
|rule|Moody Clause: Moody is banned
|rule|Evasion Moves Clause: Evasion moves are banned
|rule|Endless Battle Clause: Forcing endless battles is banned
|rule|HP Percentage Mod: HP is shown in percentages
|clearpoke
|poke|p1|Heliolisk, F|item
|poke|p1|Donphan, F|item
|poke|p1|Whimsicott, F|item
|poke|p1|Mamoswine, M|item
|poke|p1|Crawdaunt, M|item
|poke|p1|Toxicroak, F|item
|poke|p2|Milotic, M|item
|poke|p2|Beedrill, M|item
|poke|p2|Darmanitan, M|item
|poke|p2|Reuniclus, F, shiny|item
|poke|p2|Cloyster, F, shiny|item
|poke|p2|Slurpuff, F|item
|rule|Swagger Clause: Swagger is banned
|rule|Baton Pass Clause: Limit one Baton Passer, can't pass Spe and other stats simultaneously
|teampreview
|choice|team 5, team 2, team 3, team 4, team 1, team 6|team 5, team 2, team 3, team 4, team 1, team 6
|
|start
|switch|p1a: Crawdaunt|Crawdaunt, M|267\/267
|switch|p2a: ŠiljastiKlitoris|Cloyster, F, shiny|241\/241
|turn|1
|choice|move knockoff|move shellsmash
|
|move|p2a: ŠiljastiKlitoris|Shell Smash|p2a: ŠiljastiKlitoris
|-unboost|p2a: ŠiljastiKlitoris|def|1
|-unboost|p2a: ŠiljastiKlitoris|spd|1
|-boost|p2a: ŠiljastiKlitoris|atk|2
|-boost|p2a: ŠiljastiKlitoris|spa|2
|-boost|p2a: ŠiljastiKlitoris|spe|2
|move|p1a: Crawdaunt|Knock Off|p2a: ŠiljastiKlitoris
|-damage|p2a: ŠiljastiKlitoris|45\/241
|-enditem|p2a: ŠiljastiKlitoris|Focus Sash|[from] move: Knock Off|[of] p1a: Crawdaunt
|
|upkeep
|turn|2
|choice|move aquajet|switch 5
|
|switch|p2a: Glavić|Milotic, M|382\/382
|move|p1a: Crawdaunt|Aqua Jet|p2a: Glavić
|-resisted|p2a: Glavić
|-damage|p2a: Glavić|328\/382
|
|-heal|p2a: Glavić|351\/382|[from] item: Leftovers
|upkeep
|turn|3
|choice|move dragondance|move toxic
|
|move|p1a: Crawdaunt|Dragon Dance|p1a: Crawdaunt
|-boost|p1a: Crawdaunt|atk|1
|-boost|p1a: Crawdaunt|spe|1
|move|p2a: Glavić|Toxic|p1a: Crawdaunt
|-status|p1a: Crawdaunt|tox
|
|-heal|p2a: Glavić|374\/382|[from] item: Leftovers
|-damage|p1a: Crawdaunt|251\/267 tox|[from] psn
|upkeep
|turn|4
|choice|move knockoff|move scald
|
|move|p1a: Crawdaunt|Knock Off|p2a: Glavić
|-damage|p2a: Glavić|0 fnt
|-enditem|p2a: Glavić|Leftovers|[from] move: Knock Off|[of] p1a: Crawdaunt
|faint|p2a: Glavić
|
|-damage|p1a: Crawdaunt|219\/267 tox|[from] psn
|upkeep
|choice||switch 2
|
|switch|p2a: Špic|Beedrill, M|271\/271
|turn|5
|choice|move waterfall|move protect mega
|
|detailschange|p2a: Špic|Beedrill-Mega, M
|-mega|p2a: Špic|Beedrill|Beedrillite
|move|p2a: Špic|Protect|p2a: Špic
|-singleturn|p2a: Špic|Protect
|move|p1a: Crawdaunt|Waterfall|p2a: Špic
|-activate|p2a: Špic|move: Protect
|
|-damage|p1a: Crawdaunt|171\/267 tox|[from] psn
|upkeep
|turn|6
|choice|move aquajet|move poisonjab
|
|move|p1a: Crawdaunt|Aqua Jet|p2a: Špic
|-damage|p2a: Špic|0 fnt
|faint|p2a: Špic
|
|-damage|p1a: Crawdaunt|107\/267 tox|[from] psn
|upkeep
|choice||switch 4
|
|switch|p2a: Zigota|Reuniclus, F, shiny|423\/423
|turn|7
|choice|move knockoff|switch 5
|
|switch|p2a: ŠiljastiKlitoris|Cloyster, F, shiny|45\/241
|move|p1a: Crawdaunt|Knock Off|p2a: ŠiljastiKlitoris
|-damage|p2a: ŠiljastiKlitoris|0 fnt
|faint|p2a: ŠiljastiKlitoris
|
|-damage|p1a: Crawdaunt|27\/267 tox|[from] psn
|upkeep
|choice||switch 6
|
|switch|p2a: Licko|Slurpuff, F|305\/305
|turn|8
|choice|move waterfall|move drainpunch
|
|move|p1a: Crawdaunt|Waterfall|p2a: Licko
|-damage|p2a: Licko|0 fnt
|faint|p2a: Licko
|
|-damage|p1a: Crawdaunt|0 fnt|[from] psn
|upkeep
|faint|p1a: Crawdaunt
|choice|switch 3|switch 3
|
|switch|p1a: Whimsicott|Whimsicott, F|261\/261
|switch|p2a: PlameniTestis|Darmanitan, M|351\/351
|turn|9
|choice|move naturepower|move flareblitz
|
|move|p1a: Whimsicott|Nature Power|p2a: PlameniTestis
|move|p1a: Whimsicott|Tri Attack|p2a: PlameniTestis|[from]Nature Power
|-damage|p2a: PlameniTestis|252\/351
|move|p2a: PlameniTestis|Flare Blitz|p1a: Whimsicott
|-supereffective|p1a: Whimsicott
|-damage|p1a: Whimsicott|0 fnt
|-damage|p2a: PlameniTestis|166\/351|[from] Recoil|[of] p1a: Whimsicott
|faint|p1a: Whimsicott
|
|upkeep
|choice|switch 2|
|
|switch|p1a: Donphan|Donphan, F|349\/349
|turn|10
|choice|move earthquake|move uturn
|
|move|p2a: PlameniTestis|U-turn|p1a: Donphan
|-damage|p1a: Donphan|250\/349
|-damage|p2a: PlameniTestis|131\/351|[from] item: Life Orb
|choice||switch 5
|
|switch|p2a: Zigota|Reuniclus, F, shiny|423\/423
|move|p1a: Donphan|Earthquake|p2a: Zigota
|-damage|p2a: Zigota|249\/423
|
|-heal|p2a: Zigota|275\/423|[from] item: Leftovers
|upkeep
|turn|11
|choice|move stealthrock|move calmmind
|
|move|p1a: Donphan|Stealth Rock|p2a: Zigota
|-sidestart|p2: G0sp0da|move: Stealth Rock
|move|p2a: Zigota|Calm Mind|p2a: Zigota
|-boost|p2a: Zigota|spa|1
|-boost|p2a: Zigota|spd|1
|
|-heal|p2a: Zigota|301\/423|[from] item: Leftovers
|upkeep
|turn|12
|choice|move roar|move calmmind
|
|move|p2a: Zigota|Calm Mind|p2a: Zigota
|-boost|p2a: Zigota|spa|1
|-boost|p2a: Zigota|spd|1
|move|p1a: Donphan|Roar|p2a: Zigota
|drag|p2a: PlameniTestis|Darmanitan, M|131\/351
|-damage|p2a: PlameniTestis|44\/351|[from] Stealth Rock
|
|upkeep
|turn|13
|choice|move roar|move flareblitz
|
|move|p2a: PlameniTestis|Flare Blitz|p1a: Donphan
|-damage|p1a: Donphan|0 fnt
|-damage|p2a: PlameniTestis|0 fnt|[from] Recoil|[of] p1a: Donphan
|faint|p1a: Donphan
|faint|p2a: PlameniTestis
|
|upkeep
|choice|switch 4|switch 5
|
|switch|p1a: Mamoswine|Mamoswine, M|361\/361
|switch|p2a: Zigota|Reuniclus, F, shiny|301\/423
|turn|14
|choice|move iciclecrash|move calmmind
|
|move|p1a: Mamoswine|Icicle Crash|p2a: Zigota
|-damage|p2a: Zigota|160\/423
|move|p2a: Zigota|Calm Mind|p2a: Zigota
|-boost|p2a: Zigota|spa|1
|-boost|p2a: Zigota|spd|1
|
|-heal|p2a: Zigota|186\/423|[from] item: Leftovers
|upkeep
|turn|15
|choice|move earthquake|move recover
|
|move|p1a: Mamoswine|Earthquake|p2a: Zigota
|-damage|p2a: Zigota|21\/423
|move|p2a: Zigota|Recover|p2a: Zigota
|-heal|p2a: Zigota|233\/423
|
|-heal|p2a: Zigota|259\/423|[from] item: Leftovers
|upkeep
|turn|16
|choice|move iciclecrash|move recover
|
|move|p1a: Mamoswine|Icicle Crash|p2a: Zigota
|-damage|p2a: Zigota|117\/423
|move|p2a: Zigota|Recover|p2a: Zigota
|-heal|p2a: Zigota|329\/423
|
|-heal|p2a: Zigota|355\/423|[from] item: Leftovers
|upkeep
|turn|17
|c|☆Genesis2099|...
|choice|move iciclecrash|move calmmind
|
|move|p1a: Mamoswine|Icicle Crash|p2a: Zigota
|-damage|p2a: Zigota|214\/423
|cant|p2a: Zigota|flinch
|
|-heal|p2a: Zigota|240\/423|[from] item: Leftovers
|upkeep
|turn|18
|choice|move earthquake|move calmmind
|
|move|p1a: Mamoswine|Earthquake|p2a: Zigota
|-crit|p2a: Zigota
|-damage|p2a: Zigota|0 fnt
|faint|p2a: Zigota
|
|win|Genesis2099
|raw|Genesis2099's rating: 1000 &rarr; <strong>1061<\/strong><br \/>(+61 for winning)
|raw|G0sp0da's rating: 1205 &rarr; <strong>1167<\/strong><br \/>(-38 for losing)
|l|G0sp0da</script>
</div>
<div class="battle-log battle-log-inline"><div class="inner"><div class="battle-options"></div><div class="inner"><div class="chat"><small>Genesis2099 joined.</small></div><div class="chat"><small>G0sp0da joined.</small></div><div class=""><small>Format:</small> <br><strong>UU</strong></div><div class="rated"><strong>Rated battle</strong></div><div class=""><small><em>Sleep Clause Mod:</em> Limit one foe put to sleep</small></div><div class=""><small><em>Species Clause:</em> Limit one of each Pokémon</small></div><div class=""><small><em>OHKO Clause:</em> OHKO moves are banned</small></div><div class=""><small><em>Moody Clause:</em> Moody is banned</small></div><div class=""><small><em>Evasion Moves Clause:</em> Evasion moves are banned</small></div><div class=""><small><em>Endless Battle Clause:</em> Forcing endless battles is banned</small></div><div class=""><small><em>HP Percentage Mod:</em> HP is shown in percentages</small></div><div class=""><small><em>Swagger Clause:</em> Swagger is banned</small></div><div class=""><small><em>Baton Pass Clause:</em> Limit one Baton Passer, can't pass Spe and other stats simultaneously</small></div><div class="chat battle-history"><strong>Genesis2099's team:</strong> <em style="color:#445566;display:block;">Heliolisk / Donphan / Whimsicott / Mamoswine / Crawdaunt / Toxicroak</em></div><div class="chat battle-history"><strong>G0sp0da's team:</strong> <em style="color:#445566;display:block;">Milotic / Beedrill / Darmanitan / Reuniclus / Cloyster / Slurpuff</em></div><div class="spacer battle-history"><br></div><div class="battle-history">Battle started between Genesis2099 and G0sp0da!<br></div><div class="spacer battle-history"><br></div><div class="battle-history">Go! <strong>Crawdaunt</strong>!<br></div><div class="spacer battle-history"><br></div><div class="battle-history">G0sp0da sent out ŠiljastiKlitoris (<strong>Cloyster</strong>)!<br></div><div class="spacer battle-history"><br></div><h2 class="battle-history">Turn 1</h2><div class="spacer battle-history"><br></div><div class="battle-history">The opposing ŠiljastiKlitoris used <strong>Shell Smash</strong>!<br></div><div class="battle-history"><small>The opposing ŠiljastiKlitoris's Defense fell!</small><br></div><div class="battle-history"><small>The opposing ŠiljastiKlitoris's Special Defense fell!</small><br></div><div class="battle-history"><small>The opposing ŠiljastiKlitoris's Attack rose sharply!</small><br></div><div class="battle-history"><small>The opposing ŠiljastiKlitoris's Special Attack rose sharply!</small><br></div><div class="battle-history"><small>The opposing ŠiljastiKlitoris's Speed rose sharply!</small><br></div><div class="spacer battle-history"><br></div><div class="battle-history">Crawdaunt used <strong>Knock Off</strong>!<br></div><div class="battle-history"><small>(The opposing ŠiljastiKlitoris lost <abbr title="−196/241">81.3%</abbr> of its health!)</small><br></div><div class="battle-history"><small>Crawdaunt knocked off the opposing ŠiljastiKlitoris's Focus Sash!</small><br></div><div class="spacer battle-history"><br></div><h2 class="battle-history">Turn 2</h2><div class="spacer battle-history"><br></div><div class="battle-history">G0sp0da withdrew ŠiljastiKlitoris!<br></div><div class="battle-history">G0sp0da sent out Glavić (<strong>Milotic</strong>)!<br></div><div class="spacer battle-history"><br></div><div class="battle-history">Crawdaunt used <strong>Aqua Jet</strong>!<br></div><div class="battle-history"><small>It's not very effective...</small><br></div><div class="battle-history"><small>(The opposing Glavić lost <abbr title="−54/382">14.1%</abbr> of its health!)</small><br></div><div class="spacer battle-history"><br></div><div class="battle-history"><small>The opposing Glavić restored a little HP using its Leftovers!</small><br></div><div class="spacer battle-history"><br></div><h2 class="battle-history">Turn 3</h2><div class="spacer battle-history"><br></div><div class="battle-history">Crawdaunt used <strong>Dragon Dance</strong>!<br></div><div class="battle-history"><small>Crawdaunt's Attack rose!</small><br></div><div class="battle-history"><small>Crawdaunt's Speed rose!</small><br></div><div class="spacer battle-history"><br></div><div class="battle-history">The opposing Glavić used <strong>Toxic</strong>!<br></div><div class="battle-history"><small>Crawdaunt was badly poisoned!</small><br></div><div class="spacer battle-history"><br></div><div class="battle-history"><small>The opposing Glavić restored a little HP using its Leftovers!</small><br></div><div class="battle-history"><small>Crawdaunt was hurt by poison!</small><br></div><div class="spacer battle-history"><br></div><h2 class="battle-history">Turn 4</h2><div class="spacer battle-history"><br></div><div class="battle-history">Crawdaunt used <strong>Knock Off</strong>!<br></div><div class="battle-history"><small>(The opposing Glavić lost <abbr title="−374/382">97.9%</abbr> of its health!)</small><br></div><div class="battle-history"><small>Crawdaunt knocked off the opposing Glavić's Leftovers!</small><br></div><div class="spacer battle-history"><br></div><div class="battle-history">The opposing Glavić fainted!<br></div><div class="spacer battle-history"><br></div><div class="battle-history"><small>Crawdaunt was hurt by poison!</small><br></div><div class="spacer battle-history"><br></div><div class="battle-history">G0sp0da sent out Špic (<strong>Beedrill</strong>)!<br></div><div class="spacer battle-history"><br></div><h2 class="battle-history">Turn 5</h2><div class="spacer battle-history"><br></div><div class="battle-history"><small>The opposing Špic's Beedrillite is reacting to G0sp0da's Mega Bracelet!</small><br>The opposing Špic has Mega Evolved into Mega Beedrill!<br></div><div class="spacer battle-history"><br></div><div class="battle-history">The opposing Špic used <strong>Protect</strong>!<br></div><div class="battle-history"><small>The opposing Špic protected itself!</small><br></div><div class="spacer battle-history"><br></div><div class="battle-history">Crawdaunt used <strong>Waterfall</strong>!<br></div><div class="battle-history"><small>The opposing Špic protected itself!</small><br></div><div class="spacer battle-history"><br></div><div class="battle-history"><small>Crawdaunt was hurt by poison!</small><br></div><div class="spacer battle-history"><br></div><h2 class="battle-history">Turn 6</h2><div class="spacer battle-history"><br></div><div class="battle-history">Crawdaunt used <strong>Aqua Jet</strong>!<br></div><div class="battle-history"><small>(The opposing Špic lost <abbr title="−271/271">100%</abbr> of its health!)</small><br></div><div class="spacer battle-history"><br></div><div class="battle-history">The opposing Špic fainted!<br></div><div class="spacer battle-history"><br></div><div class="battle-history"><small>Crawdaunt was hurt by poison!</small><br></div><div class="spacer battle-history"><br></div><div class="battle-history">G0sp0da sent out Zigota (<strong>Reuniclus</strong>)!<br></div><div class="spacer battle-history"><br></div><h2 class="battle-history">Turn 7</h2><div class="spacer battle-history"><br></div><div class="battle-history">G0sp0da withdrew Zigota!<br></div><div class="battle-history">G0sp0da sent out ŠiljastiKlitoris (<strong>Cloyster</strong>)!<br></div><div class="spacer battle-history"><br></div><div class="battle-history">Crawdaunt used <strong>Knock Off</strong>!<br></div><div class="battle-history"><small>(The opposing ŠiljastiKlitoris lost <abbr title="−45/241">18.7%</abbr> of its health!)</small><br></div><div class="spacer battle-history"><br></div><div class="battle-history">The opposing ŠiljastiKlitoris fainted!<br></div><div class="spacer battle-history"><br></div><div class="battle-history"><small>Crawdaunt was hurt by poison!</small><br></div><div class="spacer battle-history"><br></div><div class="battle-history">G0sp0da sent out Licko (<strong>Slurpuff</strong>)!<br></div><div class="spacer battle-history"><br></div><h2 class="battle-history">Turn 8</h2><div class="spacer battle-history"><br></div><div class="battle-history">Crawdaunt used <strong>Waterfall</strong>!<br></div><div class="battle-history"><small>(The opposing Licko lost <abbr title="−305/305">100%</abbr> of its health!)</small><br></div><div class="spacer battle-history"><br></div><div class="battle-history">The opposing Licko fainted!<br></div><div class="spacer battle-history"><br></div><div class="battle-history"><small>Crawdaunt was hurt by poison!</small><br></div><div class="spacer battle-history"><br></div><div class="battle-history">Crawdaunt fainted!<br></div><div class="spacer battle-history"><br></div><div class="battle-history">Go! <strong>Whimsicott</strong>!<br></div><div class="spacer battle-history"><br></div><div class="battle-history">G0sp0da sent out PlameniTestis (<strong>Darmanitan</strong>)!<br></div><div class="spacer battle-history"><br></div><h2 class="battle-history">Turn 9</h2><div class="spacer battle-history"><br></div><div class="battle-history">Whimsicott used <strong>Nature Power</strong>!<br></div><div class="spacer battle-history"><br></div><div class="battle-history">Nature Power turned into Tri Attack!<br></div><div class="battle-history"><small>(The opposing PlameniTestis lost <abbr title="−99/351">28.2%</abbr> of its health!)</small><br></div><div class="spacer battle-history"><br></div><div class="battle-history">The opposing PlameniTestis used <strong>Flare Blitz</strong>!<br></div><div class="battle-history"><small>It's super effective!</small><br></div><div class="battle-history"><small>(Whimsicott lost <abbr title="−261/261">100%</abbr> of its health!)</small><br></div><div class="battle-history"><small>The opposing PlameniTestis is damaged by the recoil!</small><br></div><div class="spacer battle-history"><br></div><div class="battle-history">Whimsicott fainted!<br></div><div class="spacer battle-history"><br></div><div class="battle-history">Go! <strong>Donphan</strong>!<br></div><div class="spacer battle-history"><br></div><h2 class="battle-history">Turn 10</h2><div class="spacer battle-history"><br></div><div class="battle-history">The opposing PlameniTestis used <strong>U-turn</strong>!<br></div><div class="battle-history"><small>(Donphan lost <abbr title="−99/349">28.4%</abbr> of its health!)</small><br></div><div class="battle-history"><small>The opposing PlameniTestis lost some of its HP!</small><br></div><div class="spacer battle-history"><br></div><div class="battle-history">The opposing PlameniTestis went back to G0sp0da!<br></div><div class="battle-history">G0sp0da sent out Zigota (<strong>Reuniclus</strong>)!<br></div><div class="spacer battle-history"><br></div><div class="battle-history">Donphan used <strong>Earthquake</strong>!<br></div><div class="battle-history"><small>(The opposing Zigota lost <abbr title="−174/423">41.1%</abbr> of its health!)</small><br></div><div class="spacer battle-history"><br></div><div class="battle-history"><small>The opposing Zigota restored a little HP using its Leftovers!</small><br></div><div class="spacer battle-history"><br></div><h2 class="battle-history">Turn 11</h2><div class="spacer battle-history"><br></div><div class="battle-history">Donphan used <strong>Stealth Rock</strong>!<br></div><div class="battle-history"><small>Pointed stones float in the air around the opposing team!</small><br></div><div class="spacer battle-history"><br></div><div class="battle-history">The opposing Zigota used <strong>Calm Mind</strong>!<br></div><div class="battle-history"><small>The opposing Zigota's Special Attack rose!</small><br></div><div class="battle-history"><small>The opposing Zigota's Special Defense rose!</small><br></div><div class="spacer battle-history"><br></div><div class="battle-history"><small>The opposing Zigota restored a little HP using its Leftovers!</small><br></div><div class="spacer battle-history"><br></div><h2 class="battle-history">Turn 12</h2><div class="spacer battle-history"><br></div><div class="battle-history">The opposing Zigota used <strong>Calm Mind</strong>!<br></div><div class="battle-history"><small>The opposing Zigota's Special Attack rose!</small><br></div><div class="battle-history"><small>The opposing Zigota's Special Defense rose!</small><br></div><div class="spacer battle-history"><br></div><div class="battle-history">Donphan used <strong>Roar</strong>!<br></div><div class="spacer battle-history"><br></div><div class="battle-history">PlameniTestis (<strong>Darmanitan</strong>) was dragged out!<br></div><div class="battle-history"><small>Pointed stones dug into the opposing PlameniTestis!</small><br></div><div class="spacer battle-history"><br></div><h2 class="battle-history">Turn 13</h2><div class="spacer battle-history"><br></div><div class="battle-history">The opposing PlameniTestis used <strong>Flare Blitz</strong>!<br></div><div class="battle-history"><small>(Donphan lost <abbr title="−250/349">71.6%</abbr> of its health!)</small><br></div><div class="battle-history"><small>The opposing PlameniTestis is damaged by the recoil!</small><br></div><div class="spacer battle-history"><br></div><div class="battle-history">Donphan fainted!<br></div><div class="battle-history">The opposing PlameniTestis fainted!<br></div><div class="spacer battle-history"><br></div><div class="battle-history">Go! <strong>Mamoswine</strong>!<br></div><div class="spacer battle-history"><br></div><div class="battle-history">G0sp0da sent out Zigota (<strong>Reuniclus</strong>)!<br></div><div class="spacer battle-history"><br></div><h2 class="battle-history">Turn 14</h2><div class="spacer battle-history"><br></div><div class="battle-history">Mamoswine used <strong>Icicle Crash</strong>!<br></div><div class="battle-history"><small>(The opposing Zigota lost <abbr title="−141/423">33.3%</abbr> of its health!)</small><br></div><div class="spacer battle-history"><br></div><div class="battle-history">The opposing Zigota used <strong>Calm Mind</strong>!<br></div><div class="battle-history"><small>The opposing Zigota's Special Attack rose!</small><br></div><div class="battle-history"><small>The opposing Zigota's Special Defense rose!</small><br></div><div class="spacer battle-history"><br></div><div class="battle-history"><small>The opposing Zigota restored a little HP using its Leftovers!</small><br></div><div class="spacer battle-history"><br></div><h2 class="battle-history">Turn 15</h2><div class="spacer battle-history"><br></div><div class="battle-history">Mamoswine used <strong>Earthquake</strong>!<br></div><div class="battle-history"><small>(The opposing Zigota lost <abbr title="−165/423">39.0%</abbr> of its health!)</small><br></div><div class="spacer battle-history"><br></div><div class="battle-history">The opposing Zigota used <strong>Recover</strong>!<br></div><div class="battle-history"><small>The opposing Zigota restored its HP.</small><br></div><div class="spacer battle-history"><br></div><div class="battle-history"><small>The opposing Zigota restored a little HP using its Leftovers!</small><br></div><div class="spacer battle-history"><br></div><h2 class="battle-history">Turn 16</h2><div class="spacer battle-history"><br></div><div class="battle-history">Mamoswine used <strong>Icicle Crash</strong>!<br></div><div class="battle-history"><small>(The opposing Zigota lost <abbr title="−142/423">33.6%</abbr> of its health!)</small><br></div><div class="spacer battle-history"><br></div><div class="battle-history">The opposing Zigota used <strong>Recover</strong>!<br></div><div class="battle-history"><small>The opposing Zigota restored its HP.</small><br></div><div class="spacer battle-history"><br></div><div class="battle-history"><small>The opposing Zigota restored a little HP using its Leftovers!</small><br></div><div class="spacer battle-history"><br></div><h2 class="battle-history">Turn 17</h2><div class="chat chatmessage-genesis2099"><strong style="color:hsl(348,74%,45%)"><small>☆</small><span class="username" data-name="Genesis2099">Genesis2099</span>:</strong> <em>...</em></div><div class="spacer battle-history"><br></div><div class="battle-history">Mamoswine used <strong>Icicle Crash</strong>!<br></div><div class="battle-history"><small>(The opposing Zigota lost <abbr title="−141/423">33.3%</abbr> of its health!)</small><br></div><div class="spacer battle-history"><br></div><div class="battle-history">The opposing Zigota flinched and couldn't move!<br></div><div class="spacer battle-history"><br></div><div class="battle-history"><small>The opposing Zigota restored a little HP using its Leftovers!</small><br></div><div class="spacer battle-history"><br></div><h2 class="battle-history">Turn 18</h2><div class="spacer battle-history"><br></div><div class="battle-history">Mamoswine used <strong>Earthquake</strong>!<br></div><div class="battle-history"><small>A critical hit!</small><br></div><div class="battle-history"><small>(The opposing Zigota lost <abbr title="−240/423">56.7%</abbr> of its health!)</small><br></div><div class="spacer battle-history"><br></div><div class="battle-history">The opposing Zigota fainted!<br></div><div class="spacer battle-history"><br></div><div class="battle-history"><strong>Genesis2099</strong> won the battle!<br></div><div class="chat">Genesis2099's rating: 1000 → <strong>1061</strong><br>(+61 for winning)</div><div class="chat">G0sp0da's rating: 1205 → <strong>1167</strong><br>(-38 for losing)</div><div class="chat"><small>G0sp0da left.</small></div></div><div class="inner-preempt"></div></div></div>
</div>
<script>
let daily = Math.floor(Date.now()/1000/60/60/24);document.write('<script src="https://play.pokemonshowdown.com/js/replay-embed.js?version'+daily+'"></'+'script>');
</script>
