<!DOCTYPE html>
<meta charset="utf-8" />
<!-- version 1 -->
<title>UU replay: Binix vs. itsyaboiraboi</title>
<style>
html,body {font-family:Verdana, sans-serif;font-size:10pt;margin:0;padding:0;}body{padding:12px 0;} .battle-log {font-family:Verdana, sans-serif;font-size:10pt;} .battle-log-inline {border:1px solid #AAAAAA;background:#EEF2F5;color:black;max-width:640px;margin:0 auto 80px;padding-bottom:5px;} .battle-log .inner {padding:4px 8px 0px 8px;} .battle-log .inner-preempt {padding:0 8px 4px 8px;} .battle-log .inner-after {margin-top:0.5em;} .battle-log h2 {margin:0.5em -8px;padding:4px 8px;border:1px solid #AAAAAA;background:#E0E7EA;border-left:0;border-right:0;font-family:Verdana, sans-serif;font-size:13pt;} .battle-log .chat {vertical-align:middle;padding:3px 0 3px 0;font-size:8pt;} .battle-log .chat strong {color:#40576A;} .battle-log .chat em {padding:1px 4px 1px 3px;color:#000000;font-style:normal;} .chat.mine {background:rgba(0,0,0,0.05);margin-left:-8px;margin-right:-8px;padding-left:8px;padding-right:8px;} .spoiler {color:#BBBBBB;background:#BBBBBB;padding:0px 3px;} .spoiler:hover, .spoiler:active, .spoiler-shown {color:#000000;background:#E2E2E2;padding:0px 3px;} .spoiler a {color:#BBBBBB;} .spoiler:hover a, .spoiler:active a, .spoiler-shown a {color:#2288CC;} .chat code, .chat .spoiler:hover code, .chat .spoiler:active code, .chat .spoiler-shown code {border:1px solid #C0C0C0;background:#EEEEEE;color:black;padding:0 2px;} .chat .spoiler code {border:1px solid #CCCCCC;background:#CCCCCC;color:#CCCCCC;} .battle-log .rated {padding:3px 4px;} .battle-log .rated strong {color:white;background:#89A;padding:1px 4px;border-radius:4px;} .spacer {margin-top:0.5em;} .message-announce {background:#6688AA;color:white;padding:1px 4px 2px;} .message-announce a, .broadcast-green a, .broadcast-blue a, .broadcast-red a {color:#DDEEFF;} .broadcast-green {background-color:#559955;color:white;padding:2px 4px;} .broadcast-blue {background-color:#6688AA;color:white;padding:2px 4px;} .infobox {border:1px solid #6688AA;padding:2px 4px;} .infobox-limited {max-height:200px;overflow:auto;overflow-x:hidden;} .broadcast-red {background-color:#AA5544;color:white;padding:2px 4px;} .message-learn-canlearn {font-weight:bold;color:#228822;text-decoration:underline;} .message-learn-cannotlearn {font-weight:bold;color:#CC2222;text-decoration:underline;} .message-effect-weak {font-weight:bold;color:#CC2222;} .message-effect-resist {font-weight:bold;color:#6688AA;} .message-effect-immune {font-weight:bold;color:#666666;} .message-learn-list {margin-top:0;margin-bottom:0;} .message-throttle-notice, .message-error {color:#992222;} .message-overflow, .chat small.message-overflow {font-size:0pt;} .message-overflow::before {font-size:9pt;content:'...';} .subtle {color:#3A4A66;}
</style>
<div class="wrapper replay-wrapper" style="max-width:1180px;margin:0 auto">
<input type="hidden" name="replayid" value="uu-566518715" />
<div class="battle"></div><div class="battle-log"></div><div class="replay-controls"></div><div class="replay-controls-2"></div>
<h1 style="font-weight:normal;text-align:center"><strong>UU</strong><br /><a href="http://pokemonshowdown.com/users/binix" class="subtle" target="_blank">Binix</a> vs. <a href="http://pokemonshowdown.com/users/itsyaboiraboi" class="subtle" target="_blank">itsyaboiraboi</a></h1>
<script type="text/plain" class="battle-log-data">|j|Binix
|j|itsyaboiraboi
|player|p1|Binix|1
|player|p2|itsyaboiraboi|23
|gametype|singles
|gen|6
|tier|UU
|rated
|seed|65489,3587,58726,22820
|rule|Sleep Clause Mod: Limit one foe put to sleep
|rule|Species Clause: Limit one of each Pokémon
|rule|OHKO Clause: OHKO moves are banned
|rule|Moody Clause: Moody is banned
|rule|Evasion Moves Clause: Evasion moves are banned
|rule|Endless Battle Clause: Forcing endless battles is banned
|rule|HP Percentage Mod: HP is shown in percentages
|clearpoke
|poke|p1|Aggron, M, shiny|item
|poke|p1|Suicune, shiny|item
|poke|p1|Gligar, F|item
|poke|p1|Celebi|item
|poke|p1|Sylveon, F|item
|poke|p1|Mienshao, F|item
|poke|p2|Sceptile, F|item
|poke|p2|Empoleon, M|item
|poke|p2|Florges, F|item
|poke|p2|Krookodile, F|item
|poke|p2|Arcanine, F|item
|poke|p2|Goodra, F|item
|rule|Swagger Clause: Swagger is banned
|rule|Baton Pass Clause: Limit one Baton Passer, can't pass Spe and other stats simultaneously
|teampreview
|j|jayturdd
|choice|team 6, team 2, team 3, team 4, team 5, team 1|team 4, team 2, team 3, team 1, team 5, team 6
|
|start
|switch|p1a: Mienshao|Mienshao, F|271\/271
|switch|p2a: Krookodile|Krookodile, F|331\/331
|-ability|p2a: Krookodile|Intimidate|boost
|-unboost|p1a: Mienshao|atk|1
|turn|1
|c| jayturdd|BODYBAG
|choice|move uturn|switch 5
|
|switch|p2a: Arcanine|Arcanine, F|383\/383
|-ability|p2a: Arcanine|Intimidate|boost
|-unboost|p1a: Mienshao|atk|1
|move|p1a: Mienshao|U-turn|p2a: Arcanine
|-resisted|p2a: Arcanine
|-damage|p2a: Arcanine|366\/383
|c|☆itsyaboiraboi|BODYBAG
|choice|switch 2|
|
|switch|p1a: Suicune|Suicune, shiny|404\/404
|-ability|p1a: Suicune|Pressure
|
|-heal|p2a: Arcanine|383\/383|[from] item: Leftovers
|upkeep
|turn|2
|choice|move scald|switch 2
|
|switch|p2a: Empoleon|Empoleon, M|371\/371
|move|p1a: Suicune|Scald|p2a: Empoleon
|-resisted|p2a: Empoleon
|-damage|p2a: Empoleon|341\/371
|
|-heal|p2a: Empoleon|364\/371|[from] item: Leftovers
|upkeep
|turn|3
|choice|switch 2|move toxic
|
|switch|p1a: Mienshao|Mienshao, F|271\/271
|move|p2a: Empoleon|Toxic|p1a: Mienshao
|-status|p1a: Mienshao|tox
|
|-heal|p2a: Empoleon|371\/371|[from] item: Leftovers
|-damage|p1a: Mienshao|255\/271 tox|[from] psn
|upkeep
|turn|4
|choice|move uturn|switch 2
|
|switch|p2a: Arcanine|Arcanine, F|383\/383
|-ability|p2a: Arcanine|Intimidate|boost
|-unboost|p1a: Mienshao|atk|1
|move|p1a: Mienshao|U-turn|p2a: Arcanine
|-resisted|p2a: Arcanine
|-damage|p2a: Arcanine|361\/383
|choice|switch 2|
|
|switch|p1a: Suicune|Suicune, shiny|404\/404
|-ability|p1a: Suicune|Pressure
|
|-heal|p2a: Arcanine|383\/383|[from] item: Leftovers
|upkeep
|turn|5
|choice|move calmmind|switch 2
|
|switch|p2a: Empoleon|Empoleon, M|371\/371
|move|p1a: Suicune|Calm Mind|p1a: Suicune
|-boost|p1a: Suicune|spa|1
|-boost|p1a: Suicune|spd|1
|
|upkeep
|turn|6
|choice|move scald|switch 4
|
|switch|p2a: Sceptile|Sceptile, F|281\/281
|move|p1a: Suicune|Scald|p2a: Sceptile
|-resisted|p2a: Sceptile
|-damage|p2a: Sceptile|207\/281
|
|upkeep
|turn|7
|choice|switch 4|move leafstorm mega
|
|switch|p1a: Celebi|Celebi|341\/341
|detailschange|p2a: Sceptile|Sceptile-Mega, F
|-mega|p2a: Sceptile|Sceptile|Sceptilite
|move|p2a: Sceptile|Leaf Storm|p1a: Celebi
|-resisted|p1a: Celebi
|-damage|p1a: Celebi|215\/341
|-unboost|p2a: Sceptile|spa|2
|
|-heal|p1a: Celebi|236\/341|[from] item: Leftovers
|upkeep
|turn|8
|c|☆itsyaboiraboi|that did a lot
|c| jayturdd|OPEN CHEST
|c|☆itsyaboiraboi|ngl
|choice|move nastyplot|switch 5
|
|switch|p2a: Krookodile|Krookodile, F|331\/331
|-ability|p2a: Krookodile|Intimidate|boost
|-unboost|p1a: Celebi|atk|1
|move|p1a: Celebi|Nasty Plot|p1a: Celebi
|-boost|p1a: Celebi|spa|2
|
|-heal|p1a: Celebi|257\/341|[from] item: Leftovers
|upkeep
|turn|9
|c| jayturdd|He's defensive I think
|choice|move gigadrain|move pursuit
|
|move|p1a: Celebi|Giga Drain|p2a: Krookodile
|-supereffective|p2a: Krookodile
|-damage|p2a: Krookodile|0 fnt
|-heal|p1a: Celebi|341\/341|[from] drain|[of] p2a: Krookodile
|faint|p2a: Krookodile
|
|upkeep
|c|☆itsyaboiraboi|o
|c|☆itsyaboiraboi|wait
|c|☆itsyaboiraboi|i
|c|☆itsyaboiraboi|a
|c| jayturdd|Defensive baton pass?
|c| jayturdd|oh
|c|☆itsyaboiraboi|I THOUGHT I WAS FUCKING SCARF
|c| jayturdd|nvm
|choice||switch 6
|
|switch|p2a: Goodra|Goodra, F|383\/383
|turn|10
|c| jayturdd|LOL
|choice|switch 5|move sludgewave
|
|switch|p1a: Sylveon|Sylveon, F|331\/331
|move|p2a: Goodra|Sludge Wave|p1a: Sylveon
|-supereffective|p1a: Sylveon
|-damage|p1a: Sylveon|143\/331
|
|upkeep
|turn|11
|c|☆itsyaboiraboi|get predicted
|c|☆itsyaboiraboi|how u feel
|choice|move hypervoice|switch 4
|
|switch|p2a: Empoleon|Empoleon, M|371\/371
|move|p1a: Sylveon|Hyper Voice|p2a: Empoleon
|-resisted|p2a: Empoleon
|-damage|p2a: Empoleon|270\/371
|
|-heal|p2a: Empoleon|293\/371|[from] item: Leftovers
|upkeep
|turn|12
|c|☆itsyaboiraboi|yum
|c|☆itsyaboiraboi|yum
|c|☆itsyaboiraboi|yum
|c|☆itsyaboiraboi|yum
|choice|switch 5|move stealthrock
|
|switch|p1a: Celebi|Celebi|341\/341
|move|p2a: Empoleon|Stealth Rock|p1a: Celebi
|-sidestart|p1: Binix|move: Stealth Rock
|
|-heal|p2a: Empoleon|316\/371|[from] item: Leftovers
|upkeep
|turn|13
|c|☆itsyaboiraboi|most free stealth rocks of my life
|choice|move nastyplot|switch 4
|
|switch|p2a: Goodra|Goodra, F|383\/383
|move|p1a: Celebi|Nasty Plot|p1a: Celebi
|-boost|p1a: Celebi|spa|2
|
|upkeep
|turn|14
|choice|move psychic|move fireblast
|
|move|p1a: Celebi|Psychic|p2a: Goodra
|-damage|p2a: Goodra|256\/383
|move|p2a: Goodra|Fire Blast|p1a: Celebi
|-supereffective|p1a: Celebi
|-damage|p1a: Celebi|93\/341
|
|-heal|p1a: Celebi|114\/341|[from] item: Leftovers
|upkeep
|turn|15
|c|☆itsyaboiraboi|YUM
|choice|move psychic|move sludgewave
|
|move|p1a: Celebi|Psychic|p2a: Goodra
|-damage|p2a: Goodra|130\/383
|move|p2a: Goodra|Sludge Wave|p1a: Celebi
|-supereffective|p1a: Celebi
|-damage|p1a: Celebi|0 fnt
|faint|p1a: Celebi
|
|upkeep
|c| jayturdd|SLURP IT YUH
|choice|switch 2|
|
|switch|p1a: Mienshao|Mienshao, F|271\/271 tox
|-damage|p1a: Mienshao|255\/271 tox|[from] Stealth Rock
|turn|16
|choice|move knockoff|move sludgewave
|
|move|p1a: Mienshao|Knock Off|p2a: Goodra
|-damage|p2a: Goodra|0 fnt
|-enditem|p2a: Goodra|Assault Vest|[from] move: Knock Off|[of] p1a: Mienshao
|faint|p2a: Goodra
|
|-damage|p1a: Mienshao|239\/271 tox|[from] psn
|upkeep
|c|☆Binix|ahhhhh not bad
|choice||switch 5
|
|switch|p2a: Sceptile|Sceptile-Mega, F|207\/281
|turn|17
|c|☆itsyaboiraboi|show me ur switch ins
|choice|switch 5|move dragonpulse
|
|switch|p1a: Sylveon|Sylveon, F|143\/331
|-damage|p1a: Sylveon|102\/331|[from] Stealth Rock
|move|p2a: Sceptile|Dragon Pulse|p1a: Sylveon
|-immune|p1a: Sylveon|[msg]
|
|upkeep
|turn|18
|c|☆Binix|eating that UP
|c|☆Binix|yum yum
|choice|move hypervoice|move leafstorm
|
|move|p2a: Sceptile|Leaf Storm|p1a: Sylveon
|-damage|p1a: Sylveon|0 fnt
|-unboost|p2a: Sceptile|spa|2
|faint|p1a: Sylveon
|
|upkeep
|c|☆Binix|HAX
|choice|switch 6|
|
|switch|p1a: Aggron|Aggron, M, shiny|344\/344
|-damage|p1a: Aggron|323\/344|[from] Stealth Rock
|turn|19
|c|☆itsyaboiraboi|stop breaking clauses
|choice|move thunderwave mega|switch 2
|
|switch|p2a: Arcanine|Arcanine, F|383\/383
|-ability|p2a: Arcanine|Intimidate|boost
|-unboost|p1a: Aggron|atk|1
|detailschange|p1a: Aggron|Aggron-Mega, M, shiny
|-mega|p1a: Aggron|Aggron|Aggronite
|move|p1a: Aggron|Thunder Wave|p2a: Arcanine
|-status|p2a: Arcanine|par
|
|upkeep
|turn|20
|c|☆itsyaboiraboi|whats a arcanine
|choice|switch 4|switch 2
|
|switch|p1a: Suicune|Suicune, shiny|404\/404
|-damage|p1a: Suicune|354\/404|[from] Stealth Rock
|-ability|p1a: Suicune|Pressure
|switch|p2a: Sceptile|Sceptile-Mega, F|207\/281
|
|-heal|p1a: Suicune|379\/404|[from] item: Leftovers
|upkeep
|turn|21
|c|☆itsyaboiraboi|e-z predicts
|choice|switch 4|move focusblast
|
|switch|p1a: Aggron|Aggron-Mega, M, shiny|323\/344
|-damage|p1a: Aggron|302\/344|[from] Stealth Rock
|move|p2a: Sceptile|Focus Blast|p1a: Aggron|[miss]
|-miss|p2a: Sceptile|p1a: Aggron
|
|upkeep
|turn|22
|c|☆itsyaboiraboi|WE OUT HERE
|c|☆itsyaboiraboi|,.
|c|☆Binix|nice MISS
|choice|move stealthrock|move focusblast
|
|move|p2a: Sceptile|Focus Blast|p1a: Aggron|[miss]
|-miss|p2a: Sceptile|p1a: Aggron
|move|p1a: Aggron|Stealth Rock|p2a: Sceptile
|-sidestart|p2: itsyaboiraboi|move: Stealth Rock
|
|upkeep
|turn|23
|c|☆itsyaboiraboi|WHAT THE FUCK
|c|☆Binix|NICE MISS
|choice|move heavyslam|move focusblast
|
|move|p2a: Sceptile|Focus Blast|p1a: Aggron
|-supereffective|p1a: Aggron
|-damage|p1a: Aggron|110\/344
|move|p1a: Aggron|Heavy Slam|p2a: Sceptile
|-damage|p2a: Sceptile|0 fnt
|faint|p2a: Sceptile
|
|upkeep
|c|☆Binix|ez
|c|☆itsyaboiraboi|Im legit
|c|☆itsyaboiraboi|fucking
|c|☆itsyaboiraboi|done
|c|☆itsyaboiraboi|with
|c|☆itsyaboiraboi|this
|c|☆itsyaboiraboi|shit
|c|☆itsyaboiraboi|game
|c|☆Binix|cool
|c|☆itsyaboiraboi|i lose to suciune now
|c|☆itsyaboiraboi|suck
|c|☆itsyaboiraboi|my
|c|☆itsyaboiraboi|fucking
|c|☆itsyaboiraboi|cock
|-message|itsyaboiraboi forfeited.
|
|win|Binix
|l|itsyaboiraboi
|raw|Binix's rating: 1440 &rarr; <strong>1444<\/strong><br \/>(+4 for winning)
|raw|itsyaboiraboi's rating: 1069 &rarr; <strong>1065<\/strong><br \/>(-4 for losing)
|c|☆Binix|LOL
|c|☆Binix|not bad
|c| jayturdd|LOL
|l|Binix
|l|jayturdd
|j|Binix</script>
</div>
<div class="battle-log battle-log-inline"><div class="inner"><div class="battle-options"></div><div class="inner"><div class="chat"><small>Binix joined.</small></div><div class="chat"><small>itsyaboiraboi joined.</small></div><div class=""><small>Format:</small> <br><strong>UU</strong></div><div class="rated"><strong>Rated battle</strong></div><div class=""><small><em>Sleep Clause Mod:</em> Limit one foe put to sleep</small></div><div class=""><small><em>Species Clause:</em> Limit one of each Pokémon</small></div><div class=""><small><em>OHKO Clause:</em> OHKO moves are banned</small></div><div class=""><small><em>Moody Clause:</em> Moody is banned</small></div><div class=""><small><em>Evasion Moves Clause:</em> Evasion moves are banned</small></div><div class=""><small><em>Endless Battle Clause:</em> Forcing endless battles is banned</small></div><div class=""><small><em>HP Percentage Mod:</em> HP is shown in percentages</small></div><div class=""><small><em>Swagger Clause:</em> Swagger is banned</small></div><div class=""><small><em>Baton Pass Clause:</em> Limit one Baton Passer, can't pass Spe and other stats simultaneously</small></div><div class="chat battle-history"><strong>Binix's team:</strong> <em style="color:#445566;display:block;">Aggron / Suicune / Gligar / Celebi / Sylveon / Mienshao</em></div><div class="chat battle-history"><strong>itsyaboiraboi's team:</strong> <em style="color:#445566;display:block;">Sceptile / Empoleon / Florges / Krookodile / Arcanine / Goodra</em></div><div class="chat"><small>jayturdd joined.</small></div><div class="spacer battle-history"><br></div><div class="battle-history">Battle started between Binix and itsyaboiraboi!<br></div><div class="spacer battle-history"><br></div><div class="battle-history">Go! <strong>Mienshao</strong>!<br></div><div class="spacer battle-history"><br></div><div class="battle-history">itsyaboiraboi sent out <strong>Krookodile</strong>!<br></div><div class="battle-history"><small>[The opposing Krookodile's Intimidate]</small><br></div><div class="battle-history"><small>Mienshao's Attack fell!</small><br></div><div class="spacer battle-history"><br></div><h2 class="battle-history">Turn 1</h2><div class="chat chatmessage-jayturdd"><strong style="color:hsl(357,58%,46.18326831052552%)"><small> </small><span class="username" data-name="jayturdd">jayturdd</span>:</strong> <em>BODYBAG</em></div><div class="spacer battle-history"><br></div><div class="battle-history">itsyaboiraboi withdrew Krookodile!<br></div><div class="battle-history">itsyaboiraboi sent out <strong>Arcanine</strong>!<br></div><div class="battle-history"><small>[The opposing Arcanine's Intimidate]</small><br></div><div class="battle-history"><small>Mienshao's Attack fell!</small><br></div><div class="spacer battle-history"><br></div><div class="battle-history">Mienshao used <strong>U-turn</strong>!<br></div><div class="battle-history"><small>It's not very effective...</small><br></div><div class="battle-history"><small>(The opposing Arcanine lost <abbr title="−17/383">4.4%</abbr> of its health!)</small><br></div><div class="chat chatmessage-itsyaboiraboi"><strong style="color:hsl(133,84%,34.649053525409684%)"><small>☆</small><span class="username" data-name="itsyaboiraboi">itsyaboiraboi</span>:</strong> <em>BODYBAG</em></div><div class="spacer battle-history"><br></div><div class="battle-history">Mienshao went back to Binix!<br></div><div class="battle-history">Go! <strong>Suicune</strong>!<br></div><div class="battle-history"><small>[Suicune's Pressure]</small><br><small>Suicune is exerting its pressure!</small><br></div><div class="spacer battle-history"><br></div><div class="battle-history"><small>The opposing Arcanine restored a little HP using its Leftovers!</small><br></div><div class="spacer battle-history"><br></div><h2 class="battle-history">Turn 2</h2><div class="spacer battle-history"><br></div><div class="battle-history">itsyaboiraboi withdrew Arcanine!<br></div><div class="battle-history">itsyaboiraboi sent out <strong>Empoleon</strong>!<br></div><div class="spacer battle-history"><br></div><div class="battle-history">Suicune used <strong>Scald</strong>!<br></div><div class="battle-history"><small>It's not very effective...</small><br></div><div class="battle-history"><small>(The opposing Empoleon lost <abbr title="−30/371">8.1%</abbr> of its health!)</small><br></div><div class="spacer battle-history"><br></div><div class="battle-history"><small>The opposing Empoleon restored a little HP using its Leftovers!</small><br></div><div class="spacer battle-history"><br></div><h2 class="battle-history">Turn 3</h2><div class="spacer battle-history"><br></div><div class="battle-history">Suicune, come back!<br></div><div class="battle-history">Go! <strong>Mienshao</strong>!<br></div><div class="spacer battle-history"><br></div><div class="battle-history">The opposing Empoleon used <strong>Toxic</strong>!<br></div><div class="battle-history"><small>Mienshao was badly poisoned!</small><br></div><div class="spacer battle-history"><br></div><div class="battle-history"><small>The opposing Empoleon restored a little HP using its Leftovers!</small><br></div><div class="battle-history"><small>Mienshao was hurt by poison!</small><br></div><div class="spacer battle-history"><br></div><h2 class="battle-history">Turn 4</h2><div class="spacer battle-history"><br></div><div class="battle-history">itsyaboiraboi withdrew Empoleon!<br></div><div class="battle-history">itsyaboiraboi sent out <strong>Arcanine</strong>!<br></div><div class="battle-history"><small>[The opposing Arcanine's Intimidate]</small><br></div><div class="battle-history"><small>Mienshao's Attack fell!</small><br></div><div class="spacer battle-history"><br></div><div class="battle-history">Mienshao used <strong>U-turn</strong>!<br></div><div class="battle-history"><small>It's not very effective...</small><br></div><div class="battle-history"><small>(The opposing Arcanine lost <abbr title="−22/383">5.7%</abbr> of its health!)</small><br></div><div class="spacer battle-history"><br></div><div class="battle-history">Mienshao went back to Binix!<br></div><div class="battle-history">Go! <strong>Suicune</strong>!<br></div><div class="battle-history"><small>[Suicune's Pressure]</small><br><small>Suicune is exerting its pressure!</small><br></div><div class="spacer battle-history"><br></div><div class="battle-history"><small>The opposing Arcanine restored a little HP using its Leftovers!</small><br></div><div class="spacer battle-history"><br></div><h2 class="battle-history">Turn 5</h2><div class="spacer battle-history"><br></div><div class="battle-history">itsyaboiraboi withdrew Arcanine!<br></div><div class="battle-history">itsyaboiraboi sent out <strong>Empoleon</strong>!<br></div><div class="spacer battle-history"><br></div><div class="battle-history">Suicune used <strong>Calm Mind</strong>!<br></div><div class="battle-history"><small>Suicune's Special Attack rose!</small><br></div><div class="battle-history"><small>Suicune's Special Defense rose!</small><br></div><div class="spacer battle-history"><br></div><h2 class="battle-history">Turn 6</h2><div class="spacer battle-history"><br></div><div class="battle-history">itsyaboiraboi withdrew Empoleon!<br></div><div class="battle-history">itsyaboiraboi sent out <strong>Sceptile</strong>!<br></div><div class="spacer battle-history"><br></div><div class="battle-history">Suicune used <strong>Scald</strong>!<br></div><div class="battle-history"><small>It's not very effective...</small><br></div><div class="battle-history"><small>(The opposing Sceptile lost <abbr title="−74/281">26.3%</abbr> of its health!)</small><br></div><div class="spacer battle-history"><br></div><h2 class="battle-history">Turn 7</h2><div class="spacer battle-history"><br></div><div class="battle-history">Suicune, come back!<br></div><div class="battle-history">Go! <strong>Celebi</strong>!<br></div><div class="spacer battle-history"><br></div><div class="battle-history"><small>The opposing Sceptile's Sceptilite is reacting to itsyaboiraboi's Mega Bracelet!</small><br>The opposing Sceptile has Mega Evolved into Mega Sceptile!<br></div><div class="spacer battle-history"><br></div><div class="battle-history">The opposing Sceptile used <strong>Leaf Storm</strong>!<br></div><div class="battle-history"><small>It's not very effective...</small><br></div><div class="battle-history"><small>(Celebi lost <abbr title="−126/341">37.0%</abbr> of its health!)</small><br></div><div class="battle-history"><small>The opposing Sceptile's Special Attack fell harshly!</small><br></div><div class="spacer battle-history"><br></div><div class="battle-history"><small>Celebi restored a little HP using its Leftovers!</small><br></div><div class="spacer battle-history"><br></div><h2 class="battle-history">Turn 8</h2><div class="chat chatmessage-itsyaboiraboi"><strong style="color:hsl(133,84%,34.649053525409684%)"><small>☆</small><span class="username" data-name="itsyaboiraboi">itsyaboiraboi</span>:</strong> <em>that did a lot</em></div><div class="chat chatmessage-jayturdd"><strong style="color:hsl(357,58%,46.18326831052552%)"><small> </small><span class="username" data-name="jayturdd">jayturdd</span>:</strong> <em>OPEN CHEST</em></div><div class="chat chatmessage-itsyaboiraboi"><strong style="color:hsl(133,84%,34.649053525409684%)"><small>☆</small><span class="username" data-name="itsyaboiraboi">itsyaboiraboi</span>:</strong> <em>ngl</em></div><div class="spacer battle-history"><br></div><div class="battle-history">itsyaboiraboi withdrew Sceptile!<br></div><div class="battle-history">itsyaboiraboi sent out <strong>Krookodile</strong>!<br></div><div class="battle-history"><small>[The opposing Krookodile's Intimidate]</small><br></div><div class="battle-history"><small>Celebi's Attack fell!</small><br></div><div class="spacer battle-history"><br></div><div class="battle-history">Celebi used <strong>Nasty Plot</strong>!<br></div><div class="battle-history"><small>Celebi's Special Attack rose sharply!</small><br></div><div class="spacer battle-history"><br></div><div class="battle-history"><small>Celebi restored a little HP using its Leftovers!</small><br></div><div class="spacer battle-history"><br></div><h2 class="battle-history">Turn 9</h2><div class="chat chatmessage-jayturdd"><strong style="color:hsl(357,58%,46.18326831052552%)"><small> </small><span class="username" data-name="jayturdd">jayturdd</span>:</strong> <em>He's defensive I think</em></div><div class="spacer battle-history"><br></div><div class="battle-history">Celebi used <strong>Giga Drain</strong>!<br></div><div class="battle-history"><small>It's super effective!</small><br></div><div class="battle-history"><small>(The opposing Krookodile lost <abbr title="−331/331">100%</abbr> of its health!)</small><br></div><div class="battle-history"><small>The opposing Krookodile had its energy drained!</small><br></div><div class="spacer battle-history"><br></div><div class="battle-history">The opposing Krookodile fainted!<br></div><div class="chat chatmessage-itsyaboiraboi"><strong style="color:hsl(133,84%,34.649053525409684%)"><small>☆</small><span class="username" data-name="itsyaboiraboi">itsyaboiraboi</span>:</strong> <em>o</em></div><div class="chat chatmessage-itsyaboiraboi"><strong style="color:hsl(133,84%,34.649053525409684%)"><small>☆</small><span class="username" data-name="itsyaboiraboi">itsyaboiraboi</span>:</strong> <em>wait</em></div><div class="chat chatmessage-itsyaboiraboi"><strong style="color:hsl(133,84%,34.649053525409684%)"><small>☆</small><span class="username" data-name="itsyaboiraboi">itsyaboiraboi</span>:</strong> <em>i</em></div><div class="chat chatmessage-itsyaboiraboi"><strong style="color:hsl(133,84%,34.649053525409684%)"><small>☆</small><span class="username" data-name="itsyaboiraboi">itsyaboiraboi</span>:</strong> <em>a</em></div><div class="chat chatmessage-jayturdd"><strong style="color:hsl(357,58%,46.18326831052552%)"><small> </small><span class="username" data-name="jayturdd">jayturdd</span>:</strong> <em>Defensive baton pass?</em></div><div class="chat chatmessage-jayturdd"><strong style="color:hsl(357,58%,46.18326831052552%)"><small> </small><span class="username" data-name="jayturdd">jayturdd</span>:</strong> <em>oh</em></div><div class="chat chatmessage-itsyaboiraboi"><strong style="color:hsl(133,84%,34.649053525409684%)"><small>☆</small><span class="username" data-name="itsyaboiraboi">itsyaboiraboi</span>:</strong> <em>I THOUGHT I WAS FUCKING SCARF</em></div><div class="chat chatmessage-jayturdd"><strong style="color:hsl(357,58%,46.18326831052552%)"><small> </small><span class="username" data-name="jayturdd">jayturdd</span>:</strong> <em>nvm</em></div><div class="spacer battle-history"><br></div><div class="battle-history">itsyaboiraboi sent out <strong>Goodra</strong>!<br></div><div class="spacer battle-history"><br></div><h2 class="battle-history">Turn 10</h2><div class="chat chatmessage-jayturdd"><strong style="color:hsl(357,58%,46.18326831052552%)"><small> </small><span class="username" data-name="jayturdd">jayturdd</span>:</strong> <em>LOL</em></div><div class="spacer battle-history"><br></div><div class="battle-history">Celebi, come back!<br></div><div class="battle-history">Go! <strong>Sylveon</strong>!<br></div><div class="spacer battle-history"><br></div><div class="battle-history">The opposing Goodra used <strong>Sludge Wave</strong>!<br></div><div class="battle-history"><small>It's super effective!</small><br></div><div class="battle-history"><small>(Sylveon lost <abbr title="−188/331">56.8%</abbr> of its health!)</small><br></div><div class="spacer battle-history"><br></div><h2 class="battle-history">Turn 11</h2><div class="chat chatmessage-itsyaboiraboi"><strong style="color:hsl(133,84%,34.649053525409684%)"><small>☆</small><span class="username" data-name="itsyaboiraboi">itsyaboiraboi</span>:</strong> <em>get predicted</em></div><div class="chat chatmessage-itsyaboiraboi"><strong style="color:hsl(133,84%,34.649053525409684%)"><small>☆</small><span class="username" data-name="itsyaboiraboi">itsyaboiraboi</span>:</strong> <em>how u feel</em></div><div class="spacer battle-history"><br></div><div class="battle-history">itsyaboiraboi withdrew Goodra!<br></div><div class="battle-history">itsyaboiraboi sent out <strong>Empoleon</strong>!<br></div><div class="spacer battle-history"><br></div><div class="battle-history">Sylveon used <strong>Hyper Voice</strong>!<br></div><div class="battle-history"><small>It's not very effective...</small><br></div><div class="battle-history"><small>(The opposing Empoleon lost <abbr title="−101/371">27.2%</abbr> of its health!)</small><br></div><div class="spacer battle-history"><br></div><div class="battle-history"><small>The opposing Empoleon restored a little HP using its Leftovers!</small><br></div><div class="spacer battle-history"><br></div><h2 class="battle-history">Turn 12</h2><div class="chat chatmessage-itsyaboiraboi"><strong style="color:hsl(133,84%,34.649053525409684%)"><small>☆</small><span class="username" data-name="itsyaboiraboi">itsyaboiraboi</span>:</strong> <em>yum</em></div><div class="chat chatmessage-itsyaboiraboi"><strong style="color:hsl(133,84%,34.649053525409684%)"><small>☆</small><span class="username" data-name="itsyaboiraboi">itsyaboiraboi</span>:</strong> <em>yum</em></div><div class="chat chatmessage-itsyaboiraboi"><strong style="color:hsl(133,84%,34.649053525409684%)"><small>☆</small><span class="username" data-name="itsyaboiraboi">itsyaboiraboi</span>:</strong> <em>yum</em></div><div class="chat chatmessage-itsyaboiraboi"><strong style="color:hsl(133,84%,34.649053525409684%)"><small>☆</small><span class="username" data-name="itsyaboiraboi">itsyaboiraboi</span>:</strong> <em>yum</em></div><div class="spacer battle-history"><br></div><div class="battle-history">Sylveon, come back!<br></div><div class="battle-history">Go! <strong>Celebi</strong>!<br></div><div class="spacer battle-history"><br></div><div class="battle-history">The opposing Empoleon used <strong>Stealth Rock</strong>!<br></div><div class="battle-history"><small>Pointed stones float in the air around your team!</small><br></div><div class="spacer battle-history"><br></div><div class="battle-history"><small>The opposing Empoleon restored a little HP using its Leftovers!</small><br></div><div class="spacer battle-history"><br></div><h2 class="battle-history">Turn 13</h2><div class="chat chatmessage-itsyaboiraboi"><strong style="color:hsl(133,84%,34.649053525409684%)"><small>☆</small><span class="username" data-name="itsyaboiraboi">itsyaboiraboi</span>:</strong> <em>most free stealth rocks of my life</em></div><div class="spacer battle-history"><br></div><div class="battle-history">itsyaboiraboi withdrew Empoleon!<br></div><div class="battle-history">itsyaboiraboi sent out <strong>Goodra</strong>!<br></div><div class="spacer battle-history"><br></div><div class="battle-history">Celebi used <strong>Nasty Plot</strong>!<br></div><div class="battle-history"><small>Celebi's Special Attack rose sharply!</small><br></div><div class="spacer battle-history"><br></div><h2 class="battle-history">Turn 14</h2><div class="spacer battle-history"><br></div><div class="battle-history">Celebi used <strong>Psychic</strong>!<br></div><div class="battle-history"><small>(The opposing Goodra lost <abbr title="−127/383">33.2%</abbr> of its health!)</small><br></div><div class="spacer battle-history"><br></div><div class="battle-history">The opposing Goodra used <strong>Fire Blast</strong>!<br></div><div class="battle-history"><small>It's super effective!</small><br></div><div class="battle-history"><small>(Celebi lost <abbr title="−248/341">72.7%</abbr> of its health!)</small><br></div><div class="spacer battle-history"><br></div><div class="battle-history"><small>Celebi restored a little HP using its Leftovers!</small><br></div><div class="spacer battle-history"><br></div><h2 class="battle-history">Turn 15</h2><div class="chat chatmessage-itsyaboiraboi"><strong style="color:hsl(133,84%,34.649053525409684%)"><small>☆</small><span class="username" data-name="itsyaboiraboi">itsyaboiraboi</span>:</strong> <em>YUM</em></div><div class="spacer battle-history"><br></div><div class="battle-history">Celebi used <strong>Psychic</strong>!<br></div><div class="battle-history"><small>(The opposing Goodra lost <abbr title="−126/383">32.9%</abbr> of its health!)</small><br></div><div class="spacer battle-history"><br></div><div class="battle-history">The opposing Goodra used <strong>Sludge Wave</strong>!<br></div><div class="battle-history"><small>It's super effective!</small><br></div><div class="battle-history"><small>(Celebi lost <abbr title="−114/341">33.4%</abbr> of its health!)</small><br></div><div class="spacer battle-history"><br></div><div class="battle-history">Celebi fainted!<br></div><div class="chat chatmessage-jayturdd"><strong style="color:hsl(357,58%,46.18326831052552%)"><small> </small><span class="username" data-name="jayturdd">jayturdd</span>:</strong> <em>SLURP IT YUH</em></div><div class="spacer battle-history"><br></div><div class="battle-history">Go! <strong>Mienshao</strong>!<br></div><div class="battle-history"><small>Pointed stones dug into Mienshao!</small><br></div><div class="spacer battle-history"><br></div><h2 class="battle-history">Turn 16</h2><div class="spacer battle-history"><br></div><div class="battle-history">Mienshao used <strong>Knock Off</strong>!<br></div><div class="battle-history"><small>(The opposing Goodra lost <abbr title="−130/383">33.9%</abbr> of its health!)</small><br></div><div class="battle-history"><small>Mienshao knocked off the opposing Goodra's Assault Vest!</small><br></div><div class="spacer battle-history"><br></div><div class="battle-history">The opposing Goodra fainted!<br></div><div class="spacer battle-history"><br></div><div class="battle-history"><small>Mienshao was hurt by poison!</small><br></div><div class="chat chatmessage-binix"><strong style="color:hsl(241,79%,64.72060063524958%)"><small>☆</small><span class="username" data-name="Binix">Binix</span>:</strong> <em>ahhhhh not bad</em></div><div class="spacer battle-history"><br></div><div class="battle-history">itsyaboiraboi sent out Sceptile (<strong>Sceptile-Mega</strong>)!<br></div><div class="spacer battle-history"><br></div><h2 class="battle-history">Turn 17</h2><div class="chat chatmessage-itsyaboiraboi"><strong style="color:hsl(133,84%,34.649053525409684%)"><small>☆</small><span class="username" data-name="itsyaboiraboi">itsyaboiraboi</span>:</strong> <em>show me ur switch ins</em></div><div class="spacer battle-history"><br></div><div class="battle-history">Mienshao, come back!<br></div><div class="battle-history">Go! <strong>Sylveon</strong>!<br></div><div class="battle-history"><small>Pointed stones dug into Sylveon!</small><br></div><div class="spacer battle-history"><br></div><div class="battle-history">The opposing Sceptile used <strong>Dragon Pulse</strong>!<br></div><div class="battle-history"><small>It doesn't affect Sylveon...</small><br></div><div class="spacer battle-history"><br></div><h2 class="battle-history">Turn 18</h2><div class="chat chatmessage-binix"><strong style="color:hsl(241,79%,64.72060063524958%)"><small>☆</small><span class="username" data-name="Binix">Binix</span>:</strong> <em>eating that UP</em></div><div class="chat chatmessage-binix"><strong style="color:hsl(241,79%,64.72060063524958%)"><small>☆</small><span class="username" data-name="Binix">Binix</span>:</strong> <em>yum yum</em></div><div class="spacer battle-history"><br></div><div class="battle-history">The opposing Sceptile used <strong>Leaf Storm</strong>!<br></div><div class="battle-history"><small>(Sylveon lost <abbr title="−102/331">30.8%</abbr> of its health!)</small><br></div><div class="battle-history"><small>The opposing Sceptile's Special Attack fell harshly!</small><br></div><div class="spacer battle-history"><br></div><div class="battle-history">Sylveon fainted!<br></div><div class="chat chatmessage-binix"><strong style="color:hsl(241,79%,64.72060063524958%)"><small>☆</small><span class="username" data-name="Binix">Binix</span>:</strong> <em>HAX</em></div><div class="spacer battle-history"><br></div><div class="battle-history">Go! <strong>Aggron</strong>!<br></div><div class="battle-history"><small>Pointed stones dug into Aggron!</small><br></div><div class="spacer battle-history"><br></div><h2 class="battle-history">Turn 19</h2><div class="chat chatmessage-itsyaboiraboi"><strong style="color:hsl(133,84%,34.649053525409684%)"><small>☆</small><span class="username" data-name="itsyaboiraboi">itsyaboiraboi</span>:</strong> <em>stop breaking clauses</em></div><div class="spacer battle-history"><br></div><div class="battle-history">itsyaboiraboi withdrew Sceptile!<br></div><div class="battle-history">itsyaboiraboi sent out <strong>Arcanine</strong>!<br></div><div class="battle-history"><small>[The opposing Arcanine's Intimidate]</small><br></div><div class="battle-history"><small>Aggron's Attack fell!</small><br></div><div class="spacer battle-history"><br></div><div class="battle-history"><small>Aggron's Aggronite is reacting to Binix's Mega Bracelet!</small><br>Aggron has Mega Evolved into Mega Aggron!<br></div><div class="spacer battle-history"><br></div><div class="battle-history">Aggron used <strong>Thunder Wave</strong>!<br></div><div class="battle-history"><small>The opposing Arcanine is paralyzed! It may be unable to move!</small><br></div><div class="spacer battle-history"><br></div><h2 class="battle-history">Turn 20</h2><div class="chat chatmessage-itsyaboiraboi"><strong style="color:hsl(133,84%,34.649053525409684%)"><small>☆</small><span class="username" data-name="itsyaboiraboi">itsyaboiraboi</span>:</strong> <em>whats a arcanine</em></div><div class="spacer battle-history"><br></div><div class="battle-history">Aggron, come back!<br></div><div class="battle-history">Go! <strong>Suicune</strong>!<br></div><div class="battle-history"><small>Pointed stones dug into Suicune!</small><br></div><div class="battle-history"><small>[Suicune's Pressure]</small><br><small>Suicune is exerting its pressure!</small><br></div><div class="spacer battle-history"><br></div><div class="battle-history">itsyaboiraboi withdrew Arcanine!<br></div><div class="battle-history">itsyaboiraboi sent out Sceptile (<strong>Sceptile-Mega</strong>)!<br></div><div class="spacer battle-history"><br></div><div class="battle-history"><small>Suicune restored a little HP using its Leftovers!</small><br></div><div class="spacer battle-history"><br></div><h2 class="battle-history">Turn 21</h2><div class="chat chatmessage-itsyaboiraboi"><strong style="color:hsl(133,84%,34.649053525409684%)"><small>☆</small><span class="username" data-name="itsyaboiraboi">itsyaboiraboi</span>:</strong> <em>e-z predicts</em></div><div class="spacer battle-history"><br></div><div class="battle-history">Suicune, come back!<br></div><div class="battle-history">Go! Aggron (<strong>Aggron-Mega</strong>)!<br></div><div class="battle-history"><small>Pointed stones dug into Aggron!</small><br></div><div class="spacer battle-history"><br></div><div class="battle-history">The opposing Sceptile used <strong>Focus Blast</strong>!<br></div><div class="battle-history"><small>Aggron avoided the attack!</small><br></div><div class="spacer battle-history"><br></div><h2 class="battle-history">Turn 22</h2><div class="chat chatmessage-itsyaboiraboi"><strong style="color:hsl(133,84%,34.649053525409684%)"><small>☆</small><span class="username" data-name="itsyaboiraboi">itsyaboiraboi</span>:</strong> <em>WE OUT HERE</em></div><div class="chat chatmessage-itsyaboiraboi"><strong style="color:hsl(133,84%,34.649053525409684%)"><small>☆</small><span class="username" data-name="itsyaboiraboi">itsyaboiraboi</span>:</strong> <em>,.</em></div><div class="chat chatmessage-binix"><strong style="color:hsl(241,79%,64.72060063524958%)"><small>☆</small><span class="username" data-name="Binix">Binix</span>:</strong> <em>nice MISS</em></div><div class="spacer battle-history"><br></div><div class="battle-history">The opposing Sceptile used <strong>Focus Blast</strong>!<br></div><div class="battle-history"><small>Aggron avoided the attack!</small><br></div><div class="spacer battle-history"><br></div><div class="battle-history">Aggron used <strong>Stealth Rock</strong>!<br></div><div class="battle-history"><small>Pointed stones float in the air around the opposing team!</small><br></div><div class="spacer battle-history"><br></div><h2 class="battle-history">Turn 23</h2><div class="chat chatmessage-itsyaboiraboi"><strong style="color:hsl(133,84%,34.649053525409684%)"><small>☆</small><span class="username" data-name="itsyaboiraboi">itsyaboiraboi</span>:</strong> <em>WHAT THE FUCK</em></div><div class="chat chatmessage-binix"><strong style="color:hsl(241,79%,64.72060063524958%)"><small>☆</small><span class="username" data-name="Binix">Binix</span>:</strong> <em>NICE MISS</em></div><div class="spacer battle-history"><br></div><div class="battle-history">The opposing Sceptile used <strong>Focus Blast</strong>!<br></div><div class="battle-history"><small>It's super effective!</small><br></div><div class="battle-history"><small>(Aggron lost <abbr title="−192/344">55.8%</abbr> of its health!)</small><br></div><div class="spacer battle-history"><br></div><div class="battle-history">Aggron used <strong>Heavy Slam</strong>!<br></div><div class="battle-history"><small>(The opposing Sceptile lost <abbr title="−207/281">73.7%</abbr> of its health!)</small><br></div><div class="spacer battle-history"><br></div><div class="battle-history">The opposing Sceptile fainted!<br></div><div class="chat chatmessage-binix"><strong style="color:hsl(241,79%,64.72060063524958%)"><small>☆</small><span class="username" data-name="Binix">Binix</span>:</strong> <em>ez</em></div><div class="chat chatmessage-itsyaboiraboi"><strong style="color:hsl(133,84%,34.649053525409684%)"><small>☆</small><span class="username" data-name="itsyaboiraboi">itsyaboiraboi</span>:</strong> <em>Im legit</em></div><div class="chat chatmessage-itsyaboiraboi"><strong style="color:hsl(133,84%,34.649053525409684%)"><small>☆</small><span class="username" data-name="itsyaboiraboi">itsyaboiraboi</span>:</strong> <em>fucking</em></div><div class="chat chatmessage-itsyaboiraboi"><strong style="color:hsl(133,84%,34.649053525409684%)"><small>☆</small><span class="username" data-name="itsyaboiraboi">itsyaboiraboi</span>:</strong> <em>done</em></div><div class="chat chatmessage-itsyaboiraboi"><strong style="color:hsl(133,84%,34.649053525409684%)"><small>☆</small><span class="username" data-name="itsyaboiraboi">itsyaboiraboi</span>:</strong> <em>with</em></div><div class="chat chatmessage-itsyaboiraboi"><strong style="color:hsl(133,84%,34.649053525409684%)"><small>☆</small><span class="username" data-name="itsyaboiraboi">itsyaboiraboi</span>:</strong> <em>this</em></div><div class="chat chatmessage-itsyaboiraboi"><strong style="color:hsl(133,84%,34.649053525409684%)"><small>☆</small><span class="username" data-name="itsyaboiraboi">itsyaboiraboi</span>:</strong> <em>shit</em></div><div class="chat chatmessage-itsyaboiraboi"><strong style="color:hsl(133,84%,34.649053525409684%)"><small>☆</small><span class="username" data-name="itsyaboiraboi">itsyaboiraboi</span>:</strong> <em>game</em></div><div class="chat chatmessage-binix"><strong style="color:hsl(241,79%,64.72060063524958%)"><small>☆</small><span class="username" data-name="Binix">Binix</span>:</strong> <em>cool</em></div><div class="chat chatmessage-itsyaboiraboi"><strong style="color:hsl(133,84%,34.649053525409684%)"><small>☆</small><span class="username" data-name="itsyaboiraboi">itsyaboiraboi</span>:</strong> <em>i lose to suciune now</em></div><div class="chat chatmessage-itsyaboiraboi"><strong style="color:hsl(133,84%,34.649053525409684%)"><small>☆</small><span class="username" data-name="itsyaboiraboi">itsyaboiraboi</span>:</strong> <em>suck</em></div><div class="chat chatmessage-itsyaboiraboi"><strong style="color:hsl(133,84%,34.649053525409684%)"><small>☆</small><span class="username" data-name="itsyaboiraboi">itsyaboiraboi</span>:</strong> <em>my</em></div><div class="chat chatmessage-itsyaboiraboi"><strong style="color:hsl(133,84%,34.649053525409684%)"><small>☆</small><span class="username" data-name="itsyaboiraboi">itsyaboiraboi</span>:</strong> <em>fucking</em></div><div class="chat chatmessage-itsyaboiraboi"><strong style="color:hsl(133,84%,34.649053525409684%)"><small>☆</small><span class="username" data-name="itsyaboiraboi">itsyaboiraboi</span>:</strong> <em>cock</em></div><div class="spacer battle-history"><br></div><div class="battle-history"><small>itsyaboiraboi forfeited.</small><br></div><div class="spacer battle-history"><br></div><div class="battle-history"><strong>Binix</strong> won the battle!<br></div><div class="chat"><small>itsyaboiraboi left.</small></div><div class="chat">Binix's rating: 1440 → <strong>1444</strong><br>(+4 for winning)</div><div class="chat">itsyaboiraboi's rating: 1069 → <strong>1065</strong><br>(-4 for losing)</div><div class="chat chatmessage-binix"><strong style="color:hsl(241,79%,64.72060063524958%)"><small>☆</small><span class="username" data-name="Binix">Binix</span>:</strong> <em>LOL</em></div><div class="chat chatmessage-binix"><strong style="color:hsl(241,79%,64.72060063524958%)"><small>☆</small><span class="username" data-name="Binix">Binix</span>:</strong> <em>not bad</em></div><div class="chat chatmessage-jayturdd"><strong style="color:hsl(357,58%,46.18326831052552%)"><small> </small><span class="username" data-name="jayturdd">jayturdd</span>:</strong> <em>LOL</em></div><div class="chat"><small>Binix left.</small></div><div class="chat"><small>jayturdd left.</small></div><div class="chat"><small>Binix joined.</small></div></div><div class="inner-preempt"></div></div></div>
</div>
<script>
let daily = Math.floor(Date.now()/1000/60/60/24);document.write('<script src="https://play.pokemonshowdown.com/js/replay-embed.js?version'+daily+'"></'+'script>');
</script>
