<!DOCTYPE html>
<meta charset="utf-8" />
<!-- version 1 -->
<title>UU replay: arizonagymleader vs. RANDOM_NAME_300</title>
<style>
html,body {font-family:Verdana, sans-serif;font-size:10pt;margin:0;padding:0;}body{padding:12px 0;} .battle-log {font-family:Verdana, sans-serif;font-size:10pt;} .battle-log-inline {border:1px solid #AAAAAA;background:#EEF2F5;color:black;max-width:640px;margin:0 auto 80px;padding-bottom:5px;} .battle-log .inner {padding:4px 8px 0px 8px;} .battle-log .inner-preempt {padding:0 8px 4px 8px;} .battle-log .inner-after {margin-top:0.5em;} .battle-log h2 {margin:0.5em -8px;padding:4px 8px;border:1px solid #AAAAAA;background:#E0E7EA;border-left:0;border-right:0;font-family:Verdana, sans-serif;font-size:13pt;} .battle-log .chat {vertical-align:middle;padding:3px 0 3px 0;font-size:8pt;} .battle-log .chat strong {color:#40576A;} .battle-log .chat em {padding:1px 4px 1px 3px;color:#000000;font-style:normal;} .chat.mine {background:rgba(0,0,0,0.05);margin-left:-8px;margin-right:-8px;padding-left:8px;padding-right:8px;} .spoiler {color:#BBBBBB;background:#BBBBBB;padding:0px 3px;} .spoiler:hover, .spoiler:active, .spoiler-shown {color:#000000;background:#E2E2E2;padding:0px 3px;} .spoiler a {color:#BBBBBB;} .spoiler:hover a, .spoiler:active a, .spoiler-shown a {color:#2288CC;} .chat code, .chat .spoiler:hover code, .chat .spoiler:active code, .chat .spoiler-shown code {border:1px solid #C0C0C0;background:#EEEEEE;color:black;padding:0 2px;} .chat .spoiler code {border:1px solid #CCCCCC;background:#CCCCCC;color:#CCCCCC;} .battle-log .rated {padding:3px 4px;} .battle-log .rated strong {color:white;background:#89A;padding:1px 4px;border-radius:4px;} .spacer {margin-top:0.5em;} .message-announce {background:#6688AA;color:white;padding:1px 4px 2px;} .message-announce a, .broadcast-green a, .broadcast-blue a, .broadcast-red a {color:#DDEEFF;} .broadcast-green {background-color:#559955;color:white;padding:2px 4px;} .broadcast-blue {background-color:#6688AA;color:white;padding:2px 4px;} .infobox {border:1px solid #6688AA;padding:2px 4px;} .infobox-limited {max-height:200px;overflow:auto;overflow-x:hidden;} .broadcast-red {background-color:#AA5544;color:white;padding:2px 4px;} .message-learn-canlearn {font-weight:bold;color:#228822;text-decoration:underline;} .message-learn-cannotlearn {font-weight:bold;color:#CC2222;text-decoration:underline;} .message-effect-weak {font-weight:bold;color:#CC2222;} .message-effect-resist {font-weight:bold;color:#6688AA;} .message-effect-immune {font-weight:bold;color:#666666;} .message-learn-list {margin-top:0;margin-bottom:0;} .message-throttle-notice, .message-error {color:#992222;} .message-overflow, .chat small.message-overflow {font-size:0pt;} .message-overflow::before {font-size:9pt;content:'...';} .subtle {color:#3A4A66;}
</style>
<div class="wrapper replay-wrapper" style="max-width:1180px;margin:0 auto">
<input type="hidden" name="replayid" value="uu-565554646" />
<div class="battle"></div><div class="battle-log"></div><div class="replay-controls"></div><div class="replay-controls-2"></div>
<h1 style="font-weight:normal;text-align:center"><strong>UU</strong><br /><a href="http://pokemonshowdown.com/users/arizonagymleader" class="subtle" target="_blank">arizonagymleader</a> vs. <a href="http://pokemonshowdown.com/users/randomname300" class="subtle" target="_blank">RANDOM_NAME_300</a></h1>
<script type="text/plain" class="battle-log-data">|j|arizonagymleader
|j|RANDOM_NAME_300
|player|p1|arizonagymleader|11
|player|p2|RANDOM_NAME_300|167
|gametype|singles
|gen|6
|tier|UU
|rated
|seed|14330,27209,250,15325
|rule|Sleep Clause Mod: Limit one foe put to sleep
|rule|Species Clause: Limit one of each Pokémon
|rule|OHKO Clause: OHKO moves are banned
|rule|Moody Clause: Moody is banned
|rule|Evasion Moves Clause: Evasion moves are banned
|rule|Endless Battle Clause: Forcing endless battles is banned
|rule|HP Percentage Mod: HP is shown in percentages
|clearpoke
|poke|p1|Gardevoir, F|item
|poke|p1|Mamoswine, M|item
|poke|p1|Gyarados, M|item
|poke|p1|Houndoom, M, shiny|item
|poke|p1|Lucario, F|item
|poke|p1|Hydreigon, M|item
|poke|p2|Jolteon, M|item
|poke|p2|Roserade, F|item
|poke|p2|Milotic, F|item
|poke|p2|Cobalion|item
|poke|p2|Donphan, M|item
|poke|p2|Rotom-Heat|item
|rule|Swagger Clause: Swagger is banned
|rule|Baton Pass Clause: Limit one Baton Passer, can't pass Spe and other stats simultaneously
|teampreview
|choice|team 6, team 2, team 3, team 4, team 5, team 1|team 5, team 2, team 3, team 4, team 1, team 6
|
|start
|switch|p1a: Nimbus|Hydreigon, M|325\/325
|switch|p2a: Donphan|Donphan, M|384\/384
|turn|1
|choice|move dracometeor|move stealthrock
|
|move|p1a: Nimbus|Draco Meteor|p2a: Donphan|[miss]
|-miss|p1a: Nimbus|p2a: Donphan
|move|p2a: Donphan|Stealth Rock|p1a: Nimbus
|-sidestart|p1: arizonagymleader|move: Stealth Rock
|
|upkeep
|turn|2
|choice|move dracometeor|switch 3
|
|switch|p2a: Milotic|Milotic, F|394\/394
|move|p1a: Nimbus|Draco Meteor|p2a: Milotic
|-damage|p2a: Milotic|208\/394
|-unboost|p1a: Nimbus|spa|2
|
|-heal|p2a: Milotic|232\/394|[from] item: Leftovers
|upkeep
|turn|3
|choice|switch 6|move scald
|
|switch|p1a: Super Bae|Gardevoir, F|340\/340
|-damage|p1a: Super Bae|298\/340|[from] Stealth Rock
|move|p2a: Milotic|Scald|p1a: Super Bae
|-damage|p1a: Super Bae|214\/340
|
|-heal|p2a: Milotic|256\/394|[from] item: Leftovers
|-heal|p1a: Super Bae|235\/340|[from] item: Leftovers
|upkeep
|turn|4
|choice|move calmmind|switch 2
|
|switch|p2a: Belladonna|Roserade, F|321\/321
|move|p1a: Super Bae|Calm Mind|p1a: Super Bae
|-boost|p1a: Super Bae|spa|1
|-boost|p1a: Super Bae|spd|1
|
|-heal|p1a: Super Bae|256\/340|[from] item: Leftovers
|upkeep
|turn|5
|choice|move psyshock|move sleeppowder
|
|move|p2a: Belladonna|Sleep Powder|p1a: Super Bae
|-status|p1a: Super Bae|slp
|cant|p1a: Super Bae|slp
|
|-heal|p1a: Super Bae|277\/340 slp|[from] item: Leftovers
|upkeep
|turn|6
|choice|move psyshock|switch 5
|
|switch|p2a: Sparkster IV|Jolteon, M|271\/271
|cant|p1a: Super Bae|slp
|
|-heal|p1a: Super Bae|298\/340 slp|[from] item: Leftovers
|upkeep
|turn|7
|choice|move psyshock|move shadowball
|
|move|p2a: Sparkster IV|Shadow Ball|p1a: Super Bae
|-supereffective|p1a: Super Bae
|-crit|p1a: Super Bae
|-damage|p1a: Super Bae|0 fnt
|faint|p1a: Super Bae
|
|upkeep
|choice|switch 2|
|
|switch|p1a: Tusk|Mamoswine, M|379\/379
|-damage|p1a: Tusk|332\/379|[from] Stealth Rock
|turn|8
|choice|move curse|switch 6
|
|switch|p2a: Rotom|Rotom-Heat|303\/303
|move|p1a: Tusk|Curse|p1a: Tusk
|-unboost|p1a: Tusk|spe|1
|-boost|p1a: Tusk|atk|1
|-boost|p1a: Tusk|def|1
|
|-heal|p1a: Tusk|355\/379|[from] item: Leftovers
|upkeep
|turn|9
|choice|move stoneedge|move willowisp
|
|move|p2a: Rotom|Will-O-Wisp|p1a: Tusk
|-status|p1a: Tusk|brn
|move|p1a: Tusk|Stone Edge|p2a: Rotom
|-supereffective|p2a: Rotom
|-damage|p2a: Rotom|150\/303
|
|-heal|p2a: Rotom|168\/303|[from] item: Leftovers
|-heal|p1a: Tusk|378\/379 brn|[from] item: Leftovers
|-damage|p1a: Tusk|331\/379 brn|[from] brn
|upkeep
|turn|10
|choice|move stoneedge|move painsplit
|
|move|p2a: Rotom|Pain Split|p1a: Tusk
|-sethp|p1a: Tusk|249\/379 brn|p2a: Rotom|249\/303|[from] move: Pain Split
|move|p1a: Tusk|Stone Edge|p2a: Rotom|[miss]
|-miss|p1a: Tusk|p2a: Rotom
|
|-heal|p2a: Rotom|267\/303|[from] item: Leftovers
|-heal|p1a: Tusk|272\/379 brn|[from] item: Leftovers
|-damage|p1a: Tusk|225\/379 brn|[from] brn
|upkeep
|turn|11
|choice|move stoneedge|move overheat
|
|move|p2a: Rotom|Overheat|p1a: Tusk
|-supereffective|p1a: Tusk
|-damage|p1a: Tusk|55\/379 brn
|-unboost|p2a: Rotom|spa|2
|move|p1a: Tusk|Stone Edge|p2a: Rotom
|-supereffective|p2a: Rotom
|-damage|p2a: Rotom|98\/303
|
|-heal|p2a: Rotom|116\/303|[from] item: Leftovers
|-heal|p1a: Tusk|78\/379 brn|[from] item: Leftovers
|-damage|p1a: Tusk|31\/379 brn|[from] brn
|upkeep
|turn|12
|choice|switch 4|switch 5
|
|switch|p2a: Belladonna|Roserade, F|321\/321
|switch|p1a: Belmont|Houndoom, M, shiny|291\/291
|-damage|p1a: Belmont|219\/291|[from] Stealth Rock
|
|upkeep
|turn|13
|choice|move flamethrower mega|move sleeppowder
|
|detailschange|p1a: Belmont|Houndoom-Mega, M, shiny
|-mega|p1a: Belmont|Houndoom|Houndoominite
|move|p1a: Belmont|Flamethrower|p2a: Belladonna
|-supereffective|p2a: Belladonna
|-damage|p2a: Belladonna|63\/321
|move|p2a: Belladonna|Sleep Powder|p1a: Belmont|[miss]
|-miss|p2a: Belladonna|p1a: Belmont
|
|-heal|p2a: Belladonna|83\/321|[from] item: Black Sludge
|upkeep
|turn|14
|choice|move flamethrower|move synthesis
|
|move|p1a: Belmont|Flamethrower|p2a: Belladonna
|-supereffective|p2a: Belladonna
|-damage|p2a: Belladonna|0 fnt
|faint|p2a: Belladonna
|
|upkeep
|choice||switch 3
|
|switch|p2a: Donphan|Donphan, M|384\/384
|turn|15
|choice|move darkpulse|move knockoff
|
|move|p1a: Belmont|Dark Pulse|p2a: Donphan
|-damage|p2a: Donphan|152\/384
|move|p2a: Donphan|Knock Off|p1a: Belmont
|-resisted|p1a: Belmont
|-damage|p1a: Belmont|185\/291
|
|-heal|p2a: Donphan|176\/384|[from] item: Leftovers
|upkeep
|turn|16
|choice|move darkpulse|move earthquake
|
|move|p1a: Belmont|Dark Pulse|p2a: Donphan
|-damage|p2a: Donphan|0 fnt
|faint|p2a: Donphan
|
|upkeep
|choice||switch 6
|
|switch|p2a: Sparkster IV|Jolteon, M|271\/271
|turn|17
|choice|move flamethrower|move thunderbolt
|
|move|p2a: Sparkster IV|Thunderbolt|p1a: Belmont
|-damage|p1a: Belmont|0 fnt
|faint|p1a: Belmont
|
|upkeep
|choice|switch 6|
|
|switch|p1a: Nimbus|Hydreigon, M|325\/325
|-damage|p1a: Nimbus|285\/325|[from] Stealth Rock
|turn|18
|choice|move fireblast|switch 2
|
|switch|p2a: Milotic|Milotic, F|256\/394
|move|p1a: Nimbus|Fire Blast|p2a: Milotic
|-resisted|p2a: Milotic
|-damage|p2a: Milotic|202\/394
|
|-heal|p2a: Milotic|226\/394|[from] item: Leftovers
|upkeep
|turn|19
|choice|switch 4|move recover
|
|switch|p1a: Tusk|Mamoswine, M|31\/379 brn
|-damage|p1a: Tusk|0 fnt|[from] Stealth Rock
|faint|p1a: Tusk
|move|p2a: Milotic|Recover|p2a: Milotic
|-heal|p2a: Milotic|394\/394
|
|upkeep
|choice|switch 4|
|
|switch|p1a: Nimbus|Hydreigon, M|285\/325
|-damage|p1a: Nimbus|245\/325|[from] Stealth Rock
|turn|20
|choice|move toxic|move recover
|
|move|p1a: Nimbus|Toxic|p2a: Milotic
|-status|p2a: Milotic|tox
|move|p2a: Milotic|Recover|p2a: Milotic
|-fail|p2a: Milotic
|
|-damage|p2a: Milotic|370\/394 tox|[from] psn
|upkeep
|turn|21
|choice|switch 3|move icebeam
|
|switch|p1a: Melbourne|Gyarados, M|331\/331
|-damage|p1a: Melbourne|249\/331|[from] Stealth Rock
|-ability|p1a: Melbourne|Intimidate|boost
|-unboost|p2a: Milotic|atk|1
|move|p2a: Milotic|Ice Beam|p1a: Melbourne
|-damage|p1a: Melbourne|182\/331
|
|-heal|p2a: Milotic|394\/394 tox|[from] item: Leftovers
|-heal|p1a: Melbourne|202\/331|[from] item: Leftovers
|-damage|p2a: Milotic|346\/394 tox|[from] psn
|upkeep
|turn|22
|choice|move dragondance|move icebeam
|
|move|p1a: Melbourne|Dragon Dance|p1a: Melbourne
|-boost|p1a: Melbourne|atk|1
|-boost|p1a: Melbourne|spe|1
|move|p2a: Milotic|Ice Beam|p1a: Melbourne
|-damage|p1a: Melbourne|132\/331
|
|-heal|p1a: Melbourne|152\/331|[from] item: Leftovers
|-heal|p2a: Milotic|370\/394 tox|[from] item: Leftovers
|-damage|p2a: Milotic|298\/394 tox|[from] psn
|upkeep
|turn|23
|choice|move earthquake|move haze
|
|move|p1a: Melbourne|Earthquake|p2a: Milotic
|-damage|p2a: Milotic|198\/394 tox
|move|p2a: Milotic|Haze|p2a: Milotic
|-clearallboost
|
|-heal|p1a: Melbourne|172\/331|[from] item: Leftovers
|-heal|p2a: Milotic|222\/394 tox|[from] item: Leftovers
|-damage|p2a: Milotic|126\/394 tox|[from] psn
|upkeep
|turn|24
|choice|move dragondance|switch 5
|
|switch|p2a: Rotom|Rotom-Heat|116\/303
|move|p1a: Melbourne|Dragon Dance|p1a: Melbourne
|-boost|p1a: Melbourne|atk|1
|-boost|p1a: Melbourne|spe|1
|
|-heal|p1a: Melbourne|192\/331|[from] item: Leftovers
|-heal|p2a: Rotom|134\/303|[from] item: Leftovers
|upkeep
|turn|25
|choice|move waterfall|move voltswitch
|
|move|p1a: Melbourne|Waterfall|p2a: Rotom
|-supereffective|p2a: Rotom
|-damage|p2a: Rotom|0 fnt
|faint|p2a: Rotom
|
|-heal|p1a: Melbourne|212\/331|[from] item: Leftovers
|upkeep
|choice||switch 2
|
|switch|p2a: Sparkster IV|Jolteon, M|271\/271
|turn|26
|choice|switch 3|move thunderbolt
|
|switch|p1a: Nimbus|Hydreigon, M|245\/325
|-damage|p1a: Nimbus|205\/325|[from] Stealth Rock
|move|p2a: Sparkster IV|Thunderbolt|p1a: Nimbus
|-resisted|p1a: Nimbus
|-damage|p1a: Nimbus|94\/325
|
|upkeep
|turn|27
|choice|move dracometeor|move thunderbolt
|
|move|p1a: Nimbus|Draco Meteor|p2a: Sparkster IV|[miss]
|-miss|p1a: Nimbus|p2a: Sparkster IV
|move|p2a: Sparkster IV|Thunderbolt|p1a: Nimbus
|-resisted|p1a: Nimbus
|-damage|p1a: Nimbus|0 fnt
|faint|p1a: Nimbus
|
|upkeep
|choice|switch 5|
|
|switch|p1a: Justice|Lucario, F|300\/300
|-damage|p1a: Justice|291\/300|[from] Stealth Rock
|turn|28
|choice|move closecombat|switch 5
|
|switch|p2a: Milotic|Milotic, F|126\/394 tox
|move|p1a: Justice|Close Combat|p2a: Milotic
|-damage|p2a: Milotic|0 fnt
|-unboost|p1a: Justice|def|1
|-unboost|p1a: Justice|spd|1
|-damage|p1a: Justice|261\/300|[from] item: Life Orb
|faint|p2a: Milotic
|
|upkeep
|choice||switch 5
|
|switch|p2a: Sparkster IV|Jolteon, M|271\/271
|turn|29
|choice|move closecombat|move thunderbolt
|
|move|p2a: Sparkster IV|Thunderbolt|p1a: Justice
|-damage|p1a: Justice|0 fnt
|faint|p1a: Justice
|
|upkeep
|choice|switch 3|
|
|switch|p1a: Melbourne|Gyarados, M|212\/331
|-damage|p1a: Melbourne|130\/331|[from] Stealth Rock
|-ability|p1a: Melbourne|Intimidate|boost
|-unboost|p2a: Sparkster IV|atk|1
|turn|30
|choice|move earthquake|move thunderbolt
|
|move|p2a: Sparkster IV|Thunderbolt|p1a: Melbourne
|-supereffective|p1a: Melbourne
|-damage|p1a: Melbourne|0 fnt
|faint|p1a: Melbourne
|
|win|RANDOM_NAME_300
|raw|arizonagymleader's rating: 1299 &rarr; <strong>1257<\/strong><br \/>(-42 for losing)
|raw|RANDOM_NAME_300's rating: 1000 &rarr; <strong>1068<\/strong><br \/>(+68 for winning)
|c|☆RANDOM_NAME_300|gg
|c|☆arizonagymleader|gg
|l|arizonagymleader</script>
</div>
<div class="battle-log battle-log-inline"><div class="inner"><div class="battle-options"></div><div class="inner"><div class="chat"><small>arizonagymleader joined.</small></div><div class="chat"><small>RANDOM_NAME_300 joined.</small></div><div class=""><small>Format:</small> <br><strong>UU</strong></div><div class="rated"><strong>Rated battle</strong></div><div class=""><small><em>Sleep Clause Mod:</em> Limit one foe put to sleep</small></div><div class=""><small><em>Species Clause:</em> Limit one of each Pokémon</small></div><div class=""><small><em>OHKO Clause:</em> OHKO moves are banned</small></div><div class=""><small><em>Moody Clause:</em> Moody is banned</small></div><div class=""><small><em>Evasion Moves Clause:</em> Evasion moves are banned</small></div><div class=""><small><em>Endless Battle Clause:</em> Forcing endless battles is banned</small></div><div class=""><small><em>HP Percentage Mod:</em> HP is shown in percentages</small></div><div class=""><small><em>Swagger Clause:</em> Swagger is banned</small></div><div class=""><small><em>Baton Pass Clause:</em> Limit one Baton Passer, can't pass Spe and other stats simultaneously</small></div><div class="chat battle-history"><strong>arizonagymleader's team:</strong> <em style="color:#445566;display:block;">Gardevoir / Mamoswine / Gyarados / Houndoom / Lucario / Hydreigon</em></div><div class="chat battle-history"><strong>RANDOM_NAME_300's team:</strong> <em style="color:#445566;display:block;">Jolteon / Roserade / Milotic / Cobalion / Donphan / Rotom-Heat</em></div><div class="spacer battle-history"><br></div><div class="battle-history">Battle started between arizonagymleader and RANDOM_NAME_300!<br></div><div class="spacer battle-history"><br></div><div class="battle-history">Go! Nimbus (<strong>Hydreigon</strong>)!<br></div><div class="spacer battle-history"><br></div><div class="battle-history">RANDOM_NAME_300 sent out <strong>Donphan</strong>!<br></div><div class="spacer battle-history"><br></div><h2 class="battle-history">Turn 1</h2><div class="spacer battle-history"><br></div><div class="battle-history">Nimbus used <strong>Draco Meteor</strong>!<br></div><div class="battle-history"><small>The opposing Donphan avoided the attack!</small><br></div><div class="spacer battle-history"><br></div><div class="battle-history">The opposing Donphan used <strong>Stealth Rock</strong>!<br></div><div class="battle-history"><small>Pointed stones float in the air around your team!</small><br></div><div class="spacer battle-history"><br></div><h2 class="battle-history">Turn 2</h2><div class="spacer battle-history"><br></div><div class="battle-history">RANDOM_NAME_300 withdrew Donphan!<br></div><div class="battle-history">RANDOM_NAME_300 sent out <strong>Milotic</strong>!<br></div><div class="spacer battle-history"><br></div><div class="battle-history">Nimbus used <strong>Draco Meteor</strong>!<br></div><div class="battle-history"><small>(The opposing Milotic lost <abbr title="−186/394">47.2%</abbr> of its health!)</small><br></div><div class="battle-history"><small>Nimbus's Special Attack fell harshly!</small><br></div><div class="spacer battle-history"><br></div><div class="battle-history"><small>The opposing Milotic restored a little HP using its Leftovers!</small><br></div><div class="spacer battle-history"><br></div><h2 class="battle-history">Turn 3</h2><div class="spacer battle-history"><br></div><div class="battle-history">Nimbus, come back!<br></div><div class="battle-history">Go! Super Bae (<strong>Gardevoir</strong>)!<br></div><div class="battle-history"><small>Pointed stones dug into Super Bae!</small><br></div><div class="spacer battle-history"><br></div><div class="battle-history">The opposing Milotic used <strong>Scald</strong>!<br></div><div class="battle-history"><small>(Super Bae lost <abbr title="−84/340">24.7%</abbr> of its health!)</small><br></div><div class="spacer battle-history"><br></div><div class="battle-history"><small>The opposing Milotic restored a little HP using its Leftovers!</small><br></div><div class="battle-history"><small>Super Bae restored a little HP using its Leftovers!</small><br></div><div class="spacer battle-history"><br></div><h2 class="battle-history">Turn 4</h2><div class="spacer battle-history"><br></div><div class="battle-history">RANDOM_NAME_300 withdrew Milotic!<br></div><div class="battle-history">RANDOM_NAME_300 sent out Belladonna (<strong>Roserade</strong>)!<br></div><div class="spacer battle-history"><br></div><div class="battle-history">Super Bae used <strong>Calm Mind</strong>!<br></div><div class="battle-history"><small>Super Bae's Special Attack rose!</small><br></div><div class="battle-history"><small>Super Bae's Special Defense rose!</small><br></div><div class="spacer battle-history"><br></div><div class="battle-history"><small>Super Bae restored a little HP using its Leftovers!</small><br></div><div class="spacer battle-history"><br></div><h2 class="battle-history">Turn 5</h2><div class="spacer battle-history"><br></div><div class="battle-history">The opposing Belladonna used <strong>Sleep Powder</strong>!<br></div><div class="battle-history"><small>Super Bae fell asleep!</small><br></div><div class="spacer battle-history"><br></div><div class="battle-history">Super Bae is fast asleep.<br></div><div class="spacer battle-history"><br></div><div class="battle-history"><small>Super Bae restored a little HP using its Leftovers!</small><br></div><div class="spacer battle-history"><br></div><h2 class="battle-history">Turn 6</h2><div class="spacer battle-history"><br></div><div class="battle-history">RANDOM_NAME_300 withdrew Belladonna!<br></div><div class="battle-history">RANDOM_NAME_300 sent out Sparkster IV (<strong>Jolteon</strong>)!<br></div><div class="spacer battle-history"><br></div><div class="battle-history">Super Bae is fast asleep.<br></div><div class="spacer battle-history"><br></div><div class="battle-history"><small>Super Bae restored a little HP using its Leftovers!</small><br></div><div class="spacer battle-history"><br></div><h2 class="battle-history">Turn 7</h2><div class="spacer battle-history"><br></div><div class="battle-history">The opposing Sparkster IV used <strong>Shadow Ball</strong>!<br></div><div class="battle-history"><small>It's super effective!</small><br></div><div class="battle-history"><small>A critical hit!</small><br></div><div class="battle-history"><small>(Super Bae lost <abbr title="−298/340">87.6%</abbr> of its health!)</small><br></div><div class="spacer battle-history"><br></div><div class="battle-history">Super Bae fainted!<br></div><div class="spacer battle-history"><br></div><div class="battle-history">Go! Tusk (<strong>Mamoswine</strong>)!<br></div><div class="battle-history"><small>Pointed stones dug into Tusk!</small><br></div><div class="spacer battle-history"><br></div><h2 class="battle-history">Turn 8</h2><div class="spacer battle-history"><br></div><div class="battle-history">RANDOM_NAME_300 withdrew Sparkster IV!<br></div><div class="battle-history">RANDOM_NAME_300 sent out Rotom (<strong>Rotom-Heat</strong>)!<br></div><div class="spacer battle-history"><br></div><div class="battle-history">Tusk used <strong>Curse</strong>!<br></div><div class="battle-history"><small>Tusk's Speed fell!</small><br></div><div class="battle-history"><small>Tusk's Attack rose!</small><br></div><div class="battle-history"><small>Tusk's Defense rose!</small><br></div><div class="spacer battle-history"><br></div><div class="battle-history"><small>Tusk restored a little HP using its Leftovers!</small><br></div><div class="spacer battle-history"><br></div><h2 class="battle-history">Turn 9</h2><div class="spacer battle-history"><br></div><div class="battle-history">The opposing Rotom used <strong>Will-O-Wisp</strong>!<br></div><div class="battle-history"><small>Tusk was burned!</small><br></div><div class="spacer battle-history"><br></div><div class="battle-history">Tusk used <strong>Stone Edge</strong>!<br></div><div class="battle-history"><small>It's super effective!</small><br></div><div class="battle-history"><small>(The opposing Rotom lost <abbr title="−153/303">50.5%</abbr> of its health!)</small><br></div><div class="spacer battle-history"><br></div><div class="battle-history"><small>The opposing Rotom restored a little HP using its Leftovers!</small><br></div><div class="battle-history"><small>Tusk restored a little HP using its Leftovers!</small><br></div><div class="battle-history"><small>Tusk was hurt by its burn!</small><br></div><div class="spacer battle-history"><br></div><h2 class="battle-history">Turn 10</h2><div class="spacer battle-history"><br></div><div class="battle-history">The opposing Rotom used <strong>Pain Split</strong>!<br></div><div class="battle-history"><small>The battlers shared their pain!</small><br></div><div class="spacer battle-history"><br></div><div class="battle-history">Tusk used <strong>Stone Edge</strong>!<br></div><div class="battle-history"><small>The opposing Rotom avoided the attack!</small><br></div><div class="spacer battle-history"><br></div><div class="battle-history"><small>The opposing Rotom restored a little HP using its Leftovers!</small><br></div><div class="battle-history"><small>Tusk restored a little HP using its Leftovers!</small><br></div><div class="battle-history"><small>Tusk was hurt by its burn!</small><br></div><div class="spacer battle-history"><br></div><h2 class="battle-history">Turn 11</h2><div class="spacer battle-history"><br></div><div class="battle-history">The opposing Rotom used <strong>Overheat</strong>!<br></div><div class="battle-history"><small>It's super effective!</small><br></div><div class="battle-history"><small>(Tusk lost <abbr title="−170/379">44.9%</abbr> of its health!)</small><br></div><div class="battle-history"><small>The opposing Rotom's Special Attack fell harshly!</small><br></div><div class="spacer battle-history"><br></div><div class="battle-history">Tusk used <strong>Stone Edge</strong>!<br></div><div class="battle-history"><small>It's super effective!</small><br></div><div class="battle-history"><small>(The opposing Rotom lost <abbr title="−169/303">55.8%</abbr> of its health!)</small><br></div><div class="spacer battle-history"><br></div><div class="battle-history"><small>The opposing Rotom restored a little HP using its Leftovers!</small><br></div><div class="battle-history"><small>Tusk restored a little HP using its Leftovers!</small><br></div><div class="battle-history"><small>Tusk was hurt by its burn!</small><br></div><div class="spacer battle-history"><br></div><h2 class="battle-history">Turn 12</h2><div class="spacer battle-history"><br></div><div class="battle-history">RANDOM_NAME_300 withdrew Rotom!<br></div><div class="battle-history">RANDOM_NAME_300 sent out Belladonna (<strong>Roserade</strong>)!<br></div><div class="spacer battle-history"><br></div><div class="battle-history">Tusk, come back!<br></div><div class="battle-history">Go! Belmont (<strong>Houndoom</strong>)!<br></div><div class="battle-history"><small>Pointed stones dug into Belmont!</small><br></div><div class="spacer battle-history"><br></div><h2 class="battle-history">Turn 13</h2><div class="spacer battle-history"><br></div><div class="battle-history"><small>Belmont's Houndoominite is reacting to arizonagymleader's Mega Bracelet!</small><br>Belmont has Mega Evolved into Mega Houndoom!<br></div><div class="spacer battle-history"><br></div><div class="battle-history">Belmont used <strong>Flamethrower</strong>!<br></div><div class="battle-history"><small>It's super effective!</small><br></div><div class="battle-history"><small>(The opposing Belladonna lost <abbr title="−258/321">80.4%</abbr> of its health!)</small><br></div><div class="spacer battle-history"><br></div><div class="battle-history">The opposing Belladonna used <strong>Sleep Powder</strong>!<br></div><div class="battle-history"><small>Belmont avoided the attack!</small><br></div><div class="spacer battle-history"><br></div><div class="battle-history"><small>The opposing Belladonna restored a little HP using its Black Sludge!</small><br></div><div class="spacer battle-history"><br></div><h2 class="battle-history">Turn 14</h2><div class="spacer battle-history"><br></div><div class="battle-history">Belmont used <strong>Flamethrower</strong>!<br></div><div class="battle-history"><small>It's super effective!</small><br></div><div class="battle-history"><small>(The opposing Belladonna lost <abbr title="−83/321">25.9%</abbr> of its health!)</small><br></div><div class="spacer battle-history"><br></div><div class="battle-history">The opposing Belladonna fainted!<br></div><div class="spacer battle-history"><br></div><div class="battle-history">RANDOM_NAME_300 sent out <strong>Donphan</strong>!<br></div><div class="spacer battle-history"><br></div><h2 class="battle-history">Turn 15</h2><div class="spacer battle-history"><br></div><div class="battle-history">Belmont used <strong>Dark Pulse</strong>!<br></div><div class="battle-history"><small>(The opposing Donphan lost <abbr title="−232/384">60.4%</abbr> of its health!)</small><br></div><div class="spacer battle-history"><br></div><div class="battle-history">The opposing Donphan used <strong>Knock Off</strong>!<br></div><div class="battle-history"><small>It's not very effective...</small><br></div><div class="battle-history"><small>(Belmont lost <abbr title="−34/291">11.7%</abbr> of its health!)</small><br></div><div class="spacer battle-history"><br></div><div class="battle-history"><small>The opposing Donphan restored a little HP using its Leftovers!</small><br></div><div class="spacer battle-history"><br></div><h2 class="battle-history">Turn 16</h2><div class="spacer battle-history"><br></div><div class="battle-history">Belmont used <strong>Dark Pulse</strong>!<br></div><div class="battle-history"><small>(The opposing Donphan lost <abbr title="−176/384">45.8%</abbr> of its health!)</small><br></div><div class="spacer battle-history"><br></div><div class="battle-history">The opposing Donphan fainted!<br></div><div class="spacer battle-history"><br></div><div class="battle-history">RANDOM_NAME_300 sent out Sparkster IV (<strong>Jolteon</strong>)!<br></div><div class="spacer battle-history"><br></div><h2 class="battle-history">Turn 17</h2><div class="spacer battle-history"><br></div><div class="battle-history">The opposing Sparkster IV used <strong>Thunderbolt</strong>!<br></div><div class="battle-history"><small>(Belmont lost <abbr title="−185/291">63.6%</abbr> of its health!)</small><br></div><div class="spacer battle-history"><br></div><div class="battle-history">Belmont fainted!<br></div><div class="spacer battle-history"><br></div><div class="battle-history">Go! Nimbus (<strong>Hydreigon</strong>)!<br></div><div class="battle-history"><small>Pointed stones dug into Nimbus!</small><br></div><div class="spacer battle-history"><br></div><h2 class="battle-history">Turn 18</h2><div class="spacer battle-history"><br></div><div class="battle-history">RANDOM_NAME_300 withdrew Sparkster IV!<br></div><div class="battle-history">RANDOM_NAME_300 sent out <strong>Milotic</strong>!<br></div><div class="spacer battle-history"><br></div><div class="battle-history">Nimbus used <strong>Fire Blast</strong>!<br></div><div class="battle-history"><small>It's not very effective...</small><br></div><div class="battle-history"><small>(The opposing Milotic lost <abbr title="−54/394">13.7%</abbr> of its health!)</small><br></div><div class="spacer battle-history"><br></div><div class="battle-history"><small>The opposing Milotic restored a little HP using its Leftovers!</small><br></div><div class="spacer battle-history"><br></div><h2 class="battle-history">Turn 19</h2><div class="spacer battle-history"><br></div><div class="battle-history">Nimbus, come back!<br></div><div class="battle-history">Go! Tusk (<strong>Mamoswine</strong>)!<br></div><div class="battle-history"><small>Pointed stones dug into Tusk!</small><br></div><div class="spacer battle-history"><br></div><div class="battle-history">Tusk fainted!<br></div><div class="battle-history">The opposing Milotic used <strong>Recover</strong>!<br></div><div class="battle-history"><small>The opposing Milotic restored its HP.</small><br></div><div class="spacer battle-history"><br></div><div class="battle-history">Go! Nimbus (<strong>Hydreigon</strong>)!<br></div><div class="battle-history"><small>Pointed stones dug into Nimbus!</small><br></div><div class="spacer battle-history"><br></div><h2 class="battle-history">Turn 20</h2><div class="spacer battle-history"><br></div><div class="battle-history">Nimbus used <strong>Toxic</strong>!<br></div><div class="battle-history"><small>The opposing Milotic was badly poisoned!</small><br></div><div class="spacer battle-history"><br></div><div class="battle-history">The opposing Milotic used <strong>Recover</strong>!<br></div><div class="battle-history"><small>But it failed!</small><br></div><div class="spacer battle-history"><br></div><div class="battle-history"><small>The opposing Milotic was hurt by poison!</small><br></div><div class="spacer battle-history"><br></div><h2 class="battle-history">Turn 21</h2><div class="spacer battle-history"><br></div><div class="battle-history">Nimbus, come back!<br></div><div class="battle-history">Go! Melbourne (<strong>Gyarados</strong>)!<br></div><div class="battle-history"><small>Pointed stones dug into Melbourne!</small><br></div><div class="battle-history"><small>[Melbourne's Intimidate]</small><br></div><div class="battle-history"><small>The opposing Milotic's Attack fell!</small><br></div><div class="spacer battle-history"><br></div><div class="battle-history">The opposing Milotic used <strong>Ice Beam</strong>!<br></div><div class="battle-history"><small>(Melbourne lost <abbr title="−67/331">20.2%</abbr> of its health!)</small><br></div><div class="spacer battle-history"><br></div><div class="battle-history"><small>The opposing Milotic restored a little HP using its Leftovers!</small><br></div><div class="battle-history"><small>Melbourne restored a little HP using its Leftovers!</small><br></div><div class="battle-history"><small>The opposing Milotic was hurt by poison!</small><br></div><div class="spacer battle-history"><br></div><h2 class="battle-history">Turn 22</h2><div class="spacer battle-history"><br></div><div class="battle-history">Melbourne used <strong>Dragon Dance</strong>!<br></div><div class="battle-history"><small>Melbourne's Attack rose!</small><br></div><div class="battle-history"><small>Melbourne's Speed rose!</small><br></div><div class="spacer battle-history"><br></div><div class="battle-history">The opposing Milotic used <strong>Ice Beam</strong>!<br></div><div class="battle-history"><small>(Melbourne lost <abbr title="−70/331">21.1%</abbr> of its health!)</small><br></div><div class="spacer battle-history"><br></div><div class="battle-history"><small>Melbourne restored a little HP using its Leftovers!</small><br></div><div class="battle-history"><small>The opposing Milotic restored a little HP using its Leftovers!</small><br></div><div class="battle-history"><small>The opposing Milotic was hurt by poison!</small><br></div><div class="spacer battle-history"><br></div><h2 class="battle-history">Turn 23</h2><div class="spacer battle-history"><br></div><div class="battle-history">Melbourne used <strong>Earthquake</strong>!<br></div><div class="battle-history"><small>(The opposing Milotic lost <abbr title="−100/394">25.4%</abbr> of its health!)</small><br></div><div class="spacer battle-history"><br></div><div class="battle-history">The opposing Milotic used <strong>Haze</strong>!<br></div><div class="battle-history"><small>All stat changes were eliminated!</small><br></div><div class="spacer battle-history"><br></div><div class="battle-history"><small>Melbourne restored a little HP using its Leftovers!</small><br></div><div class="battle-history"><small>The opposing Milotic restored a little HP using its Leftovers!</small><br></div><div class="battle-history"><small>The opposing Milotic was hurt by poison!</small><br></div><div class="spacer battle-history"><br></div><h2 class="battle-history">Turn 24</h2><div class="spacer battle-history"><br></div><div class="battle-history">RANDOM_NAME_300 withdrew Milotic!<br></div><div class="battle-history">RANDOM_NAME_300 sent out Rotom (<strong>Rotom-Heat</strong>)!<br></div><div class="spacer battle-history"><br></div><div class="battle-history">Melbourne used <strong>Dragon Dance</strong>!<br></div><div class="battle-history"><small>Melbourne's Attack rose!</small><br></div><div class="battle-history"><small>Melbourne's Speed rose!</small><br></div><div class="spacer battle-history"><br></div><div class="battle-history"><small>Melbourne restored a little HP using its Leftovers!</small><br></div><div class="battle-history"><small>The opposing Rotom restored a little HP using its Leftovers!</small><br></div><div class="spacer battle-history"><br></div><h2 class="battle-history">Turn 25</h2><div class="spacer battle-history"><br></div><div class="battle-history">Melbourne used <strong>Waterfall</strong>!<br></div><div class="battle-history"><small>It's super effective!</small><br></div><div class="battle-history"><small>(The opposing Rotom lost <abbr title="−134/303">44.2%</abbr> of its health!)</small><br></div><div class="spacer battle-history"><br></div><div class="battle-history">The opposing Rotom fainted!<br></div><div class="spacer battle-history"><br></div><div class="battle-history"><small>Melbourne restored a little HP using its Leftovers!</small><br></div><div class="spacer battle-history"><br></div><div class="battle-history">RANDOM_NAME_300 sent out Sparkster IV (<strong>Jolteon</strong>)!<br></div><div class="spacer battle-history"><br></div><h2 class="battle-history">Turn 26</h2><div class="spacer battle-history"><br></div><div class="battle-history">Melbourne, come back!<br></div><div class="battle-history">Go! Nimbus (<strong>Hydreigon</strong>)!<br></div><div class="battle-history"><small>Pointed stones dug into Nimbus!</small><br></div><div class="spacer battle-history"><br></div><div class="battle-history">The opposing Sparkster IV used <strong>Thunderbolt</strong>!<br></div><div class="battle-history"><small>It's not very effective...</small><br></div><div class="battle-history"><small>(Nimbus lost <abbr title="−111/325">34.2%</abbr> of its health!)</small><br></div><div class="spacer battle-history"><br></div><h2 class="battle-history">Turn 27</h2><div class="spacer battle-history"><br></div><div class="battle-history">Nimbus used <strong>Draco Meteor</strong>!<br></div><div class="battle-history"><small>The opposing Sparkster IV avoided the attack!</small><br></div><div class="spacer battle-history"><br></div><div class="battle-history">The opposing Sparkster IV used <strong>Thunderbolt</strong>!<br></div><div class="battle-history"><small>It's not very effective...</small><br></div><div class="battle-history"><small>(Nimbus lost <abbr title="−94/325">28.9%</abbr> of its health!)</small><br></div><div class="spacer battle-history"><br></div><div class="battle-history">Nimbus fainted!<br></div><div class="spacer battle-history"><br></div><div class="battle-history">Go! Justice (<strong>Lucario</strong>)!<br></div><div class="battle-history"><small>Pointed stones dug into Justice!</small><br></div><div class="spacer battle-history"><br></div><h2 class="battle-history">Turn 28</h2><div class="spacer battle-history"><br></div><div class="battle-history">RANDOM_NAME_300 withdrew Sparkster IV!<br></div><div class="battle-history">RANDOM_NAME_300 sent out <strong>Milotic</strong>!<br></div><div class="spacer battle-history"><br></div><div class="battle-history">Justice used <strong>Close Combat</strong>!<br></div><div class="battle-history"><small>(The opposing Milotic lost <abbr title="−126/394">32.0%</abbr> of its health!)</small><br></div><div class="battle-history"><small>Justice's Defense fell!</small><br></div><div class="battle-history"><small>Justice's Special Defense fell!</small><br></div><div class="battle-history"><small>Justice lost some of its HP!</small><br></div><div class="spacer battle-history"><br></div><div class="battle-history">The opposing Milotic fainted!<br></div><div class="spacer battle-history"><br></div><div class="battle-history">RANDOM_NAME_300 sent out Sparkster IV (<strong>Jolteon</strong>)!<br></div><div class="spacer battle-history"><br></div><h2 class="battle-history">Turn 29</h2><div class="spacer battle-history"><br></div><div class="battle-history">The opposing Sparkster IV used <strong>Thunderbolt</strong>!<br></div><div class="battle-history"><small>(Justice lost <abbr title="−261/300">87%</abbr> of its health!)</small><br></div><div class="spacer battle-history"><br></div><div class="battle-history">Justice fainted!<br></div><div class="spacer battle-history"><br></div><div class="battle-history">Go! Melbourne (<strong>Gyarados</strong>)!<br></div><div class="battle-history"><small>Pointed stones dug into Melbourne!</small><br></div><div class="battle-history"><small>[Melbourne's Intimidate]</small><br></div><div class="battle-history"><small>The opposing Sparkster IV's Attack fell!</small><br></div><div class="spacer battle-history"><br></div><h2 class="battle-history">Turn 30</h2><div class="spacer battle-history"><br></div><div class="battle-history">The opposing Sparkster IV used <strong>Thunderbolt</strong>!<br></div><div class="battle-history"><small>It's super effective!</small><br></div><div class="battle-history"><small>(Melbourne lost <abbr title="−130/331">39.3%</abbr> of its health!)</small><br></div><div class="spacer battle-history"><br></div><div class="battle-history">Melbourne fainted!<br></div><div class="spacer battle-history"><br></div><div class="battle-history"><strong>RANDOM_NAME_300</strong> won the battle!<br></div><div class="chat">arizonagymleader's rating: 1299 → <strong>1257</strong><br>(-42 for losing)</div><div class="chat">RANDOM_NAME_300's rating: 1000 → <strong>1068</strong><br>(+68 for winning)</div><div class="chat chatmessage-randomname300"><strong style="color:hsl(215,75%,50.78903227500001%)"><small>☆</small><span class="username" data-name="RANDOM_NAME_300">RANDOM_NAME_300</span>:</strong> <em>gg</em></div><div class="chat chatmessage-arizonagymleader"><strong style="color:hsl(56,89%,33.156202472215256%)"><small>☆</small><span class="username" data-name="arizonagymleader">arizonagymleader</span>:</strong> <em>gg</em></div><div class="chat"><small>arizonagymleader left.</small></div></div><div class="inner-preempt"></div></div></div>
</div>
<script>
let daily = Math.floor(Date.now()/1000/60/60/24);document.write('<script src="https://play.pokemonshowdown.com/js/replay-embed.js?version'+daily+'"></'+'script>');
</script>
