<!DOCTYPE html>
<meta charset="utf-8" />
<!-- version 1 -->
<title>UU replay: JeffTheKiller101 vs. SpaceOrange</title>
<style>
html,body {font-family:Verdana, sans-serif;font-size:10pt;margin:0;padding:0;}body{padding:12px 0;} .battle-log {font-family:Verdana, sans-serif;font-size:10pt;} .battle-log-inline {border:1px solid #AAAAAA;background:#EEF2F5;color:black;max-width:640px;margin:0 auto 80px;padding-bottom:5px;} .battle-log .inner {padding:4px 8px 0px 8px;} .battle-log .inner-preempt {padding:0 8px 4px 8px;} .battle-log .inner-after {margin-top:0.5em;} .battle-log h2 {margin:0.5em -8px;padding:4px 8px;border:1px solid #AAAAAA;background:#E0E7EA;border-left:0;border-right:0;font-family:Verdana, sans-serif;font-size:13pt;} .battle-log .chat {vertical-align:middle;padding:3px 0 3px 0;font-size:8pt;} .battle-log .chat strong {color:#40576A;} .battle-log .chat em {padding:1px 4px 1px 3px;color:#000000;font-style:normal;} .chat.mine {background:rgba(0,0,0,0.05);margin-left:-8px;margin-right:-8px;padding-left:8px;padding-right:8px;} .spoiler {color:#BBBBBB;background:#BBBBBB;padding:0px 3px;} .spoiler:hover, .spoiler:active, .spoiler-shown {color:#000000;background:#E2E2E2;padding:0px 3px;} .spoiler a {color:#BBBBBB;} .spoiler:hover a, .spoiler:active a, .spoiler-shown a {color:#2288CC;} .chat code, .chat .spoiler:hover code, .chat .spoiler:active code, .chat .spoiler-shown code {border:1px solid #C0C0C0;background:#EEEEEE;color:black;padding:0 2px;} .chat .spoiler code {border:1px solid #CCCCCC;background:#CCCCCC;color:#CCCCCC;} .battle-log .rated {padding:3px 4px;} .battle-log .rated strong {color:white;background:#89A;padding:1px 4px;border-radius:4px;} .spacer {margin-top:0.5em;} .message-announce {background:#6688AA;color:white;padding:1px 4px 2px;} .message-announce a, .broadcast-green a, .broadcast-blue a, .broadcast-red a {color:#DDEEFF;} .broadcast-green {background-color:#559955;color:white;padding:2px 4px;} .broadcast-blue {background-color:#6688AA;color:white;padding:2px 4px;} .infobox {border:1px solid #6688AA;padding:2px 4px;} .infobox-limited {max-height:200px;overflow:auto;overflow-x:hidden;} .broadcast-red {background-color:#AA5544;color:white;padding:2px 4px;} .message-learn-canlearn {font-weight:bold;color:#228822;text-decoration:underline;} .message-learn-cannotlearn {font-weight:bold;color:#CC2222;text-decoration:underline;} .message-effect-weak {font-weight:bold;color:#CC2222;} .message-effect-resist {font-weight:bold;color:#6688AA;} .message-effect-immune {font-weight:bold;color:#666666;} .message-learn-list {margin-top:0;margin-bottom:0;} .message-throttle-notice, .message-error {color:#992222;} .message-overflow, .chat small.message-overflow {font-size:0pt;} .message-overflow::before {font-size:9pt;content:'...';} .subtle {color:#3A4A66;}
</style>
<div class="wrapper replay-wrapper" style="max-width:1180px;margin:0 auto">
<input type="hidden" name="replayid" value="uu-549312526" />
<div class="battle"></div><div class="battle-log"></div><div class="replay-controls"></div><div class="replay-controls-2"></div>
<h1 style="font-weight:normal;text-align:center"><strong>UU</strong><br /><a href="http://pokemonshowdown.com/users/jeffthekiller101" class="subtle" target="_blank">JeffTheKiller101</a> vs. <a href="http://pokemonshowdown.com/users/spaceorange" class="subtle" target="_blank">SpaceOrange</a></h1>
<script type="text/plain" class="battle-log-data">|j|JeffTheKiller101
|j|SpaceOrange
|player|p1|JeffTheKiller101|176
|player|p2|SpaceOrange|265
|gametype|singles
|gen|6
|tier|UU
|rated
|seed|40791,27133,35917,64202
|rule|Sleep Clause Mod: Limit one foe put to sleep
|rule|Species Clause: Limit one of each Pokémon
|rule|OHKO Clause: OHKO moves are banned
|rule|Moody Clause: Moody is banned
|rule|Evasion Moves Clause: Evasion moves are banned
|rule|Endless Battle Clause: Forcing endless battles is banned
|rule|HP Percentage Mod: HP is shown in percentages
|clearpoke
|poke|p1|Venomoth, F, shiny|item
|poke|p1|Abomasnow, M, shiny|item
|poke|p1|Forretress, M, shiny|item
|poke|p1|Mienshao, F, shiny|item
|poke|p1|Sharpedo, M, shiny|item
|poke|p1|Florges-White, F, shiny|item
|poke|p2|Hydreigon, M|item
|poke|p2|Cobalion|item
|poke|p2|Florges-White, F, shiny|item
|poke|p2|Conkeldurr, M|item
|poke|p2|Crobat, M|item
|poke|p2|Swampert, F|item
|rule|Swagger Clause: Swagger is banned
|rule|Baton Pass Clause: Limit one Baton Passer, can't pass Spe and other stats simultaneously
|teampreview
|choice|team 2, team 1, team 3, team 4, team 5, team 6|team 5, team 2, team 3, team 4, team 1, team 6
|
|start
|switch|p1a: Abomasnow|Abomasnow, M, shiny|383\/383
|switch|p2a: Crobat|Crobat, M|373\/373
|-weather|Hail|[from] ability: Snow Warning|[of] p1a: Abomasnow
|turn|1
|c|☆JeffTheKiller101|gl
|choice|move iceshard mega|move uturn
|
|detailschange|p1a: Abomasnow|Abomasnow-Mega, M, shiny
|-mega|p1a: Abomasnow|Abomasnow|Abomasite
|move|p1a: Abomasnow|Ice Shard|p2a: Crobat
|-supereffective|p2a: Crobat
|-damage|p2a: Crobat|205\/373
|move|p2a: Crobat|U-turn|p1a: Abomasnow
|-supereffective|p1a: Abomasnow
|-damage|p1a: Abomasnow|289\/383
|choice||switch 4
|
|switch|p2a: Conkeldurr|Conkeldurr, M|411\/411
|
|-weather|Hail|[upkeep]
|-damage|p2a: Conkeldurr|386\/411|[from] hail
|-heal|p2a: Conkeldurr|411\/411|[from] item: Leftovers
|upkeep
|turn|2
|choice|move woodhammer|move drainpunch
|
|move|p2a: Conkeldurr|Drain Punch|p1a: Abomasnow
|-supereffective|p1a: Abomasnow
|-damage|p1a: Abomasnow|35\/383
|move|p1a: Abomasnow|Wood Hammer|p2a: Conkeldurr
|-damage|p2a: Conkeldurr|162\/411
|-damage|p1a: Abomasnow|0 fnt|[from] recoil|[of] p2a: Conkeldurr
|faint|p1a: Abomasnow
|
|-weather|Hail|[upkeep]
|-damage|p2a: Conkeldurr|137\/411|[from] hail
|-heal|p2a: Conkeldurr|162\/411|[from] item: Leftovers
|upkeep
|choice|switch 4|
|
|switch|p1a: Mienshao|Mienshao, F, shiny|272\/272
|turn|3
|choice|move highjumpkick|switch 3
|
|switch|p2a: Florges|Florges-White, F, shiny|360\/360
|move|p1a: Mienshao|High Jump Kick|p2a: Florges
|-resisted|p2a: Florges
|-damage|p2a: Florges|200\/360
|-damage|p1a: Mienshao|245\/272|[from] item: Life Orb
|
|-weather|Hail|[upkeep]
|-damage|p1a: Mienshao|228\/272|[from] hail
|-damage|p2a: Florges|178\/360|[from] hail
|-heal|p2a: Florges|200\/360|[from] item: Leftovers
|upkeep
|turn|4
|choice|move poisonjab|move protect
|
|move|p2a: Florges|Protect|p2a: Florges
|-singleturn|p2a: Florges|Protect
|move|p1a: Mienshao|Poison Jab|p2a: Florges
|-activate|p2a: Florges|move: Protect
|
|-weather|Hail|[upkeep]
|-damage|p1a: Mienshao|211\/272|[from] hail
|-damage|p2a: Florges|178\/360|[from] hail
|-heal|p2a: Florges|200\/360|[from] item: Leftovers
|upkeep
|turn|5
|choice|move poisonjab|switch 6
|
|switch|p2a: Swampert|Swampert, F|404\/404
|move|p1a: Mienshao|Poison Jab|p2a: Swampert
|-resisted|p2a: Swampert
|-damage|p2a: Swampert|360\/404
|-damage|p1a: Mienshao|184\/272|[from] item: Life Orb
|
|-weather|none
|upkeep
|turn|6
|choice|move highjumpkick|move earthquake mega
|
|detailschange|p2a: Swampert|Swampert-Mega, F
|-mega|p2a: Swampert|Swampert|Swampertite
|move|p1a: Mienshao|High Jump Kick|p2a: Swampert|[miss]
|-miss|p1a: Mienshao|p2a: Swampert
|-damage|p1a: Mienshao|48\/272|[from] highjumpkick
|move|p2a: Swampert|Earthquake|p1a: Mienshao
|-damage|p1a: Mienshao|0 fnt
|faint|p1a: Mienshao
|
|upkeep
|c|☆JeffTheKiller101|shit
|choice|switch 2|
|
|switch|p1a: Venomoth|Venomoth, F, shiny|282\/282
|turn|7
|choice|move sleeppowder|move earthquake
|
|move|p1a: Venomoth|Sleep Powder|p2a: Swampert
|-status|p2a: Swampert|slp
|cant|p2a: Swampert|slp
|
|upkeep
|turn|8
|choice|move quiverdance|switch 4
|
|switch|p2a: Crobat|Crobat, M|205\/373
|move|p1a: Venomoth|Quiver Dance|p1a: Venomoth
|-boost|p1a: Venomoth|spa|1
|-boost|p1a: Venomoth|spd|1
|-boost|p1a: Venomoth|spe|1
|
|-heal|p2a: Crobat|228\/373|[from] item: Black Sludge
|upkeep
|turn|9
|choice|move sludgebomb|move bravebird
|
|move|p1a: Venomoth|Sludge Bomb|p2a: Crobat
|-resisted|p2a: Crobat
|-damage|p2a: Crobat|0 fnt
|faint|p2a: Crobat
|
|upkeep
|choice||switch 2
|
|switch|p2a: Cobalion|Cobalion|324\/324
|turn|10
|choice|move bugbuzz|move ironhead
|
|move|p1a: Venomoth|Bug Buzz|p2a: Cobalion
|-resisted|p2a: Cobalion
|-crit|p2a: Cobalion
|-damage|p2a: Cobalion|116\/324
|move|p2a: Cobalion|Iron Head|p1a: Venomoth
|-damage|p1a: Venomoth|119\/282
|
|upkeep
|turn|11
|choice|move bugbuzz|move ironhead
|
|move|p1a: Venomoth|Bug Buzz|p2a: Cobalion
|-resisted|p2a: Cobalion
|-damage|p2a: Cobalion|0 fnt
|faint|p2a: Cobalion
|
|upkeep
|choice||switch 4
|
|switch|p2a: Swampert|Swampert-Mega, F|360\/404 slp
|turn|12
|choice|move bugbuzz|move sleeptalk
|
|move|p1a: Venomoth|Bug Buzz|p2a: Swampert
|-damage|p2a: Swampert|170\/404 slp
|cant|p2a: Swampert|slp
|move|p2a: Swampert|Sleep Talk|p2a: Swampert
|move|p2a: Swampert|Scald|p1a: Venomoth|[from]Sleep Talk
|-damage|p1a: Venomoth|44\/282
|
|upkeep
|turn|13
|choice|move bugbuzz|switch 6
|
|switch|p2a: Florges|Florges-White, F, shiny|200\/360
|move|p1a: Venomoth|Bug Buzz|p2a: Florges
|-resisted|p2a: Florges
|-damage|p2a: Florges|52\/360
|
|-heal|p2a: Florges|74\/360|[from] item: Leftovers
|upkeep
|turn|14
|choice|move sludgebomb|move wish
|
|move|p1a: Venomoth|Sludge Bomb|p2a: Florges
|-supereffective|p2a: Florges
|-damage|p2a: Florges|0 fnt
|faint|p2a: Florges
|
|upkeep
|choice||switch 3
|
|switch|p2a: Conkeldurr|Conkeldurr, M|162\/411
|turn|15
|choice|move sludgebomb|move machpunch
|
|move|p2a: Conkeldurr|Mach Punch|p1a: Venomoth
|-resisted|p1a: Venomoth
|-damage|p1a: Venomoth|20\/282
|move|p1a: Venomoth|Sludge Bomb|p2a: Conkeldurr
|-damage|p2a: Conkeldurr|0 fnt
|faint|p2a: Conkeldurr
|
|upkeep
|c|☆JeffTheKiller101|u r letting him sweep ur whole team
|choice||switch 5
|
|switch|p2a: Bizarregon|Hydreigon, M|325\/325
|turn|16
|choice|move bugbuzz|move flashcannon
|
|move|p1a: Venomoth|Bug Buzz|p2a: Bizarregon
|-supereffective|p2a: Bizarregon
|-crit|p2a: Bizarregon
|-damage|p2a: Bizarregon|0 fnt
|faint|p2a: Bizarregon
|
|upkeep
|choice||switch 6
|
|switch|p2a: Swampert|Swampert-Mega, F|170\/404 slp
|turn|17
|choice|move bugbuzz|move sleeptalk
|
|move|p1a: Venomoth|Bug Buzz|p2a: Swampert
|-damage|p2a: Swampert|0 fnt
|faint|p2a: Swampert
|
|win|JeffTheKiller101
|player|p1
|player|p2
|c|☆JeffTheKiller101|gg</script>
</div>
<div class="battle-log battle-log-inline"><div class="inner"><div class="battle-options"></div><div class="inner"><div class="chat"><small>JeffTheKiller101 joined.</small></div><div class="chat"><small>SpaceOrange joined.</small></div><div class=""><small>Format:</small> <br><strong>UU</strong></div><div class="rated"><strong>Rated battle</strong></div><div class=""><small><em>Sleep Clause Mod:</em> Limit one foe put to sleep</small></div><div class=""><small><em>Species Clause:</em> Limit one of each Pokémon</small></div><div class=""><small><em>OHKO Clause:</em> OHKO moves are banned</small></div><div class=""><small><em>Moody Clause:</em> Moody is banned</small></div><div class=""><small><em>Evasion Moves Clause:</em> Evasion moves are banned</small></div><div class=""><small><em>Endless Battle Clause:</em> Forcing endless battles is banned</small></div><div class=""><small><em>HP Percentage Mod:</em> HP is shown in percentages</small></div><div class=""><small><em>Swagger Clause:</em> Swagger is banned</small></div><div class=""><small><em>Baton Pass Clause:</em> Limit one Baton Passer, can't pass Spe and other stats simultaneously</small></div><div class="chat battle-history"><strong>JeffTheKiller101's team:</strong> <em style="color:#445566;display:block;">Venomoth / Abomasnow / Forretress / Mienshao / Sharpedo / Florges-White</em></div><div class="chat battle-history"><strong>SpaceOrange's team:</strong> <em style="color:#445566;display:block;">Hydreigon / Cobalion / Florges-White / Conkeldurr / Crobat / Swampert</em></div><div class="spacer battle-history"><br></div><div class="battle-history">Battle started between JeffTheKiller101 and SpaceOrange!<br></div><div class="spacer battle-history"><br></div><div class="battle-history">Go! <strong>Abomasnow</strong>!<br></div><div class="spacer battle-history"><br></div><div class="battle-history">SpaceOrange sent out <strong>Crobat</strong>!<br></div><div class="battle-history"><small>[Abomasnow's Snow Warning]</small><br><small>It started to hail!</small><br></div><div class="spacer battle-history"><br></div><h2 class="battle-history">Turn 1</h2><div class="chat chatmessage-jeffthekiller101"><strong style="color:hsl(337,66%,44%)"><small>☆</small><span class="username" data-name="JeffTheKiller101">JeffTheKiller101</span>:</strong> <em>gl</em></div><div class="spacer battle-history"><br></div><div class="battle-history"><small>Abomasnow's Abomasite is reacting to JeffTheKiller101's Mega Bracelet!</small><br>Abomasnow has Mega Evolved into Mega Abomasnow!<br></div><div class="spacer battle-history"><br></div><div class="battle-history">Abomasnow used <strong>Ice Shard</strong>!<br></div><div class="battle-history"><small>It's super effective!</small><br></div><div class="battle-history"><small>(The opposing Crobat lost <abbr title="−168/373">45.0%</abbr> of its health!)</small><br></div><div class="spacer battle-history"><br></div><div class="battle-history">The opposing Crobat used <strong>U-turn</strong>!<br></div><div class="battle-history"><small>It's super effective!</small><br></div><div class="battle-history"><small>(Abomasnow lost <abbr title="−94/383">24.5%</abbr> of its health!)</small><br></div><div class="spacer battle-history"><br></div><div class="battle-history">The opposing Crobat went back to SpaceOrange!<br></div><div class="battle-history">SpaceOrange sent out <strong>Conkeldurr</strong>!<br></div><div class="spacer battle-history"><br></div><div class="battle-history"><small>The hail is crashing down.</small><br></div><div class="battle-history"><small>The opposing Conkeldurr is buffeted by the hail!</small><br></div><div class="battle-history"><small>The opposing Conkeldurr restored a little HP using its Leftovers!</small><br></div><div class="spacer battle-history"><br></div><h2 class="battle-history">Turn 2</h2><div class="spacer battle-history"><br></div><div class="battle-history">The opposing Conkeldurr used <strong>Drain Punch</strong>!<br></div><div class="battle-history"><small>It's super effective!</small><br></div><div class="battle-history"><small>(Abomasnow lost <abbr title="−254/383">66.3%</abbr> of its health!)</small><br></div><div class="spacer battle-history"><br></div><div class="battle-history">Abomasnow used <strong>Wood Hammer</strong>!<br></div><div class="battle-history"><small>(The opposing Conkeldurr lost <abbr title="−249/411">60.6%</abbr> of its health!)</small><br></div><div class="battle-history"><small>Abomasnow is damaged by the recoil!</small><br></div><div class="spacer battle-history"><br></div><div class="battle-history">Abomasnow fainted!<br></div><div class="spacer battle-history"><br></div><div class="battle-history"><small>The hail is crashing down.</small><br></div><div class="battle-history"><small>The opposing Conkeldurr is buffeted by the hail!</small><br></div><div class="battle-history"><small>The opposing Conkeldurr restored a little HP using its Leftovers!</small><br></div><div class="spacer battle-history"><br></div><div class="battle-history">Go! <strong>Mienshao</strong>!<br></div><div class="spacer battle-history"><br></div><h2 class="battle-history">Turn 3</h2><div class="spacer battle-history"><br></div><div class="battle-history">SpaceOrange withdrew Conkeldurr!<br></div><div class="battle-history">SpaceOrange sent out Florges (<strong>Florges-White</strong>)!<br></div><div class="spacer battle-history"><br></div><div class="battle-history">Mienshao used <strong>High Jump Kick</strong>!<br></div><div class="battle-history"><small>It's not very effective...</small><br></div><div class="battle-history"><small>(The opposing Florges lost <abbr title="−160/360">44.4%</abbr> of its health!)</small><br></div><div class="battle-history"><small>Mienshao lost some of its HP!</small><br></div><div class="spacer battle-history"><br></div><div class="battle-history"><small>The hail is crashing down.</small><br></div><div class="battle-history"><small>Mienshao is buffeted by the hail!</small><br></div><div class="battle-history"><small>The opposing Florges is buffeted by the hail!</small><br></div><div class="battle-history"><small>The opposing Florges restored a little HP using its Leftovers!</small><br></div><div class="spacer battle-history"><br></div><h2 class="battle-history">Turn 4</h2><div class="spacer battle-history"><br></div><div class="battle-history">The opposing Florges used <strong>Protect</strong>!<br></div><div class="battle-history"><small>The opposing Florges protected itself!</small><br></div><div class="spacer battle-history"><br></div><div class="battle-history">Mienshao used <strong>Poison Jab</strong>!<br></div><div class="battle-history"><small>The opposing Florges protected itself!</small><br></div><div class="spacer battle-history"><br></div><div class="battle-history"><small>The hail is crashing down.</small><br></div><div class="battle-history"><small>Mienshao is buffeted by the hail!</small><br></div><div class="battle-history"><small>The opposing Florges is buffeted by the hail!</small><br></div><div class="battle-history"><small>The opposing Florges restored a little HP using its Leftovers!</small><br></div><div class="spacer battle-history"><br></div><h2 class="battle-history">Turn 5</h2><div class="spacer battle-history"><br></div><div class="battle-history">SpaceOrange withdrew Florges!<br></div><div class="battle-history">SpaceOrange sent out <strong>Swampert</strong>!<br></div><div class="spacer battle-history"><br></div><div class="battle-history">Mienshao used <strong>Poison Jab</strong>!<br></div><div class="battle-history"><small>It's not very effective...</small><br></div><div class="battle-history"><small>(The opposing Swampert lost <abbr title="−44/404">10.9%</abbr> of its health!)</small><br></div><div class="battle-history"><small>Mienshao lost some of its HP!</small><br></div><div class="spacer battle-history"><br></div><div class="battle-history"><small>The hail stopped.</small><br></div><div class="spacer battle-history"><br></div><h2 class="battle-history">Turn 6</h2><div class="spacer battle-history"><br></div><div class="battle-history"><small>The opposing Swampert's Swampertite is reacting to SpaceOrange's Mega Bracelet!</small><br>The opposing Swampert has Mega Evolved into Mega Swampert!<br></div><div class="spacer battle-history"><br></div><div class="battle-history">Mienshao used <strong>High Jump Kick</strong>!<br></div><div class="battle-history"><small>The opposing Swampert avoided the attack!</small><br></div><div class="battle-history"><small>Mienshao kept going and crashed!</small><br></div><div class="spacer battle-history"><br></div><div class="battle-history">The opposing Swampert used <strong>Earthquake</strong>!<br></div><div class="battle-history"><small>(Mienshao lost <abbr title="−48/272">17.6%</abbr> of its health!)</small><br></div><div class="spacer battle-history"><br></div><div class="battle-history">Mienshao fainted!<br></div><div class="chat chatmessage-jeffthekiller101"><strong style="color:hsl(337,66%,44%)"><small>☆</small><span class="username" data-name="JeffTheKiller101">JeffTheKiller101</span>:</strong> <em>shit</em></div><div class="spacer battle-history"><br></div><div class="battle-history">Go! <strong>Venomoth</strong>!<br></div><div class="spacer battle-history"><br></div><h2 class="battle-history">Turn 7</h2><div class="spacer battle-history"><br></div><div class="battle-history">Venomoth used <strong>Sleep Powder</strong>!<br></div><div class="battle-history"><small>The opposing Swampert fell asleep!</small><br></div><div class="spacer battle-history"><br></div><div class="battle-history">The opposing Swampert is fast asleep.<br></div><div class="spacer battle-history"><br></div><h2 class="battle-history">Turn 8</h2><div class="spacer battle-history"><br></div><div class="battle-history">SpaceOrange withdrew Swampert!<br></div><div class="battle-history">SpaceOrange sent out <strong>Crobat</strong>!<br></div><div class="spacer battle-history"><br></div><div class="battle-history">Venomoth used <strong>Quiver Dance</strong>!<br></div><div class="battle-history"><small>Venomoth's Special Attack rose!</small><br></div><div class="battle-history"><small>Venomoth's Special Defense rose!</small><br></div><div class="battle-history"><small>Venomoth's Speed rose!</small><br></div><div class="spacer battle-history"><br></div><div class="battle-history"><small>The opposing Crobat restored a little HP using its Black Sludge!</small><br></div><div class="spacer battle-history"><br></div><h2 class="battle-history">Turn 9</h2><div class="spacer battle-history"><br></div><div class="battle-history">Venomoth used <strong>Sludge Bomb</strong>!<br></div><div class="battle-history"><small>It's not very effective...</small><br></div><div class="battle-history"><small>(The opposing Crobat lost <abbr title="−228/373">61.1%</abbr> of its health!)</small><br></div><div class="spacer battle-history"><br></div><div class="battle-history">The opposing Crobat fainted!<br></div><div class="spacer battle-history"><br></div><div class="battle-history">SpaceOrange sent out <strong>Cobalion</strong>!<br></div><div class="spacer battle-history"><br></div><h2 class="battle-history">Turn 10</h2><div class="spacer battle-history"><br></div><div class="battle-history">Venomoth used <strong>Bug Buzz</strong>!<br></div><div class="battle-history"><small>It's not very effective...</small><br></div><div class="battle-history"><small>A critical hit!</small><br></div><div class="battle-history"><small>(The opposing Cobalion lost <abbr title="−208/324">64.2%</abbr> of its health!)</small><br></div><div class="spacer battle-history"><br></div><div class="battle-history">The opposing Cobalion used <strong>Iron Head</strong>!<br></div><div class="battle-history"><small>(Venomoth lost <abbr title="−163/282">57.8%</abbr> of its health!)</small><br></div><div class="spacer battle-history"><br></div><h2 class="battle-history">Turn 11</h2><div class="spacer battle-history"><br></div><div class="battle-history">Venomoth used <strong>Bug Buzz</strong>!<br></div><div class="battle-history"><small>It's not very effective...</small><br></div><div class="battle-history"><small>(The opposing Cobalion lost <abbr title="−116/324">35.8%</abbr> of its health!)</small><br></div><div class="spacer battle-history"><br></div><div class="battle-history">The opposing Cobalion fainted!<br></div><div class="spacer battle-history"><br></div><div class="battle-history">SpaceOrange sent out Swampert (<strong>Swampert-Mega</strong>)!<br></div><div class="spacer battle-history"><br></div><h2 class="battle-history">Turn 12</h2><div class="spacer battle-history"><br></div><div class="battle-history">Venomoth used <strong>Bug Buzz</strong>!<br></div><div class="battle-history"><small>(The opposing Swampert lost <abbr title="−190/404">47.0%</abbr> of its health!)</small><br></div><div class="spacer battle-history"><br></div><div class="battle-history">The opposing Swampert is fast asleep.<br></div><div class="spacer battle-history"><br></div><div class="battle-history">The opposing Swampert used <strong>Sleep Talk</strong>!<br></div><div class="spacer battle-history"><br></div><div class="battle-history">The opposing Swampert used <strong>Scald</strong>!<br></div><div class="battle-history"><small>(Venomoth lost <abbr title="−75/282">26.6%</abbr> of its health!)</small><br></div><div class="spacer battle-history"><br></div><h2 class="battle-history">Turn 13</h2><div class="spacer battle-history"><br></div><div class="battle-history">SpaceOrange withdrew Swampert!<br></div><div class="battle-history">SpaceOrange sent out Florges (<strong>Florges-White</strong>)!<br></div><div class="spacer battle-history"><br></div><div class="battle-history">Venomoth used <strong>Bug Buzz</strong>!<br></div><div class="battle-history"><small>It's not very effective...</small><br></div><div class="battle-history"><small>(The opposing Florges lost <abbr title="−148/360">41.1%</abbr> of its health!)</small><br></div><div class="spacer battle-history"><br></div><div class="battle-history"><small>The opposing Florges restored a little HP using its Leftovers!</small><br></div><div class="spacer battle-history"><br></div><h2 class="battle-history">Turn 14</h2><div class="spacer battle-history"><br></div><div class="battle-history">Venomoth used <strong>Sludge Bomb</strong>!<br></div><div class="battle-history"><small>It's super effective!</small><br></div><div class="battle-history"><small>(The opposing Florges lost <abbr title="−74/360">20.6%</abbr> of its health!)</small><br></div><div class="spacer battle-history"><br></div><div class="battle-history">The opposing Florges fainted!<br></div><div class="spacer battle-history"><br></div><div class="battle-history">SpaceOrange sent out <strong>Conkeldurr</strong>!<br></div><div class="spacer battle-history"><br></div><h2 class="battle-history">Turn 15</h2><div class="spacer battle-history"><br></div><div class="battle-history">The opposing Conkeldurr used <strong>Mach Punch</strong>!<br></div><div class="battle-history"><small>It's not very effective...</small><br></div><div class="battle-history"><small>(Venomoth lost <abbr title="−24/282">8.5%</abbr> of its health!)</small><br></div><div class="spacer battle-history"><br></div><div class="battle-history">Venomoth used <strong>Sludge Bomb</strong>!<br></div><div class="battle-history"><small>(The opposing Conkeldurr lost <abbr title="−162/411">39.4%</abbr> of its health!)</small><br></div><div class="spacer battle-history"><br></div><div class="battle-history">The opposing Conkeldurr fainted!<br></div><div class="chat chatmessage-jeffthekiller101"><strong style="color:hsl(337,66%,44%)"><small>☆</small><span class="username" data-name="JeffTheKiller101">JeffTheKiller101</span>:</strong> <em>u r letting him sweep ur whole team</em></div><div class="spacer battle-history"><br></div><div class="battle-history">SpaceOrange sent out Bizarregon (<strong>Hydreigon</strong>)!<br></div><div class="spacer battle-history"><br></div><h2 class="battle-history">Turn 16</h2><div class="spacer battle-history"><br></div><div class="battle-history">Venomoth used <strong>Bug Buzz</strong>!<br></div><div class="battle-history"><small>It's super effective!</small><br></div><div class="battle-history"><small>A critical hit!</small><br></div><div class="battle-history"><small>(The opposing Bizarregon lost <abbr title="−325/325">100%</abbr> of its health!)</small><br></div><div class="spacer battle-history"><br></div><div class="battle-history">The opposing Bizarregon fainted!<br></div><div class="spacer battle-history"><br></div><div class="battle-history">SpaceOrange sent out Swampert (<strong>Swampert-Mega</strong>)!<br></div><div class="spacer battle-history"><br></div><h2 class="battle-history">Turn 17</h2><div class="spacer battle-history"><br></div><div class="battle-history">Venomoth used <strong>Bug Buzz</strong>!<br></div><div class="battle-history"><small>(The opposing Swampert lost <abbr title="−170/404">42.1%</abbr> of its health!)</small><br></div><div class="spacer battle-history"><br></div><div class="battle-history">The opposing Swampert fainted!<br></div><div class="spacer battle-history"><br></div><div class="battle-history"><strong>JeffTheKiller101</strong> won the battle!<br></div><div class="chat chatmessage-jeffthekiller101"><strong style="color:hsl(337,66%,44%)"><small>☆</small><span class="username" data-name="JeffTheKiller101">JeffTheKiller101</span>:</strong> <em>gg</em></div></div><div class="inner-preempt"></div></div></div>
</div>
<script>
let daily = Math.floor(Date.now()/1000/60/60/24);document.write('<script src="https://play.pokemonshowdown.com/js/replay-embed.js?version'+daily+'"></'+'script>');
</script>
