<!DOCTYPE html>
<meta charset="utf-8" />
<!-- version 1 -->
<title>UU replay: poft vs. Parnstar</title>
<style>
html,body {font-family:Verdana, sans-serif;font-size:10pt;margin:0;padding:0;}body{padding:12px 0;} .battle-log {font-family:Verdana, sans-serif;font-size:10pt;} .battle-log-inline {border:1px solid #AAAAAA;background:#EEF2F5;color:black;max-width:640px;margin:0 auto 80px;padding-bottom:5px;} .battle-log .inner {padding:4px 8px 0px 8px;} .battle-log .inner-preempt {padding:0 8px 4px 8px;} .battle-log .inner-after {margin-top:0.5em;} .battle-log h2 {margin:0.5em -8px;padding:4px 8px;border:1px solid #AAAAAA;background:#E0E7EA;border-left:0;border-right:0;font-family:Verdana, sans-serif;font-size:13pt;} .battle-log .chat {vertical-align:middle;padding:3px 0 3px 0;font-size:8pt;} .battle-log .chat strong {color:#40576A;} .battle-log .chat em {padding:1px 4px 1px 3px;color:#000000;font-style:normal;} .chat.mine {background:rgba(0,0,0,0.05);margin-left:-8px;margin-right:-8px;padding-left:8px;padding-right:8px;} .spoiler {color:#BBBBBB;background:#BBBBBB;padding:0px 3px;} .spoiler:hover, .spoiler:active, .spoiler-shown {color:#000000;background:#E2E2E2;padding:0px 3px;} .spoiler a {color:#BBBBBB;} .spoiler:hover a, .spoiler:active a, .spoiler-shown a {color:#2288CC;} .chat code, .chat .spoiler:hover code, .chat .spoiler:active code, .chat .spoiler-shown code {border:1px solid #C0C0C0;background:#EEEEEE;color:black;padding:0 2px;} .chat .spoiler code {border:1px solid #CCCCCC;background:#CCCCCC;color:#CCCCCC;} .battle-log .rated {padding:3px 4px;} .battle-log .rated strong {color:white;background:#89A;padding:1px 4px;border-radius:4px;} .spacer {margin-top:0.5em;} .message-announce {background:#6688AA;color:white;padding:1px 4px 2px;} .message-announce a, .broadcast-green a, .broadcast-blue a, .broadcast-red a {color:#DDEEFF;} .broadcast-green {background-color:#559955;color:white;padding:2px 4px;} .broadcast-blue {background-color:#6688AA;color:white;padding:2px 4px;} .infobox {border:1px solid #6688AA;padding:2px 4px;} .infobox-limited {max-height:200px;overflow:auto;overflow-x:hidden;} .broadcast-red {background-color:#AA5544;color:white;padding:2px 4px;} .message-learn-canlearn {font-weight:bold;color:#228822;text-decoration:underline;} .message-learn-cannotlearn {font-weight:bold;color:#CC2222;text-decoration:underline;} .message-effect-weak {font-weight:bold;color:#CC2222;} .message-effect-resist {font-weight:bold;color:#6688AA;} .message-effect-immune {font-weight:bold;color:#666666;} .message-learn-list {margin-top:0;margin-bottom:0;} .message-throttle-notice, .message-error {color:#992222;} .message-overflow, .chat small.message-overflow {font-size:0pt;} .message-overflow::before {font-size:9pt;content:'...';} .subtle {color:#3A4A66;}
</style>
<div class="wrapper replay-wrapper" style="max-width:1180px;margin:0 auto">
<input type="hidden" name="replayid" value="uu-540614834" />
<div class="battle"></div><div class="battle-log"></div><div class="replay-controls"></div><div class="replay-controls-2"></div>
<h1 style="font-weight:normal;text-align:center"><strong>UU</strong><br /><a href="http://pokemonshowdown.com/users/poft" class="subtle" target="_blank">poft</a> vs. <a href="http://pokemonshowdown.com/users/parnstar" class="subtle" target="_blank">Parnstar</a></h1>
<script type="text/plain" class="battle-log-data">|j|poft
|j|Parnstar
|player|p1|poft|169
|player|p2|Parnstar|24
|gametype|singles
|gen|6
|tier|UU
|rated
|seed|54424,44096,45774,28899
|rule|Sleep Clause Mod: Limit one foe put to sleep
|rule|Species Clause: Limit one of each Pokémon
|rule|OHKO Clause: OHKO moves are banned
|rule|Moody Clause: Moody is banned
|rule|Evasion Moves Clause: Evasion moves are banned
|rule|Endless Battle Clause: Forcing endless battles is banned
|rule|HP Percentage Mod: HP is shown in percentages
|clearpoke
|poke|p1|Aggron, F|item
|poke|p1|Florges, F|item
|poke|p1|Honchkrow, M|item
|poke|p1|Chandelure, M|item
|poke|p1|Omastar, M|item
|poke|p1|Hitmonlee, M|item
|poke|p2|Conkeldurr, M, shiny|item
|poke|p2|Magneton, shiny|item
|poke|p2|Porygon-Z|item
|poke|p2|Whimsicott, M, shiny|item
|poke|p2|Entei, shiny|item
|poke|p2|Tentacruel, F|item
|rule|Swagger Clause: Swagger is banned
|rule|Baton Pass Clause: Limit one Baton Passer, can't pass Spe and other stats simultaneously
|teampreview
|choice|team 6, team 2, team 3, team 4, team 5, team 1|team 3, team 2, team 1, team 4, team 5, team 6
|
|start
|switch|p1a: Hitmonlee|Hitmonlee, M|241\/241
|switch|p2a: beta|Porygon-Z|311\/311
|turn|1
|choice|move fakeout|switch 4
|
|switch|p2a: Presscott|Whimsicott, M, shiny|261\/261
|move|p1a: Hitmonlee|Fake Out|p2a: Presscott
|-enditem|p1a: Hitmonlee|Normal Gem|[from] gem|[move] Fake Out
|-damage|p2a: Presscott|181\/261
|
|upkeep
|turn|2
|choice|move poisonjab|move naturepower
|
|move|p2a: Presscott|Nature Power|p1a: Hitmonlee
|move|p2a: Presscott|Tri Attack|p1a: Hitmonlee|[from]Nature Power
|-damage|p1a: Hitmonlee|171\/241
|-status|p1a: Hitmonlee|frz
|cant|p1a: Hitmonlee|frz
|
|upkeep
|turn|3
|choice|move poisonjab|move moonblast
|
|cant|p1a: Hitmonlee|frz
|move|p2a: Presscott|Moonblast|p1a: Hitmonlee
|-supereffective|p1a: Hitmonlee
|-damage|p1a: Hitmonlee|0 fnt
|faint|p1a: Hitmonlee
|
|upkeep
|choice|switch 6|
|
|switch|p1a: Aggron|Aggron, F|343\/343
|turn|4
|choice|move heavyslam|move naturepower
|
|move|p2a: Presscott|Nature Power|p1a: Aggron
|move|p2a: Presscott|Tri Attack|p1a: Aggron|[from]Nature Power
|-resisted|p1a: Aggron
|-crit|p1a: Aggron
|-damage|p1a: Aggron|314\/343
|move|p1a: Aggron|Heavy Slam|p2a: Presscott
|-supereffective|p2a: Presscott
|-damage|p2a: Presscott|0 fnt
|faint|p2a: Presscott
|
|upkeep
|choice||switch 5
|
|switch|p2a: Ash could of caugh|Entei, shiny|371\/371
|-ability|p2a: Ash could of caugh|Pressure
|turn|5
|choice|move earthquake mega|move bulldoze
|
|detailschange|p1a: Aggron|Aggron-Mega, F
|-mega|p1a: Aggron|Aggron|Aggronite
|move|p2a: Ash could of caugh|Bulldoze|p1a: Aggron
|-supereffective|p1a: Aggron
|-damage|p1a: Aggron|257\/343
|-unboost|p1a: Aggron|spe|1
|move|p1a: Aggron|Earthquake|p2a: Ash could of caugh
|-supereffective|p2a: Ash could of caugh
|-damage|p2a: Ash could of caugh|119\/371
|
|upkeep
|turn|6
|choice|switch 4|move flareblitz
|
|switch|p1a: Chandelure|Chandelure, M|261\/261
|move|p2a: Ash could of caugh|Flare Blitz|p1a: Chandelure
|-start|p1a: Chandelure|ability: Flash Fire
|
|upkeep
|turn|7
|choice|move shadowball|move bulldoze
|
|move|p2a: Ash could of caugh|Bulldoze|p1a: Chandelure
|-supereffective|p1a: Chandelure
|-damage|p1a: Chandelure|91\/261
|-unboost|p1a: Chandelure|spe|1
|move|p1a: Chandelure|Shadow Ball|p2a: Ash could of caugh
|-damage|p2a: Ash could of caugh|0 fnt
|faint|p2a: Ash could of caugh
|
|upkeep
|choice||switch 3
|
|switch|p2a: Mandingo|Conkeldurr, M, shiny|414\/414
|turn|8
|choice|move psychic|move knockoff
|
|move|p1a: Chandelure|Psychic|p2a: Mandingo
|-supereffective|p2a: Mandingo
|-damage|p2a: Mandingo|80\/414
|-unboost|p2a: Mandingo|spd|1
|move|p2a: Mandingo|Knock Off|p1a: Chandelure
|-supereffective|p1a: Chandelure
|-damage|p1a: Chandelure|0 fnt
|-enditem|p1a: Chandelure|Focus Sash|[from] move: Knock Off|[of] p2a: Mandingo
|faint|p1a: Chandelure
|
|-status|p2a: Mandingo|brn|[from] item: Flame Orb
|upkeep
|choice|switch 3|
|
|switch|p1a: Honchkrow|Honchkrow, M|343\/343
|turn|9
|choice|move nightslash|switch 2
|
|switch|p2a: Alpha|Magneton, shiny|303\/303
|move|p1a: Honchkrow|Night Slash|p2a: Alpha
|-damage|p2a: Alpha|210\/303
|
|upkeep
|turn|10
|choice|switch 2|move voltswitch
|
|switch|p1a: Florges|Florges, F|359\/359
|move|p2a: Alpha|Volt Switch|p1a: Florges
|-damage|p1a: Florges|269\/359
|choice||switch 6
|
|switch|p2a: Hitomi Tanaka|Tentacruel, F|301\/301
|
|-heal|p1a: Florges|291\/359|[from] item: Leftovers
|upkeep
|turn|11
|choice|switch 4|move hydropump
|
|switch|p1a: Aggron|Aggron-Mega, F|257\/343
|move|p2a: Hitomi Tanaka|Hydro Pump|p1a: Aggron
|-damage|p1a: Aggron|127\/343
|
|upkeep
|turn|12
|choice|move earthquake|move hydropump
|
|move|p2a: Hitomi Tanaka|Hydro Pump|p1a: Aggron
|-damage|p1a: Aggron|3\/343
|move|p1a: Aggron|Earthquake|p2a: Hitomi Tanaka
|-supereffective|p2a: Hitomi Tanaka
|-damage|p2a: Hitomi Tanaka|13\/301
|
|-heal|p2a: Hitomi Tanaka|31\/301|[from] item: Black Sludge
|upkeep
|turn|13
|choice|move earthquake|move icebeam
|
|move|p2a: Hitomi Tanaka|Ice Beam|p1a: Aggron
|-resisted|p1a: Aggron
|-damage|p1a: Aggron|0 fnt
|faint|p1a: Aggron
|
|-heal|p2a: Hitomi Tanaka|49\/301|[from] item: Black Sludge
|upkeep
|choice|switch 5|
|
|switch|p1a: Omastar|Omastar, M|311\/311
|turn|14
|choice|move earthpower|move hydropump
|
|move|p2a: Hitomi Tanaka|Hydro Pump|p1a: Omastar
|-damage|p1a: Omastar|214\/311
|move|p1a: Omastar|Earth Power|p2a: Hitomi Tanaka
|-supereffective|p2a: Hitomi Tanaka
|-damage|p2a: Hitomi Tanaka|0 fnt
|faint|p2a: Hitomi Tanaka
|
|upkeep
|choice||switch 2
|
|switch|p2a: Mandingo|Conkeldurr, M, shiny|80\/414 brn
|turn|15
|choice|move ancientpower|move poisonjab
|
|move|p1a: Omastar|Ancient Power|p2a: Mandingo
|-resisted|p2a: Mandingo
|-damage|p2a: Mandingo|5\/414 brn
|-boost|p1a: Omastar|atk|1
|-boost|p1a: Omastar|def|1
|-boost|p1a: Omastar|spa|1
|-boost|p1a: Omastar|spd|1
|-boost|p1a: Omastar|spe|1
|move|p2a: Mandingo|Poison Jab|p1a: Omastar
|-resisted|p1a: Omastar
|-damage|p1a: Omastar|168\/311
|
|-damage|p2a: Mandingo|0 fnt|[from] brn
|upkeep
|faint|p2a: Mandingo
|choice||switch 4
|
|switch|p2a: beta|Porygon-Z|311\/311
|turn|16
|choice|move scald|move thunderbolt
|
|move|p2a: beta|Thunderbolt|p1a: Omastar
|-supereffective|p1a: Omastar
|-damage|p1a: Omastar|0 fnt
|faint|p1a: Omastar
|
|upkeep
|choice|switch 4|
|
|switch|p1a: Florges|Florges, F|291\/359
|turn|17
|choice|move moonblast|switch 6
|
|switch|p2a: Alpha|Magneton, shiny|210\/303
|move|p1a: Florges|Moonblast|p2a: Alpha
|-resisted|p2a: Alpha
|-crit|p2a: Alpha
|-damage|p2a: Alpha|132\/303
|
|-heal|p1a: Florges|313\/359|[from] item: Leftovers
|upkeep
|turn|18
|choice|move moonblast|move flashcannon
|
|move|p1a: Florges|Moonblast|p2a: Alpha
|-resisted|p2a: Alpha
|-damage|p2a: Alpha|75\/303
|move|p2a: Alpha|Flash Cannon|p1a: Florges
|-supereffective|p1a: Florges
|-damage|p1a: Florges|115\/359
|
|-heal|p1a: Florges|137\/359|[from] item: Leftovers
|upkeep
|turn|19
|choice|move moonblast|move thunderbolt
|
|move|p1a: Florges|Moonblast|p2a: Alpha
|-resisted|p2a: Alpha
|-crit|p2a: Alpha
|-damage|p2a: Alpha|0 fnt
|faint|p2a: Alpha
|
|-heal|p1a: Florges|159\/359|[from] item: Leftovers
|upkeep
|choice||switch 6
|
|switch|p2a: beta|Porygon-Z|311\/311
|turn|20
|choice|move synthesis|move uproar
|
|move|p2a: beta|Uproar|p1a: Florges
|-damage|p1a: Florges|0 fnt
|-start|p2a: beta|Uproar
|faint|p1a: Florges
|
|-start|p2a: beta|Uproar|[upkeep]
|upkeep
|choice|switch 2|
|
|switch|p1a: Honchkrow|Honchkrow, M|343\/343
|turn|21
|choice|move bravebird|move uproar
|
|move|p1a: Honchkrow|Brave Bird|p2a: beta
|-damage|p2a: beta|4\/311
|-damage|p1a: Honchkrow|242\/343|[from] recoil|[of] p2a: beta
|move|p2a: beta|Uproar|p1a: Honchkrow|[from]lockedmove
|-damage|p1a: Honchkrow|0 fnt
|faint|p1a: Honchkrow
|
|win|Parnstar
|player|p1
|player|p2
|raw|poft's rating: 1200 &rarr; <strong>1179<\/strong><br \/>(-21 for losing)
|raw|Parnstar's rating: 1246 &rarr; <strong>1267<\/strong><br \/>(+21 for winning)
|l|poft</script>
</div>
<div class="battle-log battle-log-inline"><div class="inner"><div class="battle-options"></div><div class="inner"><div class="chat"><small>poft joined.</small></div><div class="chat"><small>Parnstar joined.</small></div><div class=""><small>Format:</small> <br><strong>UU</strong></div><div class="rated"><strong>Rated battle</strong></div><div class=""><small><em>Sleep Clause Mod:</em> Limit one foe put to sleep</small></div><div class=""><small><em>Species Clause:</em> Limit one of each Pokémon</small></div><div class=""><small><em>OHKO Clause:</em> OHKO moves are banned</small></div><div class=""><small><em>Moody Clause:</em> Moody is banned</small></div><div class=""><small><em>Evasion Moves Clause:</em> Evasion moves are banned</small></div><div class=""><small><em>Endless Battle Clause:</em> Forcing endless battles is banned</small></div><div class=""><small><em>HP Percentage Mod:</em> HP is shown in percentages</small></div><div class=""><small><em>Swagger Clause:</em> Swagger is banned</small></div><div class=""><small><em>Baton Pass Clause:</em> Limit one Baton Passer, can't pass Spe and other stats simultaneously</small></div><div class="chat battle-history"><strong>poft's team:</strong> <em style="color:#445566;display:block;">Aggron / Florges / Honchkrow / Chandelure / Omastar / Hitmonlee</em></div><div class="chat battle-history"><strong>Parnstar's team:</strong> <em style="color:#445566;display:block;">Conkeldurr / Magneton / Porygon-Z / Whimsicott / Entei / Tentacruel</em></div><div class="spacer battle-history"><br></div><div class="battle-history">Battle started between poft and Parnstar!<br></div><div class="spacer battle-history"><br></div><div class="battle-history">Go! <strong>Hitmonlee</strong>!<br></div><div class="spacer battle-history"><br></div><div class="battle-history">Parnstar sent out beta (<strong>Porygon-Z</strong>)!<br></div><div class="spacer battle-history"><br></div><h2 class="battle-history">Turn 1</h2><div class="spacer battle-history"><br></div><div class="battle-history">Parnstar withdrew beta!<br></div><div class="battle-history">Parnstar sent out Presscott (<strong>Whimsicott</strong>)!<br></div><div class="spacer battle-history"><br></div><div class="battle-history">Hitmonlee used <strong>Fake Out</strong>!<br></div><div class="battle-history"><small>The Normal Gem strengthened Hitmonlee's power!</small><br></div><div class="battle-history"><small>(The opposing Presscott lost <abbr title="−80/261">30.7%</abbr> of its health!)</small><br></div><div class="spacer battle-history"><br></div><h2 class="battle-history">Turn 2</h2><div class="spacer battle-history"><br></div><div class="battle-history">The opposing Presscott used <strong>Nature Power</strong>!<br></div><div class="spacer battle-history"><br></div><div class="battle-history">Nature Power turned into Tri Attack!<br></div><div class="battle-history"><small>(Hitmonlee lost <abbr title="−70/241">29.0%</abbr> of its health!)</small><br></div><div class="battle-history"><small>Hitmonlee was frozen solid!</small><br></div><div class="spacer battle-history"><br></div><div class="battle-history">Hitmonlee is frozen solid!<br></div><div class="spacer battle-history"><br></div><h2 class="battle-history">Turn 3</h2><div class="spacer battle-history"><br></div><div class="battle-history">Hitmonlee is frozen solid!<br></div><div class="spacer battle-history"><br></div><div class="battle-history">The opposing Presscott used <strong>Moonblast</strong>!<br></div><div class="battle-history"><small>It's super effective!</small><br></div><div class="battle-history"><small>(Hitmonlee lost <abbr title="−171/241">71.0%</abbr> of its health!)</small><br></div><div class="spacer battle-history"><br></div><div class="battle-history">Hitmonlee fainted!<br></div><div class="spacer battle-history"><br></div><div class="battle-history">Go! <strong>Aggron</strong>!<br></div><div class="spacer battle-history"><br></div><h2 class="battle-history">Turn 4</h2><div class="spacer battle-history"><br></div><div class="battle-history">The opposing Presscott used <strong>Nature Power</strong>!<br></div><div class="spacer battle-history"><br></div><div class="battle-history">Nature Power turned into Tri Attack!<br></div><div class="battle-history"><small>It's not very effective...</small><br></div><div class="battle-history"><small>A critical hit!</small><br></div><div class="battle-history"><small>(Aggron lost <abbr title="−29/343">8.5%</abbr> of its health!)</small><br></div><div class="spacer battle-history"><br></div><div class="battle-history">Aggron used <strong>Heavy Slam</strong>!<br></div><div class="battle-history"><small>It's super effective!</small><br></div><div class="battle-history"><small>(The opposing Presscott lost <abbr title="−181/261">69.3%</abbr> of its health!)</small><br></div><div class="spacer battle-history"><br></div><div class="battle-history">The opposing Presscott fainted!<br></div><div class="spacer battle-history"><br></div><div class="battle-history">Parnstar sent out Ash could of caugh (<strong>Entei</strong>)!<br></div><div class="battle-history"><small>[The opposing Ash could of caugh's Pressure]</small><br><small>The opposing Ash could of caugh is exerting its pressure!</small><br></div><div class="spacer battle-history"><br></div><h2 class="battle-history">Turn 5</h2><div class="spacer battle-history"><br></div><div class="battle-history"><small>Aggron's Aggronite is reacting to poft's Mega Bracelet!</small><br>Aggron has Mega Evolved into Mega Aggron!<br></div><div class="spacer battle-history"><br></div><div class="battle-history">The opposing Ash could of caugh used <strong>Bulldoze</strong>!<br></div><div class="battle-history"><small>It's super effective!</small><br></div><div class="battle-history"><small>(Aggron lost <abbr title="−57/343">16.6%</abbr> of its health!)</small><br></div><div class="battle-history"><small>Aggron's Speed fell!</small><br></div><div class="spacer battle-history"><br></div><div class="battle-history">Aggron used <strong>Earthquake</strong>!<br></div><div class="battle-history"><small>It's super effective!</small><br></div><div class="battle-history"><small>(The opposing Ash could of caugh lost <abbr title="−252/371">67.9%</abbr> of its health!)</small><br></div><div class="spacer battle-history"><br></div><h2 class="battle-history">Turn 6</h2><div class="spacer battle-history"><br></div><div class="battle-history">Aggron, come back!<br></div><div class="battle-history">Go! <strong>Chandelure</strong>!<br></div><div class="spacer battle-history"><br></div><div class="battle-history">The opposing Ash could of caugh used <strong>Flare Blitz</strong>!<br></div><div class="battle-history"><small>[Chandelure's Flash Fire]</small><br><small>The power of Chandelure's Fire-type moves rose!</small><br></div><div class="spacer battle-history"><br></div><h2 class="battle-history">Turn 7</h2><div class="spacer battle-history"><br></div><div class="battle-history">The opposing Ash could of caugh used <strong>Bulldoze</strong>!<br></div><div class="battle-history"><small>It's super effective!</small><br></div><div class="battle-history"><small>(Chandelure lost <abbr title="−170/261">65.1%</abbr> of its health!)</small><br></div><div class="battle-history"><small>Chandelure's Speed fell!</small><br></div><div class="spacer battle-history"><br></div><div class="battle-history">Chandelure used <strong>Shadow Ball</strong>!<br></div><div class="battle-history"><small>(The opposing Ash could of caugh lost <abbr title="−119/371">32.1%</abbr> of its health!)</small><br></div><div class="spacer battle-history"><br></div><div class="battle-history">The opposing Ash could of caugh fainted!<br></div><div class="spacer battle-history"><br></div><div class="battle-history">Parnstar sent out Mandingo (<strong>Conkeldurr</strong>)!<br></div><div class="spacer battle-history"><br></div><h2 class="battle-history">Turn 8</h2><div class="spacer battle-history"><br></div><div class="battle-history">Chandelure used <strong>Psychic</strong>!<br></div><div class="battle-history"><small>It's super effective!</small><br></div><div class="battle-history"><small>(The opposing Mandingo lost <abbr title="−334/414">80.7%</abbr> of its health!)</small><br></div><div class="battle-history"><small>The opposing Mandingo's Special Defense fell!</small><br></div><div class="spacer battle-history"><br></div><div class="battle-history">The opposing Mandingo used <strong>Knock Off</strong>!<br></div><div class="battle-history"><small>It's super effective!</small><br></div><div class="battle-history"><small>(Chandelure lost <abbr title="−91/261">34.9%</abbr> of its health!)</small><br></div><div class="battle-history"><small>The opposing Mandingo knocked off Chandelure's Focus Sash!</small><br></div><div class="spacer battle-history"><br></div><div class="battle-history">Chandelure fainted!<br></div><div class="spacer battle-history"><br></div><div class="battle-history"><small>The opposing Mandingo was burned!</small><br></div><div class="spacer battle-history"><br></div><div class="battle-history">Go! <strong>Honchkrow</strong>!<br></div><div class="spacer battle-history"><br></div><h2 class="battle-history">Turn 9</h2><div class="spacer battle-history"><br></div><div class="battle-history">Parnstar withdrew Mandingo!<br></div><div class="battle-history">Parnstar sent out Alpha (<strong>Magneton</strong>)!<br></div><div class="spacer battle-history"><br></div><div class="battle-history">Honchkrow used <strong>Night Slash</strong>!<br></div><div class="battle-history"><small>(The opposing Alpha lost <abbr title="−93/303">30.7%</abbr> of its health!)</small><br></div><div class="spacer battle-history"><br></div><h2 class="battle-history">Turn 10</h2><div class="spacer battle-history"><br></div><div class="battle-history">Honchkrow, come back!<br></div><div class="battle-history">Go! <strong>Florges</strong>!<br></div><div class="spacer battle-history"><br></div><div class="battle-history">The opposing Alpha used <strong>Volt Switch</strong>!<br></div><div class="battle-history"><small>(Florges lost <abbr title="−90/359">25.1%</abbr> of its health!)</small><br></div><div class="spacer battle-history"><br></div><div class="battle-history">The opposing Alpha went back to Parnstar!<br></div><div class="battle-history">Parnstar sent out Hitomi Tanaka (<strong>Tentacruel</strong>)!<br></div><div class="spacer battle-history"><br></div><div class="battle-history"><small>Florges restored a little HP using its Leftovers!</small><br></div><div class="spacer battle-history"><br></div><h2 class="battle-history">Turn 11</h2><div class="spacer battle-history"><br></div><div class="battle-history">Florges, come back!<br></div><div class="battle-history">Go! Aggron (<strong>Aggron-Mega</strong>)!<br></div><div class="spacer battle-history"><br></div><div class="battle-history">The opposing Hitomi Tanaka used <strong>Hydro Pump</strong>!<br></div><div class="battle-history"><small>(Aggron lost <abbr title="−130/343">37.9%</abbr> of its health!)</small><br></div><div class="spacer battle-history"><br></div><h2 class="battle-history">Turn 12</h2><div class="spacer battle-history"><br></div><div class="battle-history">The opposing Hitomi Tanaka used <strong>Hydro Pump</strong>!<br></div><div class="battle-history"><small>(Aggron lost <abbr title="−124/343">36.2%</abbr> of its health!)</small><br></div><div class="spacer battle-history"><br></div><div class="battle-history">Aggron used <strong>Earthquake</strong>!<br></div><div class="battle-history"><small>It's super effective!</small><br></div><div class="battle-history"><small>(The opposing Hitomi Tanaka lost <abbr title="−288/301">95.7%</abbr> of its health!)</small><br></div><div class="spacer battle-history"><br></div><div class="battle-history"><small>The opposing Hitomi Tanaka restored a little HP using its Black Sludge!</small><br></div><div class="spacer battle-history"><br></div><h2 class="battle-history">Turn 13</h2><div class="spacer battle-history"><br></div><div class="battle-history">The opposing Hitomi Tanaka used <strong>Ice Beam</strong>!<br></div><div class="battle-history"><small>It's not very effective...</small><br></div><div class="battle-history"><small>(Aggron lost <abbr title="−3/343">0.9%</abbr> of its health!)</small><br></div><div class="spacer battle-history"><br></div><div class="battle-history">Aggron fainted!<br></div><div class="spacer battle-history"><br></div><div class="battle-history"><small>The opposing Hitomi Tanaka restored a little HP using its Black Sludge!</small><br></div><div class="spacer battle-history"><br></div><div class="battle-history">Go! <strong>Omastar</strong>!<br></div><div class="spacer battle-history"><br></div><h2 class="battle-history">Turn 14</h2><div class="spacer battle-history"><br></div><div class="battle-history">The opposing Hitomi Tanaka used <strong>Hydro Pump</strong>!<br></div><div class="battle-history"><small>(Omastar lost <abbr title="−97/311">31.2%</abbr> of its health!)</small><br></div><div class="spacer battle-history"><br></div><div class="battle-history">Omastar used <strong>Earth Power</strong>!<br></div><div class="battle-history"><small>It's super effective!</small><br></div><div class="battle-history"><small>(The opposing Hitomi Tanaka lost <abbr title="−49/301">16.3%</abbr> of its health!)</small><br></div><div class="spacer battle-history"><br></div><div class="battle-history">The opposing Hitomi Tanaka fainted!<br></div><div class="spacer battle-history"><br></div><div class="battle-history">Parnstar sent out Mandingo (<strong>Conkeldurr</strong>)!<br></div><div class="spacer battle-history"><br></div><h2 class="battle-history">Turn 15</h2><div class="spacer battle-history"><br></div><div class="battle-history">Omastar used <strong>Ancient Power</strong>!<br></div><div class="battle-history"><small>It's not very effective...</small><br></div><div class="battle-history"><small>(The opposing Mandingo lost <abbr title="−75/414">18.1%</abbr> of its health!)</small><br></div><div class="battle-history"><small>Omastar's Attack rose!</small><br></div><div class="battle-history"><small>Omastar's Defense rose!</small><br></div><div class="battle-history"><small>Omastar's Special Attack rose!</small><br></div><div class="battle-history"><small>Omastar's Special Defense rose!</small><br></div><div class="battle-history"><small>Omastar's Speed rose!</small><br></div><div class="spacer battle-history"><br></div><div class="battle-history">The opposing Mandingo used <strong>Poison Jab</strong>!<br></div><div class="battle-history"><small>It's not very effective...</small><br></div><div class="battle-history"><small>(Omastar lost <abbr title="−46/311">14.8%</abbr> of its health!)</small><br></div><div class="spacer battle-history"><br></div><div class="battle-history"><small>The opposing Mandingo was hurt by its burn!</small><br></div><div class="spacer battle-history"><br></div><div class="battle-history">The opposing Mandingo fainted!<br></div><div class="spacer battle-history"><br></div><div class="battle-history">Parnstar sent out beta (<strong>Porygon-Z</strong>)!<br></div><div class="spacer battle-history"><br></div><h2 class="battle-history">Turn 16</h2><div class="spacer battle-history"><br></div><div class="battle-history">The opposing beta used <strong>Thunderbolt</strong>!<br></div><div class="battle-history"><small>It's super effective!</small><br></div><div class="battle-history"><small>(Omastar lost <abbr title="−168/311">54.0%</abbr> of its health!)</small><br></div><div class="spacer battle-history"><br></div><div class="battle-history">Omastar fainted!<br></div><div class="spacer battle-history"><br></div><div class="battle-history">Go! <strong>Florges</strong>!<br></div><div class="spacer battle-history"><br></div><h2 class="battle-history">Turn 17</h2><div class="spacer battle-history"><br></div><div class="battle-history">Parnstar withdrew beta!<br></div><div class="battle-history">Parnstar sent out Alpha (<strong>Magneton</strong>)!<br></div><div class="spacer battle-history"><br></div><div class="battle-history">Florges used <strong>Moonblast</strong>!<br></div><div class="battle-history"><small>It's not very effective...</small><br></div><div class="battle-history"><small>A critical hit!</small><br></div><div class="battle-history"><small>(The opposing Alpha lost <abbr title="−78/303">25.7%</abbr> of its health!)</small><br></div><div class="spacer battle-history"><br></div><div class="battle-history"><small>Florges restored a little HP using its Leftovers!</small><br></div><div class="spacer battle-history"><br></div><h2 class="battle-history">Turn 18</h2><div class="spacer battle-history"><br></div><div class="battle-history">Florges used <strong>Moonblast</strong>!<br></div><div class="battle-history"><small>It's not very effective...</small><br></div><div class="battle-history"><small>(The opposing Alpha lost <abbr title="−57/303">18.8%</abbr> of its health!)</small><br></div><div class="spacer battle-history"><br></div><div class="battle-history">The opposing Alpha used <strong>Flash Cannon</strong>!<br></div><div class="battle-history"><small>It's super effective!</small><br></div><div class="battle-history"><small>(Florges lost <abbr title="−198/359">55.2%</abbr> of its health!)</small><br></div><div class="spacer battle-history"><br></div><div class="battle-history"><small>Florges restored a little HP using its Leftovers!</small><br></div><div class="spacer battle-history"><br></div><h2 class="battle-history">Turn 19</h2><div class="spacer battle-history"><br></div><div class="battle-history">Florges used <strong>Moonblast</strong>!<br></div><div class="battle-history"><small>It's not very effective...</small><br></div><div class="battle-history"><small>A critical hit!</small><br></div><div class="battle-history"><small>(The opposing Alpha lost <abbr title="−75/303">24.8%</abbr> of its health!)</small><br></div><div class="spacer battle-history"><br></div><div class="battle-history">The opposing Alpha fainted!<br></div><div class="spacer battle-history"><br></div><div class="battle-history"><small>Florges restored a little HP using its Leftovers!</small><br></div><div class="spacer battle-history"><br></div><div class="battle-history">Parnstar sent out beta (<strong>Porygon-Z</strong>)!<br></div><div class="spacer battle-history"><br></div><h2 class="battle-history">Turn 20</h2><div class="spacer battle-history"><br></div><div class="battle-history">The opposing beta used <strong>Uproar</strong>!<br></div><div class="battle-history"><small>(Florges lost <abbr title="−159/359">44.3%</abbr> of its health!)</small><br></div><div class="battle-history"><small>The opposing beta caused an uproar!</small><br></div><div class="spacer battle-history"><br></div><div class="battle-history">Florges fainted!<br></div><div class="spacer battle-history"><br></div><div class="battle-history"><small>The opposing beta is making an uproar!</small><br></div><div class="spacer battle-history"><br></div><div class="battle-history">Go! <strong>Honchkrow</strong>!<br></div><div class="spacer battle-history"><br></div><h2 class="battle-history">Turn 21</h2><div class="spacer battle-history"><br></div><div class="battle-history">Honchkrow used <strong>Brave Bird</strong>!<br></div><div class="battle-history"><small>(The opposing beta lost <abbr title="−307/311">98.7%</abbr> of its health!)</small><br></div><div class="battle-history"><small>Honchkrow is damaged by the recoil!</small><br></div><div class="spacer battle-history"><br></div><div class="battle-history">The opposing beta used <strong>Uproar</strong>!<br></div><div class="battle-history"><small>(Honchkrow lost <abbr title="−242/343">70.6%</abbr> of its health!)</small><br></div><div class="spacer battle-history"><br></div><div class="battle-history">Honchkrow fainted!<br></div><div class="spacer battle-history"><br></div><div class="battle-history"><strong>Parnstar</strong> won the battle!<br></div><div class="chat">poft's rating: 1200 → <strong>1179</strong><br>(-21 for losing)</div><div class="chat">Parnstar's rating: 1246 → <strong>1267</strong><br>(+21 for winning)</div><div class="chat"><small>poft left.</small></div></div><div class="inner-preempt"></div></div></div>
</div>
<script>
let daily = Math.floor(Date.now()/1000/60/60/24);document.write('<script src="https://play.pokemonshowdown.com/js/replay-embed.js?version'+daily+'"></'+'script>');
</script>
