<!DOCTYPE html>
<meta charset="utf-8" />
<!-- version 1 -->
<title>UU replay: ParnStar vs. Alucard0992</title>
<style>
html,body {font-family:Verdana, sans-serif;font-size:10pt;margin:0;padding:0;}body{padding:12px 0;} .battle-log {font-family:Verdana, sans-serif;font-size:10pt;} .battle-log-inline {border:1px solid #AAAAAA;background:#EEF2F5;color:black;max-width:640px;margin:0 auto 80px;padding-bottom:5px;} .battle-log .inner {padding:4px 8px 0px 8px;} .battle-log .inner-preempt {padding:0 8px 4px 8px;} .battle-log .inner-after {margin-top:0.5em;} .battle-log h2 {margin:0.5em -8px;padding:4px 8px;border:1px solid #AAAAAA;background:#E0E7EA;border-left:0;border-right:0;font-family:Verdana, sans-serif;font-size:13pt;} .battle-log .chat {vertical-align:middle;padding:3px 0 3px 0;font-size:8pt;} .battle-log .chat strong {color:#40576A;} .battle-log .chat em {padding:1px 4px 1px 3px;color:#000000;font-style:normal;} .chat.mine {background:rgba(0,0,0,0.05);margin-left:-8px;margin-right:-8px;padding-left:8px;padding-right:8px;} .spoiler {color:#BBBBBB;background:#BBBBBB;padding:0px 3px;} .spoiler:hover, .spoiler:active, .spoiler-shown {color:#000000;background:#E2E2E2;padding:0px 3px;} .spoiler a {color:#BBBBBB;} .spoiler:hover a, .spoiler:active a, .spoiler-shown a {color:#2288CC;} .chat code, .chat .spoiler:hover code, .chat .spoiler:active code, .chat .spoiler-shown code {border:1px solid #C0C0C0;background:#EEEEEE;color:black;padding:0 2px;} .chat .spoiler code {border:1px solid #CCCCCC;background:#CCCCCC;color:#CCCCCC;} .battle-log .rated {padding:3px 4px;} .battle-log .rated strong {color:white;background:#89A;padding:1px 4px;border-radius:4px;} .spacer {margin-top:0.5em;} .message-announce {background:#6688AA;color:white;padding:1px 4px 2px;} .message-announce a, .broadcast-green a, .broadcast-blue a, .broadcast-red a {color:#DDEEFF;} .broadcast-green {background-color:#559955;color:white;padding:2px 4px;} .broadcast-blue {background-color:#6688AA;color:white;padding:2px 4px;} .infobox {border:1px solid #6688AA;padding:2px 4px;} .infobox-limited {max-height:200px;overflow:auto;overflow-x:hidden;} .broadcast-red {background-color:#AA5544;color:white;padding:2px 4px;} .message-learn-canlearn {font-weight:bold;color:#228822;text-decoration:underline;} .message-learn-cannotlearn {font-weight:bold;color:#CC2222;text-decoration:underline;} .message-effect-weak {font-weight:bold;color:#CC2222;} .message-effect-resist {font-weight:bold;color:#6688AA;} .message-effect-immune {font-weight:bold;color:#666666;} .message-learn-list {margin-top:0;margin-bottom:0;} .message-throttle-notice, .message-error {color:#992222;} .message-overflow, .chat small.message-overflow {font-size:0pt;} .message-overflow::before {font-size:9pt;content:'...';} .subtle {color:#3A4A66;}
</style>
<div class="wrapper replay-wrapper" style="max-width:1180px;margin:0 auto">
<input type="hidden" name="replayid" value="uu-537543771" />
<div class="battle"></div><div class="battle-log"></div><div class="replay-controls"></div><div class="replay-controls-2"></div>
<h1 style="font-weight:normal;text-align:center"><strong>UU</strong><br /><a href="http://pokemonshowdown.com/users/parnstar" class="subtle" target="_blank">ParnStar</a> vs. <a href="http://pokemonshowdown.com/users/alucard0992" class="subtle" target="_blank">Alucard0992</a></h1>
<script type="text/plain" class="battle-log-data">|j|ParnStar
|j|Alucard0992
|player|p1|ParnStar|24
|player|p2|Alucard0992|126
|gametype|singles
|gen|6
|tier|UU
|rated
|seed|15675,51491,58198,6143
|rule|Sleep Clause Mod: Limit one foe put to sleep
|rule|Species Clause: Limit one of each Pokémon
|rule|OHKO Clause: OHKO moves are banned
|rule|Moody Clause: Moody is banned
|rule|Evasion Moves Clause: Evasion moves are banned
|rule|Endless Battle Clause: Forcing endless battles is banned
|rule|HP Percentage Mod: HP is shown in percentages
|clearpoke
|poke|p1|Conkeldurr, M, shiny|item
|poke|p1|Magneton, shiny|item
|poke|p1|Porygon-Z|item
|poke|p1|Whimsicott, M, shiny|item
|poke|p1|Entei, shiny|item
|poke|p1|Tentacruel, F|item
|poke|p2|Medicham, F|item
|poke|p2|Lucario, F|item
|poke|p2|Chesnaught, F|item
|poke|p2|Banette, M|item
|poke|p2|Rapidash, M|item
|poke|p2|Heliolisk, M|item
|rule|Swagger Clause: Swagger is banned
|rule|Baton Pass Clause: Limit one Baton Passer, can't pass Spe and other stats simultaneously
|teampreview
|c|★ParnStar|Sec dude
|c|★Alucard0992|Ok
|l|Alucard0992
|player|p2
|j|Alucard0992
|player|p2|Alucard0992|126
|teampreview
|c|★Alucard0992|You work in 5 minutes ago I'll have to disconnect
|l|Alucard0992
|player|p2
|j|Alucard0992
|player|p2|Alucard0992|126
|teampreview
|choice|team 5, team 2, team 3, team 4, team 1, team 6|team 4, team 2, team 3, team 1, team 5, team 6
|
|start
|switch|p1a: Ash could of caugh|Entei, shiny|371\/371
|switch|p2a: Banette|Banette, M|332\/332
|-ability|p1a: Ash could of caugh|Pressure
|turn|1
|choice|move bulldoze|switch 5
|
|switch|p2a: Rapidash|Rapidash, M|272\/272
|move|p1a: Ash could of caugh|Bulldoze|p2a: Rapidash
|-supereffective|p2a: Rapidash
|-crit|p2a: Rapidash
|-damage|p2a: Rapidash|0 fnt
|faint|p2a: Rapidash
|
|upkeep
|choice||switch 6
|
|switch|p2a: Heliolisk|Heliolisk, M|266\/266
|turn|2
|choice|move sacredfire|move voltswitch
|
|move|p2a: Heliolisk|Volt Switch|p1a: Ash could of caugh
|-damage|p1a: Ash could of caugh|145\/371
|choice||switch 3
|
|switch|p2a: Chesnaught|Chesnaught, F|380\/380
|move|p1a: Ash could of caugh|Sacred Fire|p2a: Chesnaught
|-supereffective|p2a: Chesnaught
|-damage|p2a: Chesnaught|90\/380
|-status|p2a: Chesnaught|brn
|
|-damage|p2a: Chesnaught|43\/380 brn|[from] brn
|upkeep
|turn|3
|choice|move bulldoze|move leechseed
|
|move|p1a: Ash could of caugh|Bulldoze|p2a: Chesnaught
|-resisted|p2a: Chesnaught
|-crit|p2a: Chesnaught
|-damage|p2a: Chesnaught|9\/380 brn
|-unboost|p2a: Chesnaught|spe|1
|move|p2a: Chesnaught|Leech Seed|p1a: Ash could of caugh
|-start|p1a: Ash could of caugh|move: Leech Seed
|
|-damage|p1a: Ash could of caugh|99\/371|[from] Leech Seed|[of] p2a: Chesnaught
|-heal|p2a: Chesnaught|55\/380 brn|[silent]
|-damage|p2a: Chesnaught|8\/380 brn|[from] brn
|upkeep
|turn|4
|choice|switch 4|move spikes
|
|switch|p1a: Presscott|Whimsicott, M, shiny|261\/261
|move|p2a: Chesnaught|Spikes|p1a: Presscott
|-sidestart|p1: ParnStar|Spikes
|
|-damage|p2a: Chesnaught|0 fnt|[from] brn
|upkeep
|faint|p2a: Chesnaught
|choice||switch 5
|
|switch|p2a: Banette|Banette, M|332\/332
|turn|5
|choice|switch 2|move confuseray mega
|
|switch|p1a: Alpha|Magneton, shiny|303\/303
|-damage|p1a: Alpha|266\/303|[from] Spikes
|detailschange|p2a: Banette|Banette-Mega, M
|-mega|p2a: Banette|Banette|Banettite
|move|p2a: Banette|Confuse Ray|p1a: Alpha
|-start|p1a: Alpha|confusion
|
|upkeep
|turn|6
|choice|move thunderbolt|move willowisp
|
|move|p2a: Banette|Will-O-Wisp|p1a: Alpha|[miss]
|-miss|p2a: Banette|p1a: Alpha
|-activate|p1a: Alpha|confusion
|-damage|p1a: Alpha|253\/303|[from] confusion
|
|upkeep
|turn|7
|l|Alucard0992
|player|p2
|choice|move thunderbolt|move willowisp
|
|move|p2a: Banette|Will-O-Wisp|p1a: Alpha|[miss]
|-miss|p2a: Banette|p1a: Alpha
|-end|p1a: Alpha|confusion
|move|p1a: Alpha|Thunderbolt|p2a: Banette
|-damage|p2a: Banette|145\/332
|-status|p2a: Banette|par
|
|upkeep
|turn|8
|c|★ParnStar|Told u to wait
|-message|Alucard0992 lost due to inactivity.
|
|win|ParnStar
|player|p1
|raw|ParnStar's rating: 1355 &rarr; <strong>1363<\/strong><br \/>(+8 for winning)
|raw|Alucard0992's rating: 1117 &rarr; <strong>1107<\/strong><br \/>(-10 for losing)
|l|ParnStar
|j|ParnStar</script>
</div>
<div class="battle-log battle-log-inline"><div class="inner"><div class="battle-options"></div><div class="inner"><div class="chat"><small>ParnStar joined.</small></div><div class="chat"><small>Alucard0992 joined.</small></div><div class=""><small>Format:</small> <br><strong>UU</strong></div><div class="rated"><strong>Rated battle</strong></div><div class=""><small><em>Sleep Clause Mod:</em> Limit one foe put to sleep</small></div><div class=""><small><em>Species Clause:</em> Limit one of each Pokémon</small></div><div class=""><small><em>OHKO Clause:</em> OHKO moves are banned</small></div><div class=""><small><em>Moody Clause:</em> Moody is banned</small></div><div class=""><small><em>Evasion Moves Clause:</em> Evasion moves are banned</small></div><div class=""><small><em>Endless Battle Clause:</em> Forcing endless battles is banned</small></div><div class=""><small><em>HP Percentage Mod:</em> HP is shown in percentages</small></div><div class=""><small><em>Swagger Clause:</em> Swagger is banned</small></div><div class=""><small><em>Baton Pass Clause:</em> Limit one Baton Passer, can't pass Spe and other stats simultaneously</small></div><div class="chat battle-history"><strong>ParnStar's team:</strong> <em style="color:#445566;display:block;">Conkeldurr / Magneton / Porygon-Z / Whimsicott / Entei / Tentacruel</em></div><div class="chat battle-history"><strong>Alucard0992's team:</strong> <em style="color:#445566;display:block;">Medicham / Lucario / Chesnaught / Banette / Rapidash / Heliolisk</em></div><div class="chat chatmessage-parnstar"><strong style="color:hsl(41,84%,41.163999978976825%)"><small>★</small><span class="username" data-name="ParnStar">ParnStar</span>:</strong> <em>Sec dude</em></div><div class="chat chatmessage-alucard0992"><strong style="color:hsl(328,48%,47.853150549766966%)"><small>★</small><span class="username" data-name="Alucard0992">Alucard0992</span>:</strong> <em>Ok</em></div><div class="chat"><small>Alucard0992 left.</small></div><div class="chat"><small>Alucard0992 joined.</small></div><div class="chat battle-history"><strong>ParnStar's team:</strong> <em style="color:#445566;display:block;">Conkeldurr / Magneton / Porygon-Z / Whimsicott / Entei / Tentacruel</em></div><div class="chat battle-history"><strong>Alucard0992's team:</strong> <em style="color:#445566;display:block;">Medicham / Lucario / Chesnaught / Banette / Rapidash / Heliolisk</em></div><div class="chat chatmessage-alucard0992"><strong style="color:hsl(328,48%,47.853150549766966%)"><small>★</small><span class="username" data-name="Alucard0992">Alucard0992</span>:</strong> <em>You work in 5 minutes ago I'll have to disconnect</em></div><div class="chat"><small>Alucard0992 left.</small></div><div class="chat"><small>Alucard0992 joined.</small></div><div class="chat battle-history"><strong>ParnStar's team:</strong> <em style="color:#445566;display:block;">Conkeldurr / Magneton / Porygon-Z / Whimsicott / Entei / Tentacruel</em></div><div class="chat battle-history"><strong>Alucard0992's team:</strong> <em style="color:#445566;display:block;">Medicham / Lucario / Chesnaught / Banette / Rapidash / Heliolisk</em></div><div class="spacer battle-history"><br></div><div class="battle-history">Battle started between ParnStar and Alucard0992!<br></div><div class="spacer battle-history"><br></div><div class="battle-history">Go! Ash could of caugh (<strong>Entei</strong>)!<br></div><div class="spacer battle-history"><br></div><div class="battle-history">Alucard0992 sent out <strong>Banette</strong>!<br></div><div class="battle-history"><small>[Ash could of caugh's Pressure]</small><br><small>Ash could of caugh is exerting its pressure!</small><br></div><div class="spacer battle-history"><br></div><h2 class="battle-history">Turn 1</h2><div class="spacer battle-history"><br></div><div class="battle-history">Alucard0992 withdrew Banette!<br></div><div class="battle-history">Alucard0992 sent out <strong>Rapidash</strong>!<br></div><div class="spacer battle-history"><br></div><div class="battle-history">Ash could of caugh used <strong>Bulldoze</strong>!<br></div><div class="battle-history"><small>It's super effective!</small><br></div><div class="battle-history"><small>A critical hit!</small><br></div><div class="battle-history"><small>(The opposing Rapidash lost <abbr title="−272/272">100%</abbr> of its health!)</small><br></div><div class="spacer battle-history"><br></div><div class="battle-history">The opposing Rapidash fainted!<br></div><div class="spacer battle-history"><br></div><div class="battle-history">Alucard0992 sent out <strong>Heliolisk</strong>!<br></div><div class="spacer battle-history"><br></div><h2 class="battle-history">Turn 2</h2><div class="spacer battle-history"><br></div><div class="battle-history">The opposing Heliolisk used <strong>Volt Switch</strong>!<br></div><div class="battle-history"><small>(Ash could of caugh lost <abbr title="−226/371">60.9%</abbr> of its health!)</small><br></div><div class="spacer battle-history"><br></div><div class="battle-history">The opposing Heliolisk went back to Alucard0992!<br></div><div class="battle-history">Alucard0992 sent out <strong>Chesnaught</strong>!<br></div><div class="spacer battle-history"><br></div><div class="battle-history">Ash could of caugh used <strong>Sacred Fire</strong>!<br></div><div class="battle-history"><small>It's super effective!</small><br></div><div class="battle-history"><small>(The opposing Chesnaught lost <abbr title="−290/380">76.3%</abbr> of its health!)</small><br></div><div class="battle-history"><small>The opposing Chesnaught was burned!</small><br></div><div class="spacer battle-history"><br></div><div class="battle-history"><small>The opposing Chesnaught was hurt by its burn!</small><br></div><div class="spacer battle-history"><br></div><h2 class="battle-history">Turn 3</h2><div class="spacer battle-history"><br></div><div class="battle-history">Ash could of caugh used <strong>Bulldoze</strong>!<br></div><div class="battle-history"><small>It's not very effective...</small><br></div><div class="battle-history"><small>A critical hit!</small><br></div><div class="battle-history"><small>(The opposing Chesnaught lost <abbr title="−34/380">8.9%</abbr> of its health!)</small><br></div><div class="battle-history"><small>The opposing Chesnaught's Speed fell!</small><br></div><div class="spacer battle-history"><br></div><div class="battle-history">The opposing Chesnaught used <strong>Leech Seed</strong>!<br></div><div class="battle-history"><small>Ash could of caugh was seeded!</small><br></div><div class="spacer battle-history"><br></div><div class="battle-history"><small>Ash could of caugh's health is sapped by Leech Seed!</small><br></div><div class="battle-history"><small>The opposing Chesnaught was hurt by its burn!</small><br></div><div class="spacer battle-history"><br></div><h2 class="battle-history">Turn 4</h2><div class="spacer battle-history"><br></div><div class="battle-history">Ash could of caugh, come back!<br></div><div class="battle-history">Go! Presscott (<strong>Whimsicott</strong>)!<br></div><div class="spacer battle-history"><br></div><div class="battle-history">The opposing Chesnaught used <strong>Spikes</strong>!<br></div><div class="battle-history"><small>Spikes were scattered on the ground all around your team!</small><br></div><div class="spacer battle-history"><br></div><div class="battle-history"><small>The opposing Chesnaught was hurt by its burn!</small><br></div><div class="spacer battle-history"><br></div><div class="battle-history">The opposing Chesnaught fainted!<br></div><div class="spacer battle-history"><br></div><div class="battle-history">Alucard0992 sent out <strong>Banette</strong>!<br></div><div class="spacer battle-history"><br></div><h2 class="battle-history">Turn 5</h2><div class="spacer battle-history"><br></div><div class="battle-history">Presscott, come back!<br></div><div class="battle-history">Go! Alpha (<strong>Magneton</strong>)!<br></div><div class="battle-history"><small>Alpha is hurt by the spikes!</small><br></div><div class="spacer battle-history"><br></div><div class="battle-history"><small>The opposing Banette's Banettite is reacting to Alucard0992's Mega Bracelet!</small><br>The opposing Banette has Mega Evolved into Mega Banette!<br></div><div class="spacer battle-history"><br></div><div class="battle-history">The opposing Banette used <strong>Confuse Ray</strong>!<br></div><div class="battle-history"><small>Alpha became confused!</small><br></div><div class="spacer battle-history"><br></div><h2 class="battle-history">Turn 6</h2><div class="spacer battle-history"><br></div><div class="battle-history">The opposing Banette used <strong>Will-O-Wisp</strong>!<br></div><div class="battle-history"><small>Alpha avoided the attack!</small><br></div><div class="spacer battle-history"><br></div><div class="battle-history"><small>Alpha is confused!</small><br></div><div class="battle-history">It hurt itself in its confusion!<br></div><div class="spacer battle-history"><br></div><h2 class="battle-history">Turn 7</h2><div class="chat"><small>Alucard0992 left.</small></div><div class="spacer battle-history"><br></div><div class="battle-history">The opposing Banette used <strong>Will-O-Wisp</strong>!<br></div><div class="battle-history"><small>Alpha avoided the attack!</small><br></div><div class="battle-history"><small>Alpha snapped out of its confusion!</small><br></div><div class="spacer battle-history"><br></div><div class="battle-history">Alpha used <strong>Thunderbolt</strong>!<br></div><div class="battle-history"><small>(The opposing Banette lost <abbr title="−187/332">56.3%</abbr> of its health!)</small><br></div><div class="battle-history"><small>The opposing Banette is paralyzed! It may be unable to move!</small><br></div><div class="spacer battle-history"><br></div><h2 class="battle-history">Turn 8</h2><div class="chat chatmessage-parnstar"><strong style="color:hsl(41,84%,41.163999978976825%)"><small>★</small><span class="username" data-name="ParnStar">ParnStar</span>:</strong> <em>Told u to wait</em></div><div class="spacer battle-history"><br></div><div class="battle-history"><small>Alucard0992 lost due to inactivity.</small><br></div><div class="spacer battle-history"><br></div><div class="battle-history"><strong>ParnStar</strong> won the battle!<br></div><div class="chat">ParnStar's rating: 1355 → <strong>1363</strong><br>(+8 for winning)</div><div class="chat">Alucard0992's rating: 1117 → <strong>1107</strong><br>(-10 for losing)</div><div class="chat"><small>ParnStar left.</small></div><div class="chat"><small>ParnStar joined.</small></div></div><div class="inner-preempt"></div></div></div>
</div>
<script>
let daily = Math.floor(Date.now()/1000/60/60/24);document.write('<script src="https://play.pokemonshowdown.com/js/replay-embed.js?version'+daily+'"></'+'script>');
</script>
