<!DOCTYPE html>
<meta charset="utf-8" />
<!-- version 1 -->
<title>UU replay: J0RIS vs. anime character</title>
<style>
html,body {font-family:Verdana, sans-serif;font-size:10pt;margin:0;padding:0;}body{padding:12px 0;} .battle-log {font-family:Verdana, sans-serif;font-size:10pt;} .battle-log-inline {border:1px solid #AAAAAA;background:#EEF2F5;color:black;max-width:640px;margin:0 auto 80px;padding-bottom:5px;} .battle-log .inner {padding:4px 8px 0px 8px;} .battle-log .inner-preempt {padding:0 8px 4px 8px;} .battle-log .inner-after {margin-top:0.5em;} .battle-log h2 {margin:0.5em -8px;padding:4px 8px;border:1px solid #AAAAAA;background:#E0E7EA;border-left:0;border-right:0;font-family:Verdana, sans-serif;font-size:13pt;} .battle-log .chat {vertical-align:middle;padding:3px 0 3px 0;font-size:8pt;} .battle-log .chat strong {color:#40576A;} .battle-log .chat em {padding:1px 4px 1px 3px;color:#000000;font-style:normal;} .chat.mine {background:rgba(0,0,0,0.05);margin-left:-8px;margin-right:-8px;padding-left:8px;padding-right:8px;} .spoiler {color:#BBBBBB;background:#BBBBBB;padding:0px 3px;} .spoiler:hover, .spoiler:active, .spoiler-shown {color:#000000;background:#E2E2E2;padding:0px 3px;} .spoiler a {color:#BBBBBB;} .spoiler:hover a, .spoiler:active a, .spoiler-shown a {color:#2288CC;} .chat code, .chat .spoiler:hover code, .chat .spoiler:active code, .chat .spoiler-shown code {border:1px solid #C0C0C0;background:#EEEEEE;color:black;padding:0 2px;} .chat .spoiler code {border:1px solid #CCCCCC;background:#CCCCCC;color:#CCCCCC;} .battle-log .rated {padding:3px 4px;} .battle-log .rated strong {color:white;background:#89A;padding:1px 4px;border-radius:4px;} .spacer {margin-top:0.5em;} .message-announce {background:#6688AA;color:white;padding:1px 4px 2px;} .message-announce a, .broadcast-green a, .broadcast-blue a, .broadcast-red a {color:#DDEEFF;} .broadcast-green {background-color:#559955;color:white;padding:2px 4px;} .broadcast-blue {background-color:#6688AA;color:white;padding:2px 4px;} .infobox {border:1px solid #6688AA;padding:2px 4px;} .infobox-limited {max-height:200px;overflow:auto;overflow-x:hidden;} .broadcast-red {background-color:#AA5544;color:white;padding:2px 4px;} .message-learn-canlearn {font-weight:bold;color:#228822;text-decoration:underline;} .message-learn-cannotlearn {font-weight:bold;color:#CC2222;text-decoration:underline;} .message-effect-weak {font-weight:bold;color:#CC2222;} .message-effect-resist {font-weight:bold;color:#6688AA;} .message-effect-immune {font-weight:bold;color:#666666;} .message-learn-list {margin-top:0;margin-bottom:0;} .message-throttle-notice, .message-error {color:#992222;} .message-overflow, .chat small.message-overflow {font-size:0pt;} .message-overflow::before {font-size:9pt;content:'...';} .subtle {color:#3A4A66;}
</style>
<div class="wrapper replay-wrapper" style="max-width:1180px;margin:0 auto">
<input type="hidden" name="replayid" value="smogtours-uu-281165" />
<div class="battle"></div><div class="battle-log"></div><div class="replay-controls"></div><div class="replay-controls-2"></div>
<h1 style="font-weight:normal;text-align:center"><strong>UU</strong><br /><a href="http://pokemonshowdown.com/users/j0ris" class="subtle" target="_blank">J0RIS</a> vs. <a href="http://pokemonshowdown.com/users/animecharacter" class="subtle" target="_blank">anime character</a></h1>
<script type="text/plain" class="battle-log-data">|inactive|Battle timer is ON: inactive players will automatically lose when time's up.
|J|J0RIS
|J|anime character
|player|p1|J0RIS|1
|player|p2|anime character|62
|gametype|singles
|gen|6
|tier|UU
|seed|35005,39687,23757,22878
|rule|Sleep Clause Mod: Limit one foe put to sleep
|rule|Species Clause: Limit one of each Pokémon
|rule|OHKO Clause: OHKO moves are banned
|rule|Moody Clause: Moody is banned
|rule|Evasion Moves Clause: Evasion moves are banned
|rule|Endless Battle Clause: Forcing endless battles is banned
|rule|HP Percentage Mod: HP is shown in percentages
|clearpoke
|poke|p1|Bronzong|item
|poke|p1|Aerodactyl, F|item
|poke|p1|Mienshao, F|item
|poke|p1|Tentacruel, F|item
|poke|p1|Sylveon, F|item
|poke|p1|Rotom-Mow|item
|poke|p2|Reuniclus, F|item
|poke|p2|Absol, M|item
|poke|p2|Empoleon, F|item
|poke|p2|Conkeldurr, M|item
|poke|p2|Crobat, M|
|poke|p2|Roserade, M|item
|rule|Swagger Clause: Swagger is banned
|rule|Baton Pass Clause: Limit one Baton Passer, can't pass Spe and other stats simultaneously
|teampreview
|J|choolio
|J|amberrlamps
|L|amberrlamps
|choice|team 3, team 2, team 1, team 4, team 5, team 6|team 6, team 2, team 3, team 4, team 5, team 1
|
|start
|switch|p1a: Mienshao|Mienshao, F|271\/271
|switch|p2a: Roserade|Roserade, M|267\/267
|turn|1
|J|Heroic Troller
|J|r0ady
|J|Advantage
|J|Omfuga
|L|Heroic Troller
|c|+Omfuga|.
|J|aherosdestiny╲✸ ✹
|c|+Omfuga|j0ris
|c|+Omfuga|im a big fan
|c|+Omfuga|omfg
|J|Destiny Spinach
|c|+Advantage|^
|c|+Omfuga|.
|choice|move knockoff|move sleeppowder
|
|move|p1a: Mienshao|Knock Off|p2a: Roserade
|-damage|p2a: Roserade|33\/267
|-enditem|p2a: Roserade|Black Sludge|[from] move: Knock Off|[of] p1a: Mienshao
|move|p2a: Roserade|Sleep Powder|p1a: Mienshao|[miss]
|-miss|p2a: Roserade|p1a: Mienshao
|
|upkeep
|turn|2
|J|TSR
|J|hogg
|c|+Omfuga|goat
|J|Amaroq
|choice|move knockoff|switch 5
|
|switch|p2a: Crobat|Crobat, M|373\/373
|move|p1a: Mienshao|Knock Off|p2a: Crobat
|-damage|p2a: Crobat|235\/373
|
|upkeep
|turn|3
|J|rozes
|J|Sacri !!_!!
|c|+Amaroq|Go anime character
|J|Overburdened
|J|Empo
|L|hogg
|J|Ict
|L|Empo
|c|+Sacri !!_!!|i like both but anime characters team seems fun
|J|CBU
|choice|switch 2|move roost
|
|switch|p1a: Aerodactyl|Aerodactyl, F|301\/301
|-ability|p1a: Aerodactyl|Unnerve|p2: anime character
|move|p2a: Crobat|Roost|p2a: Crobat
|-heal|p2a: Crobat|373\/373
|
|upkeep
|turn|4
|c|+Sacri !!_!!|go anime character!!
|J|Shiba
|choice|move stoneedge mega|switch 6
|
|switch|p2a: Reuniclus|Reuniclus, F|423\/423
|detailschange|p1a: Aerodactyl|Aerodactyl-Mega, F
|-mega|p1a: Aerodactyl|Aerodactyl|Aerodactylite
|move|p1a: Aerodactyl|Stone Edge|p2a: Reuniclus
|-crit|p2a: Reuniclus
|-damage|p2a: Reuniclus|167\/423
|
|-heal|p2a: Reuniclus|193\/423|[from] item: Leftovers
|upkeep
|turn|5
|choice|switch 3|move recover
|
|switch|p1a: Bronzong|Bronzong|338\/338
|move|p2a: Reuniclus|Recover|p2a: Reuniclus
|-heal|p2a: Reuniclus|405\/423
|
|-heal|p2a: Reuniclus|423\/423|[from] item: Leftovers
|upkeep
|turn|6
|choice|move stealthrock|switch 3
|
|switch|p2a: Empoleon|Empoleon, F|371\/371
|move|p1a: Bronzong|Stealth Rock|p2a: Empoleon
|-sidestart|p2: anime character|move: Stealth Rock
|
|upkeep
|turn|7
|choice|switch 4|move stealthrock
|
|switch|p1a: Tentacruel|Tentacruel, F|364\/364
|move|p2a: Empoleon|Stealth Rock|p1a: Tentacruel
|-sidestart|p1: J0RIS|move: Stealth Rock
|
|upkeep
|turn|8
|choice|move knockoff|switch 4
|
|switch|p2a: Conkeldurr|Conkeldurr, M|411\/411
|-damage|p2a: Conkeldurr|386\/411|[from] Stealth Rock
|move|p1a: Tentacruel|Knock Off|p2a: Conkeldurr
|-resisted|p2a: Conkeldurr
|-damage|p2a: Conkeldurr|359\/411
|-enditem|p2a: Conkeldurr|Leftovers|[from] move: Knock Off|[of] p1a: Tentacruel
|
|upkeep
|turn|9
|choice|move rapidspin|move knockoff
|
|move|p1a: Tentacruel|Rapid Spin|p2a: Conkeldurr
|-damage|p2a: Conkeldurr|347\/411
|-sideend|p1: J0RIS|Stealth Rock|[from] move: Rapid Spin|[of] p1a: Tentacruel
|move|p2a: Conkeldurr|Knock Off|p1a: Tentacruel
|-damage|p1a: Tentacruel|235\/364
|-enditem|p1a: Tentacruel|Black Sludge|[from] move: Knock Off|[of] p2a: Conkeldurr
|
|upkeep
|turn|10
|choice|move scald|move knockoff
|
|move|p1a: Tentacruel|Scald|p2a: Conkeldurr
|-damage|p2a: Conkeldurr|263\/411
|move|p2a: Conkeldurr|Knock Off|p1a: Tentacruel
|-damage|p1a: Tentacruel|150\/364
|
|upkeep
|turn|11
|choice|switch 5|switch 4
|
|switch|p1a: Sylveon|Sylveon, F|394\/394
|switch|p2a: Empoleon|Empoleon, F|371\/371
|-damage|p2a: Empoleon|348\/371|[from] Stealth Rock
|
|-heal|p2a: Empoleon|371\/371|[from] item: Leftovers
|upkeep
|turn|12
|choice|switch 5|move stealthrock
|
|switch|p1a: Tentacruel|Tentacruel, F|150\/364
|move|p2a: Empoleon|Stealth Rock|p1a: Tentacruel
|-sidestart|p1: J0RIS|move: Stealth Rock
|
|upkeep
|turn|13
|choice|move rapidspin|move scald
|
|move|p1a: Tentacruel|Rapid Spin|p2a: Empoleon
|-resisted|p2a: Empoleon
|-damage|p2a: Empoleon|365\/371
|-sideend|p1: J0RIS|Stealth Rock|[from] move: Rapid Spin|[of] p1a: Tentacruel
|move|p2a: Empoleon|Scald|p1a: Tentacruel
|-resisted|p1a: Tentacruel
|-damage|p1a: Tentacruel|110\/364
|
|-heal|p2a: Empoleon|371\/371|[from] item: Leftovers
|upkeep
|turn|14
|choice|move knockoff|move stealthrock
|
|move|p1a: Tentacruel|Knock Off|p2a: Empoleon
|-damage|p2a: Empoleon|322\/371
|-enditem|p2a: Empoleon|Leftovers|[from] move: Knock Off|[of] p1a: Tentacruel
|move|p2a: Empoleon|Stealth Rock|p1a: Tentacruel
|-sidestart|p1: J0RIS|move: Stealth Rock
|
|upkeep
|turn|15
|choice|move rapidspin|move scald
|
|move|p1a: Tentacruel|Rapid Spin|p2a: Empoleon
|-resisted|p2a: Empoleon
|-damage|p2a: Empoleon|316\/371
|-sideend|p1: J0RIS|Stealth Rock|[from] move: Rapid Spin|[of] p1a: Tentacruel
|move|p2a: Empoleon|Scald|p1a: Tentacruel
|-resisted|p1a: Tentacruel
|-damage|p1a: Tentacruel|67\/364
|-status|p1a: Tentacruel|brn
|
|-damage|p1a: Tentacruel|22\/364 brn|[from] brn
|upkeep
|turn|16
|choice|move scald|move stealthrock
|
|move|p1a: Tentacruel|Scald|p2a: Empoleon
|-resisted|p2a: Empoleon
|-damage|p2a: Empoleon|286\/371
|-status|p2a: Empoleon|brn
|move|p2a: Empoleon|Stealth Rock|p1a: Tentacruel
|-sidestart|p1: J0RIS|move: Stealth Rock
|
|-damage|p1a: Tentacruel|0 fnt|[from] brn
|-damage|p2a: Empoleon|240\/371 brn|[from] brn
|upkeep
|faint|p1a: Tentacruel
|choice|switch 6|
|
|switch|p1a: Rotom|Rotom-Mow|241\/241
|-damage|p1a: Rotom|211\/241|[from] Stealth Rock
|turn|17
|choice|move thunderbolt|switch 5
|
|switch|p2a: Roserade|Roserade, M|33\/267
|-damage|p2a: Roserade|0 fnt|[from] Stealth Rock
|faint|p2a: Roserade
|move|p1a: Rotom|Thunderbolt|p2: Roserade|[notarget]
|-notarget
|
|upkeep
|J|miltankmilk
|choice||switch 4
|
|switch|p2a: Conkeldurr|Conkeldurr, M|263\/411
|-damage|p2a: Conkeldurr|238\/411|[from] Stealth Rock
|turn|18
|choice|switch 5|move drainpunch
|
|switch|p1a: Sylveon|Sylveon, F|394\/394
|-damage|p1a: Sylveon|345\/394|[from] Stealth Rock
|move|p2a: Conkeldurr|Drain Punch|p1a: Sylveon
|-resisted|p1a: Sylveon
|-damage|p1a: Sylveon|281\/394
|-heal|p2a: Conkeldurr|270\/411|[from] drain|[of] p1a: Sylveon
|
|-heal|p1a: Sylveon|305\/394|[from] item: Leftovers
|upkeep
|turn|19
|J|Pak
|choice|move wish|switch 3
|
|switch|p2a: Reuniclus|Reuniclus, F|423\/423
|move|p1a: Sylveon|Wish|p1a: Sylveon
|
|-heal|p1a: Sylveon|329\/394|[from] item: Leftovers
|upkeep
|turn|20
|choice|switch 5|switch 3
|
|switch|p1a: Rotom|Rotom-Mow|211\/241
|-damage|p1a: Rotom|181\/241|[from] Stealth Rock
|switch|p2a: Conkeldurr|Conkeldurr, M|270\/411
|-damage|p2a: Conkeldurr|245\/411|[from] Stealth Rock
|
|-heal|p1a: Rotom|241\/241|[from] move: Wish|[wisher] Sylveon
|upkeep
|turn|21
|choice|move voltswitch|move knockoff
|
|move|p1a: Rotom|Volt Switch|p2a: Conkeldurr
|-damage|p2a: Conkeldurr|136\/411
|choice|switch 5|
|
|switch|p1a: Sylveon|Sylveon, F|329\/394
|-damage|p1a: Sylveon|280\/394|[from] Stealth Rock
|move|p2a: Conkeldurr|Knock Off|p1a: Sylveon
|-resisted|p1a: Sylveon
|-damage|p1a: Sylveon|223\/394
|-enditem|p1a: Sylveon|Leftovers|[from] move: Knock Off|[of] p2a: Conkeldurr
|
|upkeep
|turn|22
|choice|move wish|switch 5
|
|switch|p2a: Empoleon|Empoleon, F|240\/371 brn
|-damage|p2a: Empoleon|217\/371 brn|[from] Stealth Rock
|move|p1a: Sylveon|Wish|p1a: Sylveon
|
|-damage|p2a: Empoleon|171\/371 brn|[from] brn
|upkeep
|turn|23
|choice|switch 5|move roar
|
|switch|p1a: Rotom|Rotom-Mow|241\/241
|-damage|p1a: Rotom|211\/241|[from] Stealth Rock
|move|p2a: Empoleon|Roar|p1a: Rotom
|drag|p1a: Mienshao|Mienshao, F|271\/271
|-damage|p1a: Mienshao|255\/271|[from] Stealth Rock
|
|-heal|p1a: Mienshao|271\/271|[from] move: Wish|[wisher] Sylveon
|-damage|p2a: Empoleon|125\/371 brn|[from] brn
|upkeep
|turn|24
|choice|move highjumpkick|move scald
|
|move|p1a: Mienshao|High Jump Kick|p2a: Empoleon|[miss]
|-miss|p1a: Mienshao|p2a: Empoleon
|-damage|p1a: Mienshao|136\/271|[from] highjumpkick
|move|p2a: Empoleon|Scald|p1a: Mienshao
|-damage|p1a: Mienshao|0 fnt
|faint|p1a: Mienshao
|
|-damage|p2a: Empoleon|79\/371 brn|[from] brn
|upkeep
|c|☆anime character|mb
|c|+Advantage|oh no
|choice|switch 2|
|
|switch|p1a: Rotom|Rotom-Mow|211\/241
|-damage|p1a: Rotom|181\/241|[from] Stealth Rock
|turn|25
|choice|move voltswitch|move scald
|
|move|p1a: Rotom|Volt Switch|p2a: Empoleon
|-supereffective|p2a: Empoleon
|-damage|p2a: Empoleon|0 fnt
|faint|p2a: Empoleon
|choice|switch 3|
|
|switch|p1a: Aerodactyl|Aerodactyl-Mega, F|301\/301
|-damage|p1a: Aerodactyl|226\/301|[from] Stealth Rock
|
|upkeep
|choice||switch 3
|
|switch|p2a: Reuniclus|Reuniclus, F|423\/423
|turn|26
|J|blunder barrington
|choice|move stoneedge|move psyshock
|
|move|p1a: Aerodactyl|Stone Edge|p2a: Reuniclus
|-damage|p2a: Reuniclus|272\/423
|move|p2a: Reuniclus|Psyshock|p1a: Aerodactyl
|-damage|p1a: Aerodactyl|87\/301
|
|-heal|p2a: Reuniclus|298\/423|[from] item: Leftovers
|upkeep
|turn|27
|choice|switch 3|move psyshock
|
|switch|p1a: Rotom|Rotom-Mow|181\/241
|-damage|p1a: Rotom|151\/241|[from] Stealth Rock
|move|p2a: Reuniclus|Psyshock|p1a: Rotom
|-damage|p1a: Rotom|43\/241
|
|-heal|p2a: Reuniclus|324\/423|[from] item: Leftovers
|upkeep
|turn|28
|choice|move trick|switch 5
|
|switch|p2a: Conkeldurr|Conkeldurr, M|136\/411
|-damage|p2a: Conkeldurr|111\/411|[from] Stealth Rock
|move|p1a: Rotom|Trick|p2a: Conkeldurr
|-activate|p1a: Rotom|move: Trick|[of] p2a: Conkeldurr
|-item|p2a: Conkeldurr|Choice Scarf|[from] move: Trick
|-enditem|p1a: Rotom|Choice Scarf|[silent]|[from] move: Trick
|
|upkeep
|turn|29
|choice|switch 5|move machpunch
|
|switch|p1a: Sylveon|Sylveon, F|223\/394
|-damage|p1a: Sylveon|174\/394|[from] Stealth Rock
|move|p2a: Conkeldurr|Mach Punch|p1a: Sylveon
|-resisted|p1a: Sylveon
|-damage|p1a: Sylveon|140\/394
|
|upkeep
|turn|30
|choice|move wish|switch 5
|
|switch|p2a: Reuniclus|Reuniclus, F|324\/423
|move|p1a: Sylveon|Wish|p1a: Sylveon
|
|-heal|p2a: Reuniclus|350\/423|[from] item: Leftovers
|upkeep
|turn|31
|choice|move hypervoice|move calmmind
|
|move|p1a: Sylveon|Hyper Voice|p2a: Reuniclus
|-damage|p2a: Reuniclus|172\/423
|move|p2a: Reuniclus|Calm Mind|p2a: Reuniclus
|-boost|p2a: Reuniclus|spa|1
|-boost|p2a: Reuniclus|spd|1
|
|-heal|p1a: Sylveon|337\/394|[from] move: Wish|[wisher] Sylveon
|-heal|p2a: Reuniclus|198\/423|[from] item: Leftovers
|upkeep
|turn|32
|L|blunder barrington
|choice|move hypervoice|move recover
|
|move|p1a: Sylveon|Hyper Voice|p2a: Reuniclus
|-damage|p2a: Reuniclus|78\/423
|move|p2a: Reuniclus|Recover|p2a: Reuniclus
|-heal|p2a: Reuniclus|290\/423
|
|-heal|p2a: Reuniclus|316\/423|[from] item: Leftovers
|upkeep
|turn|33
|L|aherosdestiny╲✸ ✹
|choice|move hypervoice|move psyshock
|
|move|p1a: Sylveon|Hyper Voice|p2a: Reuniclus
|-crit|p2a: Reuniclus
|-damage|p2a: Reuniclus|58\/423
|move|p2a: Reuniclus|Psyshock|p1a: Sylveon
|-damage|p1a: Sylveon|190\/394
|
|-heal|p2a: Reuniclus|84\/423|[from] item: Leftovers
|upkeep
|turn|34
|c|+Advantage|this game 
|c|+Advantage|o_o
|choice|move hypervoice|switch 6
|
|switch|p2a: Crobat|Crobat, M|373\/373
|-damage|p2a: Crobat|280\/373|[from] Stealth Rock
|move|p1a: Sylveon|Hyper Voice|p2a: Crobat
|-resisted|p2a: Crobat
|-crit|p2a: Crobat
|-damage|p2a: Crobat|154\/373
|
|upkeep
|turn|35
|choice|move wish|move taunt
|
|move|p2a: Crobat|Taunt|p1a: Sylveon
|-start|p1a: Sylveon|move: Taunt
|cant|p1a: Sylveon|move: Taunt|Wish
|
|upkeep
|turn|36
|choice|switch 4|move roost
|
|switch|p1a: Bronzong|Bronzong|338\/338
|-damage|p1a: Bronzong|317\/338|[from] Stealth Rock
|move|p2a: Crobat|Roost|p2a: Crobat
|-heal|p2a: Crobat|341\/373
|
|-heal|p1a: Bronzong|338\/338|[from] item: Leftovers
|upkeep
|turn|37
|J|silverghoooost
|L|silverghoooost
|J|hogg
|choice|move ironhead|switch 5
|
|switch|p2a: Conkeldurr|Conkeldurr, M|111\/411
|-damage|p2a: Conkeldurr|86\/411|[from] Stealth Rock
|move|p1a: Bronzong|Iron Head|p2a: Conkeldurr
|-damage|p2a: Conkeldurr|4\/411
|
|upkeep
|turn|38
|choice|switch 5|move drainpunch
|
|switch|p1a: Rotom|Rotom-Mow|43\/241
|-damage|p1a: Rotom|13\/241|[from] Stealth Rock
|move|p2a: Conkeldurr|Drain Punch|p1a: Rotom
|-damage|p1a: Rotom|0 fnt
|-heal|p2a: Conkeldurr|11\/411|[from] drain|[of] p1a: Rotom
|faint|p1a: Rotom
|
|upkeep
|choice|switch 4|
|
|switch|p1a: Sylveon|Sylveon, F|190\/394
|-damage|p1a: Sylveon|141\/394|[from] Stealth Rock
|turn|39
|choice|move wish|switch 6
|
|switch|p2a: Reuniclus|Reuniclus, F|84\/423
|move|p1a: Sylveon|Wish|p1a: Sylveon
|
|-heal|p2a: Reuniclus|110\/423|[from] item: Leftovers
|upkeep
|turn|40
|choice|move hypervoice|switch 5
|
|switch|p2a: Crobat|Crobat, M|341\/373
|-damage|p2a: Crobat|248\/373|[from] Stealth Rock
|move|p1a: Sylveon|Hyper Voice|p2a: Crobat
|-resisted|p2a: Crobat
|-damage|p2a: Crobat|164\/373
|
|-heal|p1a: Sylveon|338\/394|[from] move: Wish|[wisher] Sylveon
|upkeep
|turn|41
|L|Overburdened
|choice|move hypervoice|move roost
|
|move|p2a: Crobat|Roost|p2a: Crobat
|-heal|p2a: Crobat|351\/373
|move|p1a: Sylveon|Hyper Voice|p2a: Crobat
|-resisted|p2a: Crobat
|-damage|p2a: Crobat|257\/373
|
|upkeep
|turn|42
|choice|switch 5|move acrobatics
|
|switch|p1a: Bronzong|Bronzong|338\/338
|-damage|p1a: Bronzong|317\/338|[from] Stealth Rock
|move|p2a: Crobat|Acrobatics|p1a: Bronzong
|-resisted|p1a: Bronzong
|-damage|p1a: Bronzong|275\/338
|
|-heal|p1a: Bronzong|296\/338|[from] item: Leftovers
|upkeep
|turn|43
|L|hogg
|J|Karppi
|choice|move ironhead|move roost
|
|move|p2a: Crobat|Roost|p2a: Crobat
|-heal|p2a: Crobat|373\/373
|move|p1a: Bronzong|Iron Head|p2a: Crobat
|-damage|p2a: Crobat|274\/373
|
|-heal|p1a: Bronzong|317\/338|[from] item: Leftovers
|upkeep
|turn|44
|J|hogg
|choice|move ironhead|switch 6
|
|switch|p2a: Conkeldurr|Conkeldurr, M|11\/411
|-damage|p2a: Conkeldurr|0 fnt|[from] Stealth Rock
|faint|p2a: Conkeldurr
|move|p1a: Bronzong|Iron Head|p2: Conkeldurr|[notarget]
|-notarget
|
|-heal|p1a: Bronzong|338\/338|[from] item: Leftovers
|upkeep
|choice||switch 5
|
|switch|p2a: Reuniclus|Reuniclus, F|110\/423
|turn|45
|choice|move psywave|move recover
|
|move|p2a: Reuniclus|Recover|p2a: Reuniclus
|-heal|p2a: Reuniclus|322\/423
|move|p1a: Bronzong|Psywave|p2a: Reuniclus
|-damage|p2a: Reuniclus|172\/423
|
|-heal|p2a: Reuniclus|198\/423|[from] item: Leftovers
|upkeep
|turn|46
|choice|move psywave|move recover
|
|move|p2a: Reuniclus|Recover|p2a: Reuniclus
|-heal|p2a: Reuniclus|410\/423
|move|p1a: Bronzong|Psywave|p2a: Reuniclus
|-damage|p2a: Reuniclus|306\/423
|
|-heal|p2a: Reuniclus|332\/423|[from] item: Leftovers
|upkeep
|turn|47
|choice|move ironhead|switch 2
|
|switch|p2a: Absol|Absol, M|271\/271
|-damage|p2a: Absol|238\/271|[from] Stealth Rock
|-ability|p2a: Absol|Pressure
|move|p1a: Bronzong|Iron Head|p2a: Absol
|-damage|p2a: Absol|114\/271
|
|upkeep
|turn|48
|c|+Ict|how the fuck
|choice|switch 5|move pursuit mega
|
|-activate|p1a: Bronzong|move: Pursuit
|detailschange|p2a: Absol|Absol-Mega, M
|-mega|p2a: Absol|Absol|Absolite
|move|p2a: Absol|Pursuit|p1a: Bronzong|[from]Pursuit
|-supereffective|p1a: Bronzong
|-damage|p1a: Bronzong|74\/338
|switch|p1a: Sylveon|Sylveon, F|338\/394
|-damage|p1a: Sylveon|289\/394|[from] Stealth Rock
|
|upkeep
|turn|49
|L|Pak
|J|Pak
|choice|move wish|switch 6
|
|switch|p2a: Crobat|Crobat, M|274\/373
|-damage|p2a: Crobat|181\/373|[from] Stealth Rock
|move|p1a: Sylveon|Wish|p1a: Sylveon
|
|upkeep
|turn|50
|L|hogg
|choice|switch 5|move acrobatics
|
|switch|p1a: Bronzong|Bronzong|74\/338
|-damage|p1a: Bronzong|53\/338|[from] Stealth Rock
|move|p2a: Crobat|Acrobatics|p1a: Bronzong
|-resisted|p1a: Bronzong
|-damage|p1a: Bronzong|9\/338
|
|-heal|p1a: Bronzong|206\/338|[from] move: Wish|[wisher] Sylveon
|-heal|p1a: Bronzong|227\/338|[from] item: Leftovers
|upkeep
|turn|51
|choice|move ironhead|move roost
|
|move|p2a: Crobat|Roost|p2a: Crobat
|-heal|p2a: Crobat|368\/373
|move|p1a: Bronzong|Iron Head|p2a: Crobat
|-damage|p2a: Crobat|259\/373
|
|-heal|p1a: Bronzong|248\/338|[from] item: Leftovers
|upkeep
|turn|52
|choice|move ironhead|move acrobatics
|
|move|p2a: Crobat|Acrobatics|p1a: Bronzong
|-resisted|p1a: Bronzong
|-damage|p1a: Bronzong|200\/338
|move|p1a: Bronzong|Iron Head|p2a: Crobat
|-damage|p2a: Crobat|153\/373
|
|-heal|p1a: Bronzong|221\/338|[from] item: Leftovers
|upkeep
|turn|53
|choice|move ironhead|move roost
|
|move|p2a: Crobat|Roost|p2a: Crobat
|-heal|p2a: Crobat|340\/373
|move|p1a: Bronzong|Iron Head|p2a: Crobat
|-damage|p2a: Crobat|229\/373
|
|-heal|p1a: Bronzong|242\/338|[from] item: Leftovers
|upkeep
|turn|54
|J|gogo slowbro
|choice|move ironhead|move acrobatics
|
|move|p2a: Crobat|Acrobatics|p1a: Bronzong
|-resisted|p1a: Bronzong
|-damage|p1a: Bronzong|197\/338
|move|p1a: Bronzong|Iron Head|p2a: Crobat
|-damage|p2a: Crobat|118\/373
|
|-heal|p1a: Bronzong|218\/338|[from] item: Leftovers
|upkeep
|turn|55
|choice|move ironhead|move roost
|
|move|p2a: Crobat|Roost|p2a: Crobat
|-heal|p2a: Crobat|305\/373
|move|p1a: Bronzong|Iron Head|p2a: Crobat
|-damage|p2a: Crobat|200\/373
|
|-heal|p1a: Bronzong|239\/338|[from] item: Leftovers
|upkeep
|turn|56
|choice|move ironhead|move roost
|
|move|p2a: Crobat|Roost|p2a: Crobat
|-heal|p2a: Crobat|373\/373
|move|p1a: Bronzong|Iron Head|p2a: Crobat
|-damage|p2a: Crobat|271\/373
|
|-heal|p1a: Bronzong|260\/338|[from] item: Leftovers
|upkeep
|turn|57
|c|+Omfuga|wow 
|choice|move psywave|switch 2
|
|switch|p2a: Reuniclus|Reuniclus, F|332\/423
|move|p1a: Bronzong|Psywave|p2a: Reuniclus
|-damage|p2a: Reuniclus|268\/423
|
|-heal|p2a: Reuniclus|294\/423|[from] item: Leftovers
|-heal|p1a: Bronzong|281\/338|[from] item: Leftovers
|upkeep
|turn|58
|c|+Omfuga|this was a p short game
|c|+Omfuga|for ORAS UU
|choice|move psywave|move calmmind
|
|move|p2a: Reuniclus|Calm Mind|p2a: Reuniclus
|-boost|p2a: Reuniclus|spa|1
|-boost|p2a: Reuniclus|spd|1
|move|p1a: Bronzong|Psywave|p2a: Reuniclus
|-damage|p2a: Reuniclus|200\/423
|
|-heal|p2a: Reuniclus|226\/423|[from] item: Leftovers
|-heal|p1a: Bronzong|302\/338|[from] item: Leftovers
|upkeep
|turn|59
|L|rozes
|J|bufu'd
|choice|move psywave|move calmmind
|
|move|p2a: Reuniclus|Calm Mind|p2a: Reuniclus
|-boost|p2a: Reuniclus|spa|1
|-boost|p2a: Reuniclus|spd|1
|move|p1a: Bronzong|Psywave|p2a: Reuniclus
|-damage|p2a: Reuniclus|96\/423
|
|-heal|p2a: Reuniclus|122\/423|[from] item: Leftovers
|-heal|p1a: Bronzong|323\/338|[from] item: Leftovers
|upkeep
|turn|60
|choice|move psywave|move recover
|
|move|p2a: Reuniclus|Recover|p2a: Reuniclus
|-heal|p2a: Reuniclus|334\/423
|move|p1a: Bronzong|Psywave|p2a: Reuniclus
|-damage|p2a: Reuniclus|239\/423
|
|-heal|p2a: Reuniclus|265\/423|[from] item: Leftovers
|-heal|p1a: Bronzong|338\/338|[from] item: Leftovers
|upkeep
|turn|61
|c|+Omfuga|um
|choice|move psywave|move calmmind
|
|move|p2a: Reuniclus|Calm Mind|p2a: Reuniclus
|-boost|p2a: Reuniclus|spa|1
|-boost|p2a: Reuniclus|spd|1
|move|p1a: Bronzong|Psywave|p2a: Reuniclus
|-damage|p2a: Reuniclus|199\/423
|
|-heal|p2a: Reuniclus|225\/423|[from] item: Leftovers
|upkeep
|turn|62
|c|+Omfuga|why is a reuniclus faster than a bronzong
|c|+Omfuga|lol
|choice|move psywave|move recover
|
|move|p2a: Reuniclus|Recover|p2a: Reuniclus
|-heal|p2a: Reuniclus|423\/423
|move|p1a: Bronzong|Psywave|p2a: Reuniclus
|-damage|p2a: Reuniclus|340\/423
|
|-heal|p2a: Reuniclus|366\/423|[from] item: Leftovers
|upkeep
|turn|63
|c|+Omfuga|how much speed are you HT
|choice|move psywave|move calmmind
|
|move|p2a: Reuniclus|Calm Mind|p2a: Reuniclus
|-boost|p2a: Reuniclus|spa|1
|-boost|p2a: Reuniclus|spd|1
|move|p1a: Bronzong|Psywave|p2a: Reuniclus
|-damage|p2a: Reuniclus|308\/423
|
|-heal|p2a: Reuniclus|334\/423|[from] item: Leftovers
|upkeep
|turn|64
|choice|move psywave|move focusblast
|
|move|p2a: Reuniclus|Focus Blast|p1a: Bronzong|[miss]
|-miss|p2a: Reuniclus|p1a: Bronzong
|move|p1a: Bronzong|Psywave|p2a: Reuniclus
|-damage|p2a: Reuniclus|240\/423
|
|-heal|p2a: Reuniclus|266\/423|[from] item: Leftovers
|upkeep
|turn|65
|choice|move psywave|move focusblast
|
|move|p2a: Reuniclus|Focus Blast|p1a: Bronzong
|-damage|p1a: Bronzong|111\/338
|move|p1a: Bronzong|Psywave|p2a: Reuniclus
|-damage|p2a: Reuniclus|186\/423
|
|-heal|p2a: Reuniclus|212\/423|[from] item: Leftovers
|-heal|p1a: Bronzong|132\/338|[from] item: Leftovers
|upkeep
|turn|66
|choice|move psywave|move recover
|
|move|p2a: Reuniclus|Recover|p2a: Reuniclus
|-heal|p2a: Reuniclus|423\/423
|move|p1a: Bronzong|Psywave|p2a: Reuniclus
|-damage|p2a: Reuniclus|372\/423
|
|-heal|p2a: Reuniclus|398\/423|[from] item: Leftovers
|-heal|p1a: Bronzong|153\/338|[from] item: Leftovers
|upkeep
|turn|67
|c|+Omfuga|ht
|c|+Omfuga|how much speed
|c|+Omfuga|is ur reun
|c|+Omfuga|~_~
|c|☆anime character|28
|c|+Omfuga|what number is that
|c|☆anime character|1 faster than bronzong
|c|+Omfuga|loool
|choice|move psywave|move focusblast
|
|move|p2a: Reuniclus|Focus Blast|p1a: Bronzong|[miss]
|-miss|p2a: Reuniclus|p1a: Bronzong
|move|p1a: Bronzong|Psywave|p2a: Reuniclus
|-damage|p2a: Reuniclus|253\/423
|
|-heal|p2a: Reuniclus|279\/423|[from] item: Leftovers
|-heal|p1a: Bronzong|174\/338|[from] item: Leftovers
|upkeep
|turn|68
|c|+Sacri !!_!!|daddy toenail
|c|+Sacri !!_!!|back at it
|choice|switch 5|move recover
|
|switch|p1a: Sylveon|Sylveon, F|289\/394
|-damage|p1a: Sylveon|240\/394|[from] Stealth Rock
|move|p2a: Reuniclus|Recover|p2a: Reuniclus
|-heal|p2a: Reuniclus|423\/423
|
|upkeep
|turn|69
|J|Rodriblutar ✘
|L|Advantage
|choice|move protect|move psyshock
|
|move|p1a: Sylveon|Protect|p1a: Sylveon
|-singleturn|p1a: Sylveon|Protect
|move|p2a: Reuniclus|Psyshock|p1a: Sylveon
|-activate|p1a: Sylveon|move: Protect
|
|upkeep
|turn|70
|c|+Rodriblutar ✘|Who is toenail
|choice|switch 5|move psyshock
|
|switch|p1a: Bronzong|Bronzong|174\/338
|-damage|p1a: Bronzong|153\/338|[from] Stealth Rock
|move|p2a: Reuniclus|Psyshock|p1a: Bronzong
|-resisted|p1a: Bronzong
|-damage|p1a: Bronzong|81\/338
|
|-heal|p1a: Bronzong|102\/338|[from] item: Leftovers
|upkeep
|turn|71
|choice|move psywave|move psyshock
|
|move|p2a: Reuniclus|Psyshock|p1a: Bronzong
|-resisted|p1a: Bronzong
|-damage|p1a: Bronzong|31\/338
|move|p1a: Bronzong|Psywave|p2a: Reuniclus
|-damage|p2a: Reuniclus|286\/423
|
|-heal|p2a: Reuniclus|312\/423|[from] item: Leftovers
|-heal|p1a: Bronzong|52\/338|[from] item: Leftovers
|upkeep
|turn|72
|c|+Sacri !!_!!|anime character
|choice|move psywave|move psyshock
|
|move|p2a: Reuniclus|Psyshock|p1a: Bronzong
|-resisted|p1a: Bronzong
|-damage|p1a: Bronzong|0 fnt
|faint|p1a: Bronzong
|
|-heal|p2a: Reuniclus|338\/423|[from] item: Leftovers
|upkeep
|choice|switch 5|
|
|switch|p1a: Sylveon|Sylveon, F|240\/394
|-damage|p1a: Sylveon|191\/394|[from] Stealth Rock
|turn|73
|choice|move hypervoice|move psyshock
|
|move|p1a: Sylveon|Hyper Voice|p2a: Reuniclus
|-crit|p2a: Reuniclus
|-damage|p2a: Reuniclus|80\/423
|move|p2a: Reuniclus|Psyshock|p1a: Sylveon
|-damage|p1a: Sylveon|0 fnt
|faint|p1a: Sylveon
|
|-heal|p2a: Reuniclus|106\/423|[from] item: Leftovers
|upkeep
|c|☆anime character|are you
|c|+r0ady|bop
|c|+Omfuga|oh?
|choice|switch 3|
|
|switch|p1a: Aerodactyl|Aerodactyl-Mega, F|87\/301
|-damage|p1a: Aerodactyl|12\/301|[from] Stealth Rock
|turn|74
|c|+Sacri !!_!!|,
|c|+Omfuga|omfugadactyl would win
|c|+Sacri !!_!!|notlikethis
|c|+Omfuga|omfg
|c|+r0ady|you mean
|choice|move wingattack|move psyshock
|
|move|p1a: Aerodactyl|Wing Attack|p2a: Reuniclus
|-damage|p2a: Reuniclus|0 fnt
|faint|p2a: Reuniclus
|
|upkeep
|c|+r0ady|taunt toxic
|c|+r0ady|mono eq
|c|+Omfuga|no
|c|+Omfuga|i mean
|choice||switch 6
|
|switch|p2a: Absol|Absol-Mega, M|114\/271
|-damage|p2a: Absol|81\/271|[from] Stealth Rock
|turn|75
|c|+Ict|do u
|c|+Ict|superpower here
|c|+Omfuga|the one
|c|+Sacri !!_!!|no
|c|+Ict|i fucking do
|c|+Omfuga|with a shitton of HP
|c|+Omfuga|idr 
|c|+Ict|i always fucking do
|choice|move wingattack|move superpower
|
|move|p1a: Aerodactyl|Wing Attack|p2a: Absol
|-damage|p2a: Absol|0 fnt
|faint|p2a: Absol
|
|upkeep
|c|+Sacri !!_!!|i always sucker if i have it
|c|+Ict|i lost
|c|+Omfuga|i'd have suckered too
|c|+Omfuga|only cuz
|c|+Ict|haha
|c|+Omfuga|if u lose 50\/50
|c|+Omfuga|u can win
|choice||switch 2
|
|switch|p2a: Crobat|Crobat, M|271\/373
|-damage|p2a: Crobat|178\/373|[from] Stealth Rock
|turn|76
|c|+Omfuga|with crit or w.e
|c|+Omfuga|lmfao what if its
|c|+Omfuga|not roost
|c|+Omfuga|hahah
|c|+Sacri !!_!!|pretty sure it is
|c|+Sacri !!_!!|no roost
|c|+Sacri !!_!!|cant tell for sure
|choice|move stoneedge|move acrobatics
|
|move|p1a: Aerodactyl|Stone Edge|p2a: Crobat
|-supereffective|p2a: Crobat
|-damage|p2a: Crobat|0 fnt
|faint|p2a: Crobat
|
|win|J0RIS</script>
</div>
<div class="battle-log battle-log-inline"><div class="inner"><div class="battle-options"></div><div class="inner"><div class="chat message-error">Battle timer is ON: inactive players will automatically lose when time's up.</div><div class=""><small>Format:</small> <br><strong>UU</strong></div><div class=""><small><em>Sleep Clause Mod:</em> Limit one foe put to sleep</small></div><div class=""><small><em>Species Clause:</em> Limit one of each Pokémon</small></div><div class=""><small><em>OHKO Clause:</em> OHKO moves are banned</small></div><div class=""><small><em>Moody Clause:</em> Moody is banned</small></div><div class=""><small><em>Evasion Moves Clause:</em> Evasion moves are banned</small></div><div class=""><small><em>Endless Battle Clause:</em> Forcing endless battles is banned</small></div><div class=""><small><em>HP Percentage Mod:</em> HP is shown in percentages</small></div><div class=""><small><em>Swagger Clause:</em> Swagger is banned</small></div><div class=""><small><em>Baton Pass Clause:</em> Limit one Baton Passer, can't pass Spe and other stats simultaneously</small></div><div class="chat battle-history"><strong>J0RIS's team:</strong> <em style="color:#445566;display:block;">Bronzong / Aerodactyl / Mienshao / Tentacruel / Sylveon / Rotom-Mow</em></div><div class="chat battle-history"><strong>anime character's team:</strong> <em style="color:#445566;display:block;">Reuniclus / Absol / Empoleon / Conkeldurr / Crobat / Roserade</em></div><div class="spacer battle-history"><br></div><div class="battle-history">Battle started between J0RIS and anime character!<br></div><div class="spacer battle-history"><br></div><div class="battle-history">Go! <strong>Mienshao</strong>!<br></div><div class="spacer battle-history"><br></div><div class="battle-history">anime character sent out <strong>Roserade</strong>!<br></div><div class="spacer battle-history"><br></div><h2 class="battle-history">Turn 1</h2><div class="chat chatmessage-omfuga"><strong style="color:hsl(319,50%,48.93417352725278%)"><small>+</small><span class="username" data-name="Omfuga">Omfuga</span>:</strong> <em>.</em></div><div class="chat chatmessage-omfuga"><strong style="color:hsl(319,50%,48.93417352725278%)"><small>+</small><span class="username" data-name="Omfuga">Omfuga</span>:</strong> <em>j0ris</em></div><div class="chat chatmessage-omfuga"><strong style="color:hsl(319,50%,48.93417352725278%)"><small>+</small><span class="username" data-name="Omfuga">Omfuga</span>:</strong> <em>im a big fan</em></div><div class="chat chatmessage-omfuga"><strong style="color:hsl(319,50%,48.93417352725278%)"><small>+</small><span class="username" data-name="Omfuga">Omfuga</span>:</strong> <em>omfg</em></div><div class="chat chatmessage-advantage"><strong style="color:hsl(307,88%,47%)"><small>+</small><span class="username" data-name="Advantage">Advantage</span>:</strong> <em>^</em></div><div class="chat chatmessage-omfuga"><strong style="color:hsl(319,50%,48.93417352725278%)"><small>+</small><span class="username" data-name="Omfuga">Omfuga</span>:</strong> <em>.</em></div><div class="spacer battle-history"><br></div><div class="battle-history">Mienshao used <strong>Knock Off</strong>!<br></div><div class="battle-history"><small>(The opposing Roserade lost <abbr title="−234/267">87.6%</abbr> of its health!)</small><br></div><div class="battle-history"><small>Mienshao knocked off the opposing Roserade's Black Sludge!</small><br></div><div class="spacer battle-history"><br></div><div class="battle-history">The opposing Roserade used <strong>Sleep Powder</strong>!<br></div><div class="battle-history"><small>Mienshao avoided the attack!</small><br></div><div class="spacer battle-history"><br></div><h2 class="battle-history">Turn 2</h2><div class="chat chatmessage-omfuga"><strong style="color:hsl(319,50%,48.93417352725278%)"><small>+</small><span class="username" data-name="Omfuga">Omfuga</span>:</strong> <em>goat</em></div><div class="spacer battle-history"><br></div><div class="battle-history">anime character withdrew Roserade!<br></div><div class="battle-history">anime character sent out <strong>Crobat</strong>!<br></div><div class="spacer battle-history"><br></div><div class="battle-history">Mienshao used <strong>Knock Off</strong>!<br></div><div class="battle-history"><small>(The opposing Crobat lost <abbr title="−138/373">37.0%</abbr> of its health!)</small><br></div><div class="spacer battle-history"><br></div><h2 class="battle-history">Turn 3</h2><div class="chat chatmessage-amaroq"><strong style="color:hsl(4,60%,46.329922793177595%)"><small>+</small><span class="username" data-name="Amaroq">Amaroq</span>:</strong> <em>Go anime character</em></div><div class="chat chatmessage-sacri"><strong style="color:hsl(344,60%,48.0115088290176%)"><small>+</small><span class="username" data-name="Sacri !!_!!">Sacri !!_!!</span>:</strong> <em>i like both but anime characters team seems fun</em></div><div class="spacer battle-history"><br></div><div class="battle-history">Mienshao, come back!<br></div><div class="battle-history">Go! <strong>Aerodactyl</strong>!<br></div><div class="battle-history"><small>[Aerodactyl's Unnerve]</small><br><small>The opposing team is too nervous to eat Berries!</small><br></div><div class="spacer battle-history"><br></div><div class="battle-history">The opposing Crobat used <strong>Roost</strong>!<br></div><div class="battle-history"><small>The opposing Crobat restored its HP.</small><br></div><div class="spacer battle-history"><br></div><h2 class="battle-history">Turn 4</h2><div class="chat chatmessage-sacri"><strong style="color:hsl(344,60%,48.0115088290176%)"><small>+</small><span class="username" data-name="Sacri !!_!!">Sacri !!_!!</span>:</strong> <em>go anime character!!</em></div><div class="spacer battle-history"><br></div><div class="battle-history">anime character withdrew Crobat!<br></div><div class="battle-history">anime character sent out <strong>Reuniclus</strong>!<br></div><div class="spacer battle-history"><br></div><div class="battle-history"><small>Aerodactyl's Aerodactylite is reacting to J0RIS's Mega Bracelet!</small><br>Aerodactyl has Mega Evolved into Mega Aerodactyl!<br></div><div class="spacer battle-history"><br></div><div class="battle-history">Aerodactyl used <strong>Stone Edge</strong>!<br></div><div class="battle-history"><small>A critical hit!</small><br></div><div class="battle-history"><small>(The opposing Reuniclus lost <abbr title="−256/423">60.5%</abbr> of its health!)</small><br></div><div class="spacer battle-history"><br></div><div class="battle-history"><small>The opposing Reuniclus restored a little HP using its Leftovers!</small><br></div><div class="spacer battle-history"><br></div><h2 class="battle-history">Turn 5</h2><div class="spacer battle-history"><br></div><div class="battle-history">Aerodactyl, come back!<br></div><div class="battle-history">Go! <strong>Bronzong</strong>!<br></div><div class="spacer battle-history"><br></div><div class="battle-history">The opposing Reuniclus used <strong>Recover</strong>!<br></div><div class="battle-history"><small>The opposing Reuniclus restored its HP.</small><br></div><div class="spacer battle-history"><br></div><div class="battle-history"><small>The opposing Reuniclus restored a little HP using its Leftovers!</small><br></div><div class="spacer battle-history"><br></div><h2 class="battle-history">Turn 6</h2><div class="spacer battle-history"><br></div><div class="battle-history">anime character withdrew Reuniclus!<br></div><div class="battle-history">anime character sent out <strong>Empoleon</strong>!<br></div><div class="spacer battle-history"><br></div><div class="battle-history">Bronzong used <strong>Stealth Rock</strong>!<br></div><div class="battle-history"><small>Pointed stones float in the air around the opposing team!</small><br></div><div class="spacer battle-history"><br></div><h2 class="battle-history">Turn 7</h2><div class="spacer battle-history"><br></div><div class="battle-history">Bronzong, come back!<br></div><div class="battle-history">Go! <strong>Tentacruel</strong>!<br></div><div class="spacer battle-history"><br></div><div class="battle-history">The opposing Empoleon used <strong>Stealth Rock</strong>!<br></div><div class="battle-history"><small>Pointed stones float in the air around your team!</small><br></div><div class="spacer battle-history"><br></div><h2 class="battle-history">Turn 8</h2><div class="spacer battle-history"><br></div><div class="battle-history">anime character withdrew Empoleon!<br></div><div class="battle-history">anime character sent out <strong>Conkeldurr</strong>!<br></div><div class="battle-history"><small>Pointed stones dug into the opposing Conkeldurr!</small><br></div><div class="spacer battle-history"><br></div><div class="battle-history">Tentacruel used <strong>Knock Off</strong>!<br></div><div class="battle-history"><small>It's not very effective...</small><br></div><div class="battle-history"><small>(The opposing Conkeldurr lost <abbr title="−27/411">6.6%</abbr> of its health!)</small><br></div><div class="battle-history"><small>Tentacruel knocked off the opposing Conkeldurr's Leftovers!</small><br></div><div class="spacer battle-history"><br></div><h2 class="battle-history">Turn 9</h2><div class="spacer battle-history"><br></div><div class="battle-history">Tentacruel used <strong>Rapid Spin</strong>!<br></div><div class="battle-history"><small>(The opposing Conkeldurr lost <abbr title="−12/411">2.9%</abbr> of its health!)</small><br></div><div class="battle-history"><small>The pointed stones disappeared from around your team!</small><br></div><div class="spacer battle-history"><br></div><div class="battle-history">The opposing Conkeldurr used <strong>Knock Off</strong>!<br></div><div class="battle-history"><small>(Tentacruel lost <abbr title="−129/364">35.4%</abbr> of its health!)</small><br></div><div class="battle-history"><small>The opposing Conkeldurr knocked off Tentacruel's Black Sludge!</small><br></div><div class="spacer battle-history"><br></div><h2 class="battle-history">Turn 10</h2><div class="spacer battle-history"><br></div><div class="battle-history">Tentacruel used <strong>Scald</strong>!<br></div><div class="battle-history"><small>(The opposing Conkeldurr lost <abbr title="−84/411">20.4%</abbr> of its health!)</small><br></div><div class="spacer battle-history"><br></div><div class="battle-history">The opposing Conkeldurr used <strong>Knock Off</strong>!<br></div><div class="battle-history"><small>(Tentacruel lost <abbr title="−85/364">23.4%</abbr> of its health!)</small><br></div><div class="spacer battle-history"><br></div><h2 class="battle-history">Turn 11</h2><div class="spacer battle-history"><br></div><div class="battle-history">Tentacruel, come back!<br></div><div class="battle-history">Go! <strong>Sylveon</strong>!<br></div><div class="spacer battle-history"><br></div><div class="battle-history">anime character withdrew Conkeldurr!<br></div><div class="battle-history">anime character sent out <strong>Empoleon</strong>!<br></div><div class="battle-history"><small>Pointed stones dug into the opposing Empoleon!</small><br></div><div class="spacer battle-history"><br></div><div class="battle-history"><small>The opposing Empoleon restored a little HP using its Leftovers!</small><br></div><div class="spacer battle-history"><br></div><h2 class="battle-history">Turn 12</h2><div class="spacer battle-history"><br></div><div class="battle-history">Sylveon, come back!<br></div><div class="battle-history">Go! <strong>Tentacruel</strong>!<br></div><div class="spacer battle-history"><br></div><div class="battle-history">The opposing Empoleon used <strong>Stealth Rock</strong>!<br></div><div class="battle-history"><small>Pointed stones float in the air around your team!</small><br></div><div class="spacer battle-history"><br></div><h2 class="battle-history">Turn 13</h2><div class="spacer battle-history"><br></div><div class="battle-history">Tentacruel used <strong>Rapid Spin</strong>!<br></div><div class="battle-history"><small>It's not very effective...</small><br></div><div class="battle-history"><small>(The opposing Empoleon lost <abbr title="−6/371">1.6%</abbr> of its health!)</small><br></div><div class="battle-history"><small>The pointed stones disappeared from around your team!</small><br></div><div class="spacer battle-history"><br></div><div class="battle-history">The opposing Empoleon used <strong>Scald</strong>!<br></div><div class="battle-history"><small>It's not very effective...</small><br></div><div class="battle-history"><small>(Tentacruel lost <abbr title="−40/364">11.0%</abbr> of its health!)</small><br></div><div class="spacer battle-history"><br></div><div class="battle-history"><small>The opposing Empoleon restored a little HP using its Leftovers!</small><br></div><div class="spacer battle-history"><br></div><h2 class="battle-history">Turn 14</h2><div class="spacer battle-history"><br></div><div class="battle-history">Tentacruel used <strong>Knock Off</strong>!<br></div><div class="battle-history"><small>(The opposing Empoleon lost <abbr title="−49/371">13.2%</abbr> of its health!)</small><br></div><div class="battle-history"><small>Tentacruel knocked off the opposing Empoleon's Leftovers!</small><br></div><div class="spacer battle-history"><br></div><div class="battle-history">The opposing Empoleon used <strong>Stealth Rock</strong>!<br></div><div class="battle-history"><small>Pointed stones float in the air around your team!</small><br></div><div class="spacer battle-history"><br></div><h2 class="battle-history">Turn 15</h2><div class="spacer battle-history"><br></div><div class="battle-history">Tentacruel used <strong>Rapid Spin</strong>!<br></div><div class="battle-history"><small>It's not very effective...</small><br></div><div class="battle-history"><small>(The opposing Empoleon lost <abbr title="−6/371">1.6%</abbr> of its health!)</small><br></div><div class="battle-history"><small>The pointed stones disappeared from around your team!</small><br></div><div class="spacer battle-history"><br></div><div class="battle-history">The opposing Empoleon used <strong>Scald</strong>!<br></div><div class="battle-history"><small>It's not very effective...</small><br></div><div class="battle-history"><small>(Tentacruel lost <abbr title="−43/364">11.8%</abbr> of its health!)</small><br></div><div class="battle-history"><small>Tentacruel was burned!</small><br></div><div class="spacer battle-history"><br></div><div class="battle-history"><small>Tentacruel was hurt by its burn!</small><br></div><div class="spacer battle-history"><br></div><h2 class="battle-history">Turn 16</h2><div class="spacer battle-history"><br></div><div class="battle-history">Tentacruel used <strong>Scald</strong>!<br></div><div class="battle-history"><small>It's not very effective...</small><br></div><div class="battle-history"><small>(The opposing Empoleon lost <abbr title="−30/371">8.1%</abbr> of its health!)</small><br></div><div class="battle-history"><small>The opposing Empoleon was burned!</small><br></div><div class="spacer battle-history"><br></div><div class="battle-history">The opposing Empoleon used <strong>Stealth Rock</strong>!<br></div><div class="battle-history"><small>Pointed stones float in the air around your team!</small><br></div><div class="spacer battle-history"><br></div><div class="battle-history"><small>Tentacruel was hurt by its burn!</small><br></div><div class="battle-history"><small>The opposing Empoleon was hurt by its burn!</small><br></div><div class="spacer battle-history"><br></div><div class="battle-history">Tentacruel fainted!<br></div><div class="spacer battle-history"><br></div><div class="battle-history">Go! Rotom (<strong>Rotom-Mow</strong>)!<br></div><div class="battle-history"><small>Pointed stones dug into Rotom!</small><br></div><div class="spacer battle-history"><br></div><h2 class="battle-history">Turn 17</h2><div class="spacer battle-history"><br></div><div class="battle-history">anime character withdrew Empoleon!<br></div><div class="battle-history">anime character sent out <strong>Roserade</strong>!<br></div><div class="battle-history"><small>Pointed stones dug into the opposing Roserade!</small><br></div><div class="spacer battle-history"><br></div><div class="battle-history">The opposing Roserade fainted!<br></div><div class="battle-history">Rotom used <strong>Thunderbolt</strong>!<br></div><div class="battle-history"><small>But there was no target...</small><br></div><div class="spacer battle-history"><br></div><div class="battle-history">anime character sent out <strong>Conkeldurr</strong>!<br></div><div class="battle-history"><small>Pointed stones dug into the opposing Conkeldurr!</small><br></div><div class="spacer battle-history"><br></div><h2 class="battle-history">Turn 18</h2><div class="spacer battle-history"><br></div><div class="battle-history">Rotom, come back!<br></div><div class="battle-history">Go! <strong>Sylveon</strong>!<br></div><div class="battle-history"><small>Pointed stones dug into Sylveon!</small><br></div><div class="spacer battle-history"><br></div><div class="battle-history">The opposing Conkeldurr used <strong>Drain Punch</strong>!<br></div><div class="battle-history"><small>It's not very effective...</small><br></div><div class="battle-history"><small>(Sylveon lost <abbr title="−64/394">16.2%</abbr> of its health!)</small><br></div><div class="battle-history"><small>Sylveon had its energy drained!</small><br></div><div class="spacer battle-history"><br></div><div class="battle-history"><small>Sylveon restored a little HP using its Leftovers!</small><br></div><div class="spacer battle-history"><br></div><h2 class="battle-history">Turn 19</h2><div class="spacer battle-history"><br></div><div class="battle-history">anime character withdrew Conkeldurr!<br></div><div class="battle-history">anime character sent out <strong>Reuniclus</strong>!<br></div><div class="spacer battle-history"><br></div><div class="battle-history">Sylveon used <strong>Wish</strong>!<br></div><div class="spacer battle-history"><br></div><div class="battle-history"><small>Sylveon restored a little HP using its Leftovers!</small><br></div><div class="spacer battle-history"><br></div><h2 class="battle-history">Turn 20</h2><div class="spacer battle-history"><br></div><div class="battle-history">Sylveon, come back!<br></div><div class="battle-history">Go! Rotom (<strong>Rotom-Mow</strong>)!<br></div><div class="battle-history"><small>Pointed stones dug into Rotom!</small><br></div><div class="spacer battle-history"><br></div><div class="battle-history">anime character withdrew Reuniclus!<br></div><div class="battle-history">anime character sent out <strong>Conkeldurr</strong>!<br></div><div class="battle-history"><small>Pointed stones dug into the opposing Conkeldurr!</small><br></div><div class="spacer battle-history"><br></div><div class="battle-history"><small>Sylveon's wish came true!</small><br></div><div class="spacer battle-history"><br></div><h2 class="battle-history">Turn 21</h2><div class="spacer battle-history"><br></div><div class="battle-history">Rotom used <strong>Volt Switch</strong>!<br></div><div class="battle-history"><small>(The opposing Conkeldurr lost <abbr title="−109/411">26.5%</abbr> of its health!)</small><br></div><div class="spacer battle-history"><br></div><div class="battle-history">Rotom went back to J0RIS!<br></div><div class="battle-history">Go! <strong>Sylveon</strong>!<br></div><div class="battle-history"><small>Pointed stones dug into Sylveon!</small><br></div><div class="spacer battle-history"><br></div><div class="battle-history">The opposing Conkeldurr used <strong>Knock Off</strong>!<br></div><div class="battle-history"><small>It's not very effective...</small><br></div><div class="battle-history"><small>(Sylveon lost <abbr title="−57/394">14.5%</abbr> of its health!)</small><br></div><div class="battle-history"><small>The opposing Conkeldurr knocked off Sylveon's Leftovers!</small><br></div><div class="spacer battle-history"><br></div><h2 class="battle-history">Turn 22</h2><div class="spacer battle-history"><br></div><div class="battle-history">anime character withdrew Conkeldurr!<br></div><div class="battle-history">anime character sent out <strong>Empoleon</strong>!<br></div><div class="battle-history"><small>Pointed stones dug into the opposing Empoleon!</small><br></div><div class="spacer battle-history"><br></div><div class="battle-history">Sylveon used <strong>Wish</strong>!<br></div><div class="spacer battle-history"><br></div><div class="battle-history"><small>The opposing Empoleon was hurt by its burn!</small><br></div><div class="spacer battle-history"><br></div><h2 class="battle-history">Turn 23</h2><div class="spacer battle-history"><br></div><div class="battle-history">Sylveon, come back!<br></div><div class="battle-history">Go! Rotom (<strong>Rotom-Mow</strong>)!<br></div><div class="battle-history"><small>Pointed stones dug into Rotom!</small><br></div><div class="spacer battle-history"><br></div><div class="battle-history">The opposing Empoleon used <strong>Roar</strong>!<br></div><div class="spacer battle-history"><br></div><div class="battle-history"><strong>Mienshao</strong> was dragged out!<br></div><div class="battle-history"><small>Pointed stones dug into Mienshao!</small><br></div><div class="spacer battle-history"><br></div><div class="battle-history"><small>Sylveon's wish came true!</small><br></div><div class="battle-history"><small>The opposing Empoleon was hurt by its burn!</small><br></div><div class="spacer battle-history"><br></div><h2 class="battle-history">Turn 24</h2><div class="spacer battle-history"><br></div><div class="battle-history">Mienshao used <strong>High Jump Kick</strong>!<br></div><div class="battle-history"><small>The opposing Empoleon avoided the attack!</small><br></div><div class="battle-history"><small>Mienshao kept going and crashed!</small><br></div><div class="spacer battle-history"><br></div><div class="battle-history">The opposing Empoleon used <strong>Scald</strong>!<br></div><div class="battle-history"><small>(Mienshao lost <abbr title="−136/271">50.2%</abbr> of its health!)</small><br></div><div class="spacer battle-history"><br></div><div class="battle-history">Mienshao fainted!<br></div><div class="spacer battle-history"><br></div><div class="battle-history"><small>The opposing Empoleon was hurt by its burn!</small><br></div><div class="chat chatmessage-animecharacter"><strong style="color:hsl(318,79%,43.50528515454572%)"><small>☆</small><span class="username" data-name="anime character">anime character</span>:</strong> <em>mb</em></div><div class="chat chatmessage-advantage"><strong style="color:hsl(307,88%,47%)"><small>+</small><span class="username" data-name="Advantage">Advantage</span>:</strong> <em>oh no</em></div><div class="spacer battle-history"><br></div><div class="battle-history">Go! Rotom (<strong>Rotom-Mow</strong>)!<br></div><div class="battle-history"><small>Pointed stones dug into Rotom!</small><br></div><div class="spacer battle-history"><br></div><h2 class="battle-history">Turn 25</h2><div class="spacer battle-history"><br></div><div class="battle-history">Rotom used <strong>Volt Switch</strong>!<br></div><div class="battle-history"><small>It's super effective!</small><br></div><div class="battle-history"><small>(The opposing Empoleon lost <abbr title="−79/371">21.3%</abbr> of its health!)</small><br></div><div class="spacer battle-history"><br></div><div class="battle-history">The opposing Empoleon fainted!<br></div><div class="spacer battle-history"><br></div><div class="battle-history">Rotom went back to J0RIS!<br></div><div class="battle-history">Go! Aerodactyl (<strong>Aerodactyl-Mega</strong>)!<br></div><div class="battle-history"><small>Pointed stones dug into Aerodactyl!</small><br></div><div class="spacer battle-history"><br></div><div class="battle-history">anime character sent out <strong>Reuniclus</strong>!<br></div><div class="spacer battle-history"><br></div><h2 class="battle-history">Turn 26</h2><div class="spacer battle-history"><br></div><div class="battle-history">Aerodactyl used <strong>Stone Edge</strong>!<br></div><div class="battle-history"><small>(The opposing Reuniclus lost <abbr title="−151/423">35.7%</abbr> of its health!)</small><br></div><div class="spacer battle-history"><br></div><div class="battle-history">The opposing Reuniclus used <strong>Psyshock</strong>!<br></div><div class="battle-history"><small>(Aerodactyl lost <abbr title="−139/301">46.2%</abbr> of its health!)</small><br></div><div class="spacer battle-history"><br></div><div class="battle-history"><small>The opposing Reuniclus restored a little HP using its Leftovers!</small><br></div><div class="spacer battle-history"><br></div><h2 class="battle-history">Turn 27</h2><div class="spacer battle-history"><br></div><div class="battle-history">Aerodactyl, come back!<br></div><div class="battle-history">Go! Rotom (<strong>Rotom-Mow</strong>)!<br></div><div class="battle-history"><small>Pointed stones dug into Rotom!</small><br></div><div class="spacer battle-history"><br></div><div class="battle-history">The opposing Reuniclus used <strong>Psyshock</strong>!<br></div><div class="battle-history"><small>(Rotom lost <abbr title="−108/241">44.8%</abbr> of its health!)</small><br></div><div class="spacer battle-history"><br></div><div class="battle-history"><small>The opposing Reuniclus restored a little HP using its Leftovers!</small><br></div><div class="spacer battle-history"><br></div><h2 class="battle-history">Turn 28</h2><div class="spacer battle-history"><br></div><div class="battle-history">anime character withdrew Reuniclus!<br></div><div class="battle-history">anime character sent out <strong>Conkeldurr</strong>!<br></div><div class="battle-history"><small>Pointed stones dug into the opposing Conkeldurr!</small><br></div><div class="spacer battle-history"><br></div><div class="battle-history">Rotom used <strong>Trick</strong>!<br></div><div class="battle-history"><small>Rotom switched items with its target!</small><br></div><div class="battle-history"><small>The opposing Conkeldurr obtained one Choice Scarf.</small><br></div><div class="spacer battle-history"><br></div><h2 class="battle-history">Turn 29</h2><div class="spacer battle-history"><br></div><div class="battle-history">Rotom, come back!<br></div><div class="battle-history">Go! <strong>Sylveon</strong>!<br></div><div class="battle-history"><small>Pointed stones dug into Sylveon!</small><br></div><div class="spacer battle-history"><br></div><div class="battle-history">The opposing Conkeldurr used <strong>Mach Punch</strong>!<br></div><div class="battle-history"><small>It's not very effective...</small><br></div><div class="battle-history"><small>(Sylveon lost <abbr title="−34/394">8.6%</abbr> of its health!)</small><br></div><div class="spacer battle-history"><br></div><h2 class="battle-history">Turn 30</h2><div class="spacer battle-history"><br></div><div class="battle-history">anime character withdrew Conkeldurr!<br></div><div class="battle-history">anime character sent out <strong>Reuniclus</strong>!<br></div><div class="spacer battle-history"><br></div><div class="battle-history">Sylveon used <strong>Wish</strong>!<br></div><div class="spacer battle-history"><br></div><div class="battle-history"><small>The opposing Reuniclus restored a little HP using its Leftovers!</small><br></div><div class="spacer battle-history"><br></div><h2 class="battle-history">Turn 31</h2><div class="spacer battle-history"><br></div><div class="battle-history">Sylveon used <strong>Hyper Voice</strong>!<br></div><div class="battle-history"><small>(The opposing Reuniclus lost <abbr title="−178/423">42.1%</abbr> of its health!)</small><br></div><div class="spacer battle-history"><br></div><div class="battle-history">The opposing Reuniclus used <strong>Calm Mind</strong>!<br></div><div class="battle-history"><small>The opposing Reuniclus's Special Attack rose!</small><br></div><div class="battle-history"><small>The opposing Reuniclus's Special Defense rose!</small><br></div><div class="spacer battle-history"><br></div><div class="battle-history"><small>Sylveon's wish came true!</small><br></div><div class="battle-history"><small>The opposing Reuniclus restored a little HP using its Leftovers!</small><br></div><div class="spacer battle-history"><br></div><h2 class="battle-history">Turn 32</h2><div class="spacer battle-history"><br></div><div class="battle-history">Sylveon used <strong>Hyper Voice</strong>!<br></div><div class="battle-history"><small>(The opposing Reuniclus lost <abbr title="−120/423">28.4%</abbr> of its health!)</small><br></div><div class="spacer battle-history"><br></div><div class="battle-history">The opposing Reuniclus used <strong>Recover</strong>!<br></div><div class="battle-history"><small>The opposing Reuniclus restored its HP.</small><br></div><div class="spacer battle-history"><br></div><div class="battle-history"><small>The opposing Reuniclus restored a little HP using its Leftovers!</small><br></div><div class="spacer battle-history"><br></div><h2 class="battle-history">Turn 33</h2><div class="spacer battle-history"><br></div><div class="battle-history">Sylveon used <strong>Hyper Voice</strong>!<br></div><div class="battle-history"><small>A critical hit!</small><br></div><div class="battle-history"><small>(The opposing Reuniclus lost <abbr title="−258/423">61.0%</abbr> of its health!)</small><br></div><div class="spacer battle-history"><br></div><div class="battle-history">The opposing Reuniclus used <strong>Psyshock</strong>!<br></div><div class="battle-history"><small>(Sylveon lost <abbr title="−147/394">37.3%</abbr> of its health!)</small><br></div><div class="spacer battle-history"><br></div><div class="battle-history"><small>The opposing Reuniclus restored a little HP using its Leftovers!</small><br></div><div class="spacer battle-history"><br></div><h2 class="battle-history">Turn 34</h2><div class="chat chatmessage-advantage"><strong style="color:hsl(307,88%,47%)"><small>+</small><span class="username" data-name="Advantage">Advantage</span>:</strong> <em>this game </em></div><div class="chat chatmessage-advantage"><strong style="color:hsl(307,88%,47%)"><small>+</small><span class="username" data-name="Advantage">Advantage</span>:</strong> <em>o_o</em></div><div class="spacer battle-history"><br></div><div class="battle-history">anime character withdrew Reuniclus!<br></div><div class="battle-history">anime character sent out <strong>Crobat</strong>!<br></div><div class="battle-history"><small>Pointed stones dug into the opposing Crobat!</small><br></div><div class="spacer battle-history"><br></div><div class="battle-history">Sylveon used <strong>Hyper Voice</strong>!<br></div><div class="battle-history"><small>It's not very effective...</small><br></div><div class="battle-history"><small>A critical hit!</small><br></div><div class="battle-history"><small>(The opposing Crobat lost <abbr title="−126/373">33.8%</abbr> of its health!)</small><br></div><div class="spacer battle-history"><br></div><h2 class="battle-history">Turn 35</h2><div class="spacer battle-history"><br></div><div class="battle-history">The opposing Crobat used <strong>Taunt</strong>!<br></div><div class="battle-history"><small>Sylveon fell for the taunt!</small><br></div><div class="spacer battle-history"><br></div><div class="battle-history">Sylveon can't use Wish after the taunt!<br></div><div class="spacer battle-history"><br></div><h2 class="battle-history">Turn 36</h2><div class="spacer battle-history"><br></div><div class="battle-history">Sylveon, come back!<br></div><div class="battle-history">Go! <strong>Bronzong</strong>!<br></div><div class="battle-history"><small>Pointed stones dug into Bronzong!</small><br></div><div class="spacer battle-history"><br></div><div class="battle-history">The opposing Crobat used <strong>Roost</strong>!<br></div><div class="battle-history"><small>The opposing Crobat restored its HP.</small><br></div><div class="spacer battle-history"><br></div><div class="battle-history"><small>Bronzong restored a little HP using its Leftovers!</small><br></div><div class="spacer battle-history"><br></div><h2 class="battle-history">Turn 37</h2><div class="spacer battle-history"><br></div><div class="battle-history">anime character withdrew Crobat!<br></div><div class="battle-history">anime character sent out <strong>Conkeldurr</strong>!<br></div><div class="battle-history"><small>Pointed stones dug into the opposing Conkeldurr!</small><br></div><div class="spacer battle-history"><br></div><div class="battle-history">Bronzong used <strong>Iron Head</strong>!<br></div><div class="battle-history"><small>(The opposing Conkeldurr lost <abbr title="−82/411">20.0%</abbr> of its health!)</small><br></div><div class="spacer battle-history"><br></div><h2 class="battle-history">Turn 38</h2><div class="spacer battle-history"><br></div><div class="battle-history">Bronzong, come back!<br></div><div class="battle-history">Go! Rotom (<strong>Rotom-Mow</strong>)!<br></div><div class="battle-history"><small>Pointed stones dug into Rotom!</small><br></div><div class="spacer battle-history"><br></div><div class="battle-history">The opposing Conkeldurr used <strong>Drain Punch</strong>!<br></div><div class="battle-history"><small>(Rotom lost <abbr title="−13/241">5.4%</abbr> of its health!)</small><br></div><div class="battle-history"><small>Rotom had its energy drained!</small><br></div><div class="spacer battle-history"><br></div><div class="battle-history">Rotom fainted!<br></div><div class="spacer battle-history"><br></div><div class="battle-history">Go! <strong>Sylveon</strong>!<br></div><div class="battle-history"><small>Pointed stones dug into Sylveon!</small><br></div><div class="spacer battle-history"><br></div><h2 class="battle-history">Turn 39</h2><div class="spacer battle-history"><br></div><div class="battle-history">anime character withdrew Conkeldurr!<br></div><div class="battle-history">anime character sent out <strong>Reuniclus</strong>!<br></div><div class="spacer battle-history"><br></div><div class="battle-history">Sylveon used <strong>Wish</strong>!<br></div><div class="spacer battle-history"><br></div><div class="battle-history"><small>The opposing Reuniclus restored a little HP using its Leftovers!</small><br></div><div class="spacer battle-history"><br></div><h2 class="battle-history">Turn 40</h2><div class="spacer battle-history"><br></div><div class="battle-history">anime character withdrew Reuniclus!<br></div><div class="battle-history">anime character sent out <strong>Crobat</strong>!<br></div><div class="battle-history"><small>Pointed stones dug into the opposing Crobat!</small><br></div><div class="spacer battle-history"><br></div><div class="battle-history">Sylveon used <strong>Hyper Voice</strong>!<br></div><div class="battle-history"><small>It's not very effective...</small><br></div><div class="battle-history"><small>(The opposing Crobat lost <abbr title="−84/373">22.5%</abbr> of its health!)</small><br></div><div class="spacer battle-history"><br></div><div class="battle-history"><small>Sylveon's wish came true!</small><br></div><div class="spacer battle-history"><br></div><h2 class="battle-history">Turn 41</h2><div class="spacer battle-history"><br></div><div class="battle-history">The opposing Crobat used <strong>Roost</strong>!<br></div><div class="battle-history"><small>The opposing Crobat restored its HP.</small><br></div><div class="spacer battle-history"><br></div><div class="battle-history">Sylveon used <strong>Hyper Voice</strong>!<br></div><div class="battle-history"><small>It's not very effective...</small><br></div><div class="battle-history"><small>(The opposing Crobat lost <abbr title="−94/373">25.2%</abbr> of its health!)</small><br></div><div class="spacer battle-history"><br></div><h2 class="battle-history">Turn 42</h2><div class="spacer battle-history"><br></div><div class="battle-history">Sylveon, come back!<br></div><div class="battle-history">Go! <strong>Bronzong</strong>!<br></div><div class="battle-history"><small>Pointed stones dug into Bronzong!</small><br></div><div class="spacer battle-history"><br></div><div class="battle-history">The opposing Crobat used <strong>Acrobatics</strong>!<br></div><div class="battle-history"><small>It's not very effective...</small><br></div><div class="battle-history"><small>(Bronzong lost <abbr title="−42/338">12.4%</abbr> of its health!)</small><br></div><div class="spacer battle-history"><br></div><div class="battle-history"><small>Bronzong restored a little HP using its Leftovers!</small><br></div><div class="spacer battle-history"><br></div><h2 class="battle-history">Turn 43</h2><div class="spacer battle-history"><br></div><div class="battle-history">The opposing Crobat used <strong>Roost</strong>!<br></div><div class="battle-history"><small>The opposing Crobat restored its HP.</small><br></div><div class="spacer battle-history"><br></div><div class="battle-history">Bronzong used <strong>Iron Head</strong>!<br></div><div class="battle-history"><small>(The opposing Crobat lost <abbr title="−99/373">26.5%</abbr> of its health!)</small><br></div><div class="spacer battle-history"><br></div><div class="battle-history"><small>Bronzong restored a little HP using its Leftovers!</small><br></div><div class="spacer battle-history"><br></div><h2 class="battle-history">Turn 44</h2><div class="spacer battle-history"><br></div><div class="battle-history">anime character withdrew Crobat!<br></div><div class="battle-history">anime character sent out <strong>Conkeldurr</strong>!<br></div><div class="battle-history"><small>Pointed stones dug into the opposing Conkeldurr!</small><br></div><div class="spacer battle-history"><br></div><div class="battle-history">The opposing Conkeldurr fainted!<br></div><div class="battle-history">Bronzong used <strong>Iron Head</strong>!<br></div><div class="battle-history"><small>But there was no target...</small><br></div><div class="spacer battle-history"><br></div><div class="battle-history"><small>Bronzong restored a little HP using its Leftovers!</small><br></div><div class="spacer battle-history"><br></div><div class="battle-history">anime character sent out <strong>Reuniclus</strong>!<br></div><div class="spacer battle-history"><br></div><h2 class="battle-history">Turn 45</h2><div class="spacer battle-history"><br></div><div class="battle-history">The opposing Reuniclus used <strong>Recover</strong>!<br></div><div class="battle-history"><small>The opposing Reuniclus restored its HP.</small><br></div><div class="spacer battle-history"><br></div><div class="battle-history">Bronzong used <strong>Psywave</strong>!<br></div><div class="battle-history"><small>(The opposing Reuniclus lost <abbr title="−150/423">35.5%</abbr> of its health!)</small><br></div><div class="spacer battle-history"><br></div><div class="battle-history"><small>The opposing Reuniclus restored a little HP using its Leftovers!</small><br></div><div class="spacer battle-history"><br></div><h2 class="battle-history">Turn 46</h2><div class="spacer battle-history"><br></div><div class="battle-history">The opposing Reuniclus used <strong>Recover</strong>!<br></div><div class="battle-history"><small>The opposing Reuniclus restored its HP.</small><br></div><div class="spacer battle-history"><br></div><div class="battle-history">Bronzong used <strong>Psywave</strong>!<br></div><div class="battle-history"><small>(The opposing Reuniclus lost <abbr title="−104/423">24.6%</abbr> of its health!)</small><br></div><div class="spacer battle-history"><br></div><div class="battle-history"><small>The opposing Reuniclus restored a little HP using its Leftovers!</small><br></div><div class="spacer battle-history"><br></div><h2 class="battle-history">Turn 47</h2><div class="spacer battle-history"><br></div><div class="battle-history">anime character withdrew Reuniclus!<br></div><div class="battle-history">anime character sent out <strong>Absol</strong>!<br></div><div class="battle-history"><small>Pointed stones dug into the opposing Absol!</small><br></div><div class="battle-history"><small>[The opposing Absol's Pressure]</small><br><small>The opposing Absol is exerting its pressure!</small><br></div><div class="spacer battle-history"><br></div><div class="battle-history">Bronzong used <strong>Iron Head</strong>!<br></div><div class="battle-history"><small>(The opposing Absol lost <abbr title="−124/271">45.8%</abbr> of its health!)</small><br></div><div class="spacer battle-history"><br></div><h2 class="battle-history">Turn 48</h2><div class="chat chatmessage-ict"><strong style="color:hsl(281,40%,50.792432564636634%)"><small>+</small><span class="username" data-name="Ict">Ict</span>:</strong> <em>how the fuck</em></div><div class="spacer battle-history"><br></div><div class="battle-history"><small>(Bronzong is being withdrawn...)</small><br></div><div class="spacer battle-history"><br></div><div class="battle-history"><small>The opposing Absol's Absolite is reacting to anime character's Mega Bracelet!</small><br>The opposing Absol has Mega Evolved into Mega Absol!<br></div><div class="spacer battle-history"><br></div><div class="battle-history">The opposing Absol used <strong>Pursuit</strong>!<br></div><div class="battle-history"><small>It's super effective!</small><br></div><div class="battle-history"><small>(Bronzong lost <abbr title="−264/338">78.1%</abbr> of its health!)</small><br></div><div class="spacer battle-history"><br></div><div class="battle-history">Bronzong, come back!<br></div><div class="battle-history">Go! <strong>Sylveon</strong>!<br></div><div class="battle-history"><small>Pointed stones dug into Sylveon!</small><br></div><div class="spacer battle-history"><br></div><h2 class="battle-history">Turn 49</h2><div class="spacer battle-history"><br></div><div class="battle-history">anime character withdrew Absol!<br></div><div class="battle-history">anime character sent out <strong>Crobat</strong>!<br></div><div class="battle-history"><small>Pointed stones dug into the opposing Crobat!</small><br></div><div class="spacer battle-history"><br></div><div class="battle-history">Sylveon used <strong>Wish</strong>!<br></div><div class="spacer battle-history"><br></div><h2 class="battle-history">Turn 50</h2><div class="spacer battle-history"><br></div><div class="battle-history">Sylveon, come back!<br></div><div class="battle-history">Go! <strong>Bronzong</strong>!<br></div><div class="battle-history"><small>Pointed stones dug into Bronzong!</small><br></div><div class="spacer battle-history"><br></div><div class="battle-history">The opposing Crobat used <strong>Acrobatics</strong>!<br></div><div class="battle-history"><small>It's not very effective...</small><br></div><div class="battle-history"><small>(Bronzong lost <abbr title="−44/338">13.0%</abbr> of its health!)</small><br></div><div class="spacer battle-history"><br></div><div class="battle-history"><small>Sylveon's wish came true!</small><br></div><div class="battle-history"><small>Bronzong restored a little HP using its Leftovers!</small><br></div><div class="spacer battle-history"><br></div><h2 class="battle-history">Turn 51</h2><div class="spacer battle-history"><br></div><div class="battle-history">The opposing Crobat used <strong>Roost</strong>!<br></div><div class="battle-history"><small>The opposing Crobat restored its HP.</small><br></div><div class="spacer battle-history"><br></div><div class="battle-history">Bronzong used <strong>Iron Head</strong>!<br></div><div class="battle-history"><small>(The opposing Crobat lost <abbr title="−109/373">29.2%</abbr> of its health!)</small><br></div><div class="spacer battle-history"><br></div><div class="battle-history"><small>Bronzong restored a little HP using its Leftovers!</small><br></div><div class="spacer battle-history"><br></div><h2 class="battle-history">Turn 52</h2><div class="spacer battle-history"><br></div><div class="battle-history">The opposing Crobat used <strong>Acrobatics</strong>!<br></div><div class="battle-history"><small>It's not very effective...</small><br></div><div class="battle-history"><small>(Bronzong lost <abbr title="−48/338">14.2%</abbr> of its health!)</small><br></div><div class="spacer battle-history"><br></div><div class="battle-history">Bronzong used <strong>Iron Head</strong>!<br></div><div class="battle-history"><small>(The opposing Crobat lost <abbr title="−106/373">28.4%</abbr> of its health!)</small><br></div><div class="spacer battle-history"><br></div><div class="battle-history"><small>Bronzong restored a little HP using its Leftovers!</small><br></div><div class="spacer battle-history"><br></div><h2 class="battle-history">Turn 53</h2><div class="spacer battle-history"><br></div><div class="battle-history">The opposing Crobat used <strong>Roost</strong>!<br></div><div class="battle-history"><small>The opposing Crobat restored its HP.</small><br></div><div class="spacer battle-history"><br></div><div class="battle-history">Bronzong used <strong>Iron Head</strong>!<br></div><div class="battle-history"><small>(The opposing Crobat lost <abbr title="−111/373">29.8%</abbr> of its health!)</small><br></div><div class="spacer battle-history"><br></div><div class="battle-history"><small>Bronzong restored a little HP using its Leftovers!</small><br></div><div class="spacer battle-history"><br></div><h2 class="battle-history">Turn 54</h2><div class="spacer battle-history"><br></div><div class="battle-history">The opposing Crobat used <strong>Acrobatics</strong>!<br></div><div class="battle-history"><small>It's not very effective...</small><br></div><div class="battle-history"><small>(Bronzong lost <abbr title="−45/338">13.3%</abbr> of its health!)</small><br></div><div class="spacer battle-history"><br></div><div class="battle-history">Bronzong used <strong>Iron Head</strong>!<br></div><div class="battle-history"><small>(The opposing Crobat lost <abbr title="−111/373">29.8%</abbr> of its health!)</small><br></div><div class="spacer battle-history"><br></div><div class="battle-history"><small>Bronzong restored a little HP using its Leftovers!</small><br></div><div class="spacer battle-history"><br></div><h2 class="battle-history">Turn 55</h2><div class="spacer battle-history"><br></div><div class="battle-history">The opposing Crobat used <strong>Roost</strong>!<br></div><div class="battle-history"><small>The opposing Crobat restored its HP.</small><br></div><div class="spacer battle-history"><br></div><div class="battle-history">Bronzong used <strong>Iron Head</strong>!<br></div><div class="battle-history"><small>(The opposing Crobat lost <abbr title="−105/373">28.2%</abbr> of its health!)</small><br></div><div class="spacer battle-history"><br></div><div class="battle-history"><small>Bronzong restored a little HP using its Leftovers!</small><br></div><div class="spacer battle-history"><br></div><h2 class="battle-history">Turn 56</h2><div class="spacer battle-history"><br></div><div class="battle-history">The opposing Crobat used <strong>Roost</strong>!<br></div><div class="battle-history"><small>The opposing Crobat restored its HP.</small><br></div><div class="spacer battle-history"><br></div><div class="battle-history">Bronzong used <strong>Iron Head</strong>!<br></div><div class="battle-history"><small>(The opposing Crobat lost <abbr title="−102/373">27.3%</abbr> of its health!)</small><br></div><div class="spacer battle-history"><br></div><div class="battle-history"><small>Bronzong restored a little HP using its Leftovers!</small><br></div><div class="spacer battle-history"><br></div><h2 class="battle-history">Turn 57</h2><div class="chat chatmessage-omfuga"><strong style="color:hsl(319,50%,48.93417352725278%)"><small>+</small><span class="username" data-name="Omfuga">Omfuga</span>:</strong> <em>wow </em></div><div class="spacer battle-history"><br></div><div class="battle-history">anime character withdrew Crobat!<br></div><div class="battle-history">anime character sent out <strong>Reuniclus</strong>!<br></div><div class="spacer battle-history"><br></div><div class="battle-history">Bronzong used <strong>Psywave</strong>!<br></div><div class="battle-history"><small>(The opposing Reuniclus lost <abbr title="−64/423">15.1%</abbr> of its health!)</small><br></div><div class="spacer battle-history"><br></div><div class="battle-history"><small>The opposing Reuniclus restored a little HP using its Leftovers!</small><br></div><div class="battle-history"><small>Bronzong restored a little HP using its Leftovers!</small><br></div><div class="spacer battle-history"><br></div><h2 class="battle-history">Turn 58</h2><div class="chat chatmessage-omfuga"><strong style="color:hsl(319,50%,48.93417352725278%)"><small>+</small><span class="username" data-name="Omfuga">Omfuga</span>:</strong> <em>this was a p short game</em></div><div class="chat chatmessage-omfuga"><strong style="color:hsl(319,50%,48.93417352725278%)"><small>+</small><span class="username" data-name="Omfuga">Omfuga</span>:</strong> <em>for ORAS UU</em></div><div class="spacer battle-history"><br></div><div class="battle-history">The opposing Reuniclus used <strong>Calm Mind</strong>!<br></div><div class="battle-history"><small>The opposing Reuniclus's Special Attack rose!</small><br></div><div class="battle-history"><small>The opposing Reuniclus's Special Defense rose!</small><br></div><div class="spacer battle-history"><br></div><div class="battle-history">Bronzong used <strong>Psywave</strong>!<br></div><div class="battle-history"><small>(The opposing Reuniclus lost <abbr title="−94/423">22.2%</abbr> of its health!)</small><br></div><div class="spacer battle-history"><br></div><div class="battle-history"><small>The opposing Reuniclus restored a little HP using its Leftovers!</small><br></div><div class="battle-history"><small>Bronzong restored a little HP using its Leftovers!</small><br></div><div class="spacer battle-history"><br></div><h2 class="battle-history">Turn 59</h2><div class="spacer battle-history"><br></div><div class="battle-history">The opposing Reuniclus used <strong>Calm Mind</strong>!<br></div><div class="battle-history"><small>The opposing Reuniclus's Special Attack rose!</small><br></div><div class="battle-history"><small>The opposing Reuniclus's Special Defense rose!</small><br></div><div class="spacer battle-history"><br></div><div class="battle-history">Bronzong used <strong>Psywave</strong>!<br></div><div class="battle-history"><small>(The opposing Reuniclus lost <abbr title="−130/423">30.7%</abbr> of its health!)</small><br></div><div class="spacer battle-history"><br></div><div class="battle-history"><small>The opposing Reuniclus restored a little HP using its Leftovers!</small><br></div><div class="battle-history"><small>Bronzong restored a little HP using its Leftovers!</small><br></div><div class="spacer battle-history"><br></div><h2 class="battle-history">Turn 60</h2><div class="spacer battle-history"><br></div><div class="battle-history">The opposing Reuniclus used <strong>Recover</strong>!<br></div><div class="battle-history"><small>The opposing Reuniclus restored its HP.</small><br></div><div class="spacer battle-history"><br></div><div class="battle-history">Bronzong used <strong>Psywave</strong>!<br></div><div class="battle-history"><small>(The opposing Reuniclus lost <abbr title="−95/423">22.5%</abbr> of its health!)</small><br></div><div class="spacer battle-history"><br></div><div class="battle-history"><small>The opposing Reuniclus restored a little HP using its Leftovers!</small><br></div><div class="battle-history"><small>Bronzong restored a little HP using its Leftovers!</small><br></div><div class="spacer battle-history"><br></div><h2 class="battle-history">Turn 61</h2><div class="chat chatmessage-omfuga"><strong style="color:hsl(319,50%,48.93417352725278%)"><small>+</small><span class="username" data-name="Omfuga">Omfuga</span>:</strong> <em>um</em></div><div class="spacer battle-history"><br></div><div class="battle-history">The opposing Reuniclus used <strong>Calm Mind</strong>!<br></div><div class="battle-history"><small>The opposing Reuniclus's Special Attack rose!</small><br></div><div class="battle-history"><small>The opposing Reuniclus's Special Defense rose!</small><br></div><div class="spacer battle-history"><br></div><div class="battle-history">Bronzong used <strong>Psywave</strong>!<br></div><div class="battle-history"><small>(The opposing Reuniclus lost <abbr title="−66/423">15.6%</abbr> of its health!)</small><br></div><div class="spacer battle-history"><br></div><div class="battle-history"><small>The opposing Reuniclus restored a little HP using its Leftovers!</small><br></div><div class="spacer battle-history"><br></div><h2 class="battle-history">Turn 62</h2><div class="chat chatmessage-omfuga"><strong style="color:hsl(319,50%,48.93417352725278%)"><small>+</small><span class="username" data-name="Omfuga">Omfuga</span>:</strong> <em>why is a reuniclus faster than a bronzong</em></div><div class="chat chatmessage-omfuga"><strong style="color:hsl(319,50%,48.93417352725278%)"><small>+</small><span class="username" data-name="Omfuga">Omfuga</span>:</strong> <em>lol</em></div><div class="spacer battle-history"><br></div><div class="battle-history">The opposing Reuniclus used <strong>Recover</strong>!<br></div><div class="battle-history"><small>The opposing Reuniclus restored its HP.</small><br></div><div class="spacer battle-history"><br></div><div class="battle-history">Bronzong used <strong>Psywave</strong>!<br></div><div class="battle-history"><small>(The opposing Reuniclus lost <abbr title="−83/423">19.6%</abbr> of its health!)</small><br></div><div class="spacer battle-history"><br></div><div class="battle-history"><small>The opposing Reuniclus restored a little HP using its Leftovers!</small><br></div><div class="spacer battle-history"><br></div><h2 class="battle-history">Turn 63</h2><div class="chat chatmessage-omfuga"><strong style="color:hsl(319,50%,48.93417352725278%)"><small>+</small><span class="username" data-name="Omfuga">Omfuga</span>:</strong> <em>how much speed are you HT</em></div><div class="spacer battle-history"><br></div><div class="battle-history">The opposing Reuniclus used <strong>Calm Mind</strong>!<br></div><div class="battle-history"><small>The opposing Reuniclus's Special Attack rose!</small><br></div><div class="battle-history"><small>The opposing Reuniclus's Special Defense rose!</small><br></div><div class="spacer battle-history"><br></div><div class="battle-history">Bronzong used <strong>Psywave</strong>!<br></div><div class="battle-history"><small>(The opposing Reuniclus lost <abbr title="−58/423">13.7%</abbr> of its health!)</small><br></div><div class="spacer battle-history"><br></div><div class="battle-history"><small>The opposing Reuniclus restored a little HP using its Leftovers!</small><br></div><div class="spacer battle-history"><br></div><h2 class="battle-history">Turn 64</h2><div class="spacer battle-history"><br></div><div class="battle-history">The opposing Reuniclus used <strong>Focus Blast</strong>!<br></div><div class="battle-history"><small>Bronzong avoided the attack!</small><br></div><div class="spacer battle-history"><br></div><div class="battle-history">Bronzong used <strong>Psywave</strong>!<br></div><div class="battle-history"><small>(The opposing Reuniclus lost <abbr title="−94/423">22.2%</abbr> of its health!)</small><br></div><div class="spacer battle-history"><br></div><div class="battle-history"><small>The opposing Reuniclus restored a little HP using its Leftovers!</small><br></div><div class="spacer battle-history"><br></div><h2 class="battle-history">Turn 65</h2><div class="spacer battle-history"><br></div><div class="battle-history">The opposing Reuniclus used <strong>Focus Blast</strong>!<br></div><div class="battle-history"><small>(Bronzong lost <abbr title="−227/338">67.2%</abbr> of its health!)</small><br></div><div class="spacer battle-history"><br></div><div class="battle-history">Bronzong used <strong>Psywave</strong>!<br></div><div class="battle-history"><small>(The opposing Reuniclus lost <abbr title="−80/423">18.9%</abbr> of its health!)</small><br></div><div class="spacer battle-history"><br></div><div class="battle-history"><small>The opposing Reuniclus restored a little HP using its Leftovers!</small><br></div><div class="battle-history"><small>Bronzong restored a little HP using its Leftovers!</small><br></div><div class="spacer battle-history"><br></div><h2 class="battle-history">Turn 66</h2><div class="spacer battle-history"><br></div><div class="battle-history">The opposing Reuniclus used <strong>Recover</strong>!<br></div><div class="battle-history"><small>The opposing Reuniclus restored its HP.</small><br></div><div class="spacer battle-history"><br></div><div class="battle-history">Bronzong used <strong>Psywave</strong>!<br></div><div class="battle-history"><small>(The opposing Reuniclus lost <abbr title="−51/423">12.1%</abbr> of its health!)</small><br></div><div class="spacer battle-history"><br></div><div class="battle-history"><small>The opposing Reuniclus restored a little HP using its Leftovers!</small><br></div><div class="battle-history"><small>Bronzong restored a little HP using its Leftovers!</small><br></div><div class="spacer battle-history"><br></div><h2 class="battle-history">Turn 67</h2><div class="chat chatmessage-omfuga"><strong style="color:hsl(319,50%,48.93417352725278%)"><small>+</small><span class="username" data-name="Omfuga">Omfuga</span>:</strong> <em>ht</em></div><div class="chat chatmessage-omfuga"><strong style="color:hsl(319,50%,48.93417352725278%)"><small>+</small><span class="username" data-name="Omfuga">Omfuga</span>:</strong> <em>how much speed</em></div><div class="chat chatmessage-omfuga"><strong style="color:hsl(319,50%,48.93417352725278%)"><small>+</small><span class="username" data-name="Omfuga">Omfuga</span>:</strong> <em>is ur reun</em></div><div class="chat chatmessage-omfuga"><strong style="color:hsl(319,50%,48.93417352725278%)"><small>+</small><span class="username" data-name="Omfuga">Omfuga</span>:</strong> <em>~_~</em></div><div class="chat chatmessage-animecharacter"><strong style="color:hsl(318,79%,43.50528515454572%)"><small>☆</small><span class="username" data-name="anime character">anime character</span>:</strong> <em>28</em></div><div class="chat chatmessage-omfuga"><strong style="color:hsl(319,50%,48.93417352725278%)"><small>+</small><span class="username" data-name="Omfuga">Omfuga</span>:</strong> <em>what number is that</em></div><div class="chat chatmessage-animecharacter"><strong style="color:hsl(318,79%,43.50528515454572%)"><small>☆</small><span class="username" data-name="anime character">anime character</span>:</strong> <em>1 faster than bronzong</em></div><div class="chat chatmessage-omfuga"><strong style="color:hsl(319,50%,48.93417352725278%)"><small>+</small><span class="username" data-name="Omfuga">Omfuga</span>:</strong> <em>loool</em></div><div class="spacer battle-history"><br></div><div class="battle-history">The opposing Reuniclus used <strong>Focus Blast</strong>!<br></div><div class="battle-history"><small>Bronzong avoided the attack!</small><br></div><div class="spacer battle-history"><br></div><div class="battle-history">Bronzong used <strong>Psywave</strong>!<br></div><div class="battle-history"><small>(The opposing Reuniclus lost <abbr title="−145/423">34.3%</abbr> of its health!)</small><br></div><div class="spacer battle-history"><br></div><div class="battle-history"><small>The opposing Reuniclus restored a little HP using its Leftovers!</small><br></div><div class="battle-history"><small>Bronzong restored a little HP using its Leftovers!</small><br></div><div class="spacer battle-history"><br></div><h2 class="battle-history">Turn 68</h2><div class="chat chatmessage-sacri"><strong style="color:hsl(344,60%,48.0115088290176%)"><small>+</small><span class="username" data-name="Sacri !!_!!">Sacri !!_!!</span>:</strong> <em>daddy toenail</em></div><div class="chat chatmessage-sacri"><strong style="color:hsl(344,60%,48.0115088290176%)"><small>+</small><span class="username" data-name="Sacri !!_!!">Sacri !!_!!</span>:</strong> <em>back at it</em></div><div class="spacer battle-history"><br></div><div class="battle-history">Bronzong, come back!<br></div><div class="battle-history">Go! <strong>Sylveon</strong>!<br></div><div class="battle-history"><small>Pointed stones dug into Sylveon!</small><br></div><div class="spacer battle-history"><br></div><div class="battle-history">The opposing Reuniclus used <strong>Recover</strong>!<br></div><div class="battle-history"><small>The opposing Reuniclus restored its HP.</small><br></div><div class="spacer battle-history"><br></div><h2 class="battle-history">Turn 69</h2><div class="spacer battle-history"><br></div><div class="battle-history">Sylveon used <strong>Protect</strong>!<br></div><div class="battle-history"><small>Sylveon protected itself!</small><br></div><div class="spacer battle-history"><br></div><div class="battle-history">The opposing Reuniclus used <strong>Psyshock</strong>!<br></div><div class="battle-history"><small>Sylveon protected itself!</small><br></div><div class="spacer battle-history"><br></div><h2 class="battle-history">Turn 70</h2><div class="chat chatmessage-rodriblutar"><strong style="color:hsl(280,58%,53.69668823944782%)"><small>+</small><span class="username" data-name="Rodriblutar ✘">Rodriblutar ✘</span>:</strong> <em>Who is toenail</em></div><div class="spacer battle-history"><br></div><div class="battle-history">Sylveon, come back!<br></div><div class="battle-history">Go! <strong>Bronzong</strong>!<br></div><div class="battle-history"><small>Pointed stones dug into Bronzong!</small><br></div><div class="spacer battle-history"><br></div><div class="battle-history">The opposing Reuniclus used <strong>Psyshock</strong>!<br></div><div class="battle-history"><small>It's not very effective...</small><br></div><div class="battle-history"><small>(Bronzong lost <abbr title="−72/338">21.3%</abbr> of its health!)</small><br></div><div class="spacer battle-history"><br></div><div class="battle-history"><small>Bronzong restored a little HP using its Leftovers!</small><br></div><div class="spacer battle-history"><br></div><h2 class="battle-history">Turn 71</h2><div class="spacer battle-history"><br></div><div class="battle-history">The opposing Reuniclus used <strong>Psyshock</strong>!<br></div><div class="battle-history"><small>It's not very effective...</small><br></div><div class="battle-history"><small>(Bronzong lost <abbr title="−71/338">21.0%</abbr> of its health!)</small><br></div><div class="spacer battle-history"><br></div><div class="battle-history">Bronzong used <strong>Psywave</strong>!<br></div><div class="battle-history"><small>(The opposing Reuniclus lost <abbr title="−137/423">32.4%</abbr> of its health!)</small><br></div><div class="spacer battle-history"><br></div><div class="battle-history"><small>The opposing Reuniclus restored a little HP using its Leftovers!</small><br></div><div class="battle-history"><small>Bronzong restored a little HP using its Leftovers!</small><br></div><div class="spacer battle-history"><br></div><h2 class="battle-history">Turn 72</h2><div class="chat chatmessage-sacri"><strong style="color:hsl(344,60%,48.0115088290176%)"><small>+</small><span class="username" data-name="Sacri !!_!!">Sacri !!_!!</span>:</strong> <em>anime character</em></div><div class="spacer battle-history"><br></div><div class="battle-history">The opposing Reuniclus used <strong>Psyshock</strong>!<br></div><div class="battle-history"><small>It's not very effective...</small><br></div><div class="battle-history"><small>(Bronzong lost <abbr title="−52/338">15.4%</abbr> of its health!)</small><br></div><div class="spacer battle-history"><br></div><div class="battle-history">Bronzong fainted!<br></div><div class="spacer battle-history"><br></div><div class="battle-history"><small>The opposing Reuniclus restored a little HP using its Leftovers!</small><br></div><div class="spacer battle-history"><br></div><div class="battle-history">Go! <strong>Sylveon</strong>!<br></div><div class="battle-history"><small>Pointed stones dug into Sylveon!</small><br></div><div class="spacer battle-history"><br></div><h2 class="battle-history">Turn 73</h2><div class="spacer battle-history"><br></div><div class="battle-history">Sylveon used <strong>Hyper Voice</strong>!<br></div><div class="battle-history"><small>A critical hit!</small><br></div><div class="battle-history"><small>(The opposing Reuniclus lost <abbr title="−258/423">61.0%</abbr> of its health!)</small><br></div><div class="spacer battle-history"><br></div><div class="battle-history">The opposing Reuniclus used <strong>Psyshock</strong>!<br></div><div class="battle-history"><small>(Sylveon lost <abbr title="−191/394">48.5%</abbr> of its health!)</small><br></div><div class="spacer battle-history"><br></div><div class="battle-history">Sylveon fainted!<br></div><div class="spacer battle-history"><br></div><div class="battle-history"><small>The opposing Reuniclus restored a little HP using its Leftovers!</small><br></div><div class="chat chatmessage-animecharacter"><strong style="color:hsl(318,79%,43.50528515454572%)"><small>☆</small><span class="username" data-name="anime character">anime character</span>:</strong> <em>are you</em></div><div class="chat chatmessage-r0ady"><strong style="color:hsl(306,70%,44.2804644005872%)"><small>+</small><span class="username" data-name="r0ady">r0ady</span>:</strong> <em>bop</em></div><div class="chat chatmessage-omfuga"><strong style="color:hsl(319,50%,48.93417352725278%)"><small>+</small><span class="username" data-name="Omfuga">Omfuga</span>:</strong> <em>oh?</em></div><div class="spacer battle-history"><br></div><div class="battle-history">Go! Aerodactyl (<strong>Aerodactyl-Mega</strong>)!<br></div><div class="battle-history"><small>Pointed stones dug into Aerodactyl!</small><br></div><div class="spacer battle-history"><br></div><h2 class="battle-history">Turn 74</h2><div class="chat chatmessage-sacri"><strong style="color:hsl(344,60%,48.0115088290176%)"><small>+</small><span class="username" data-name="Sacri !!_!!">Sacri !!_!!</span>:</strong> <em>,</em></div><div class="chat chatmessage-omfuga"><strong style="color:hsl(319,50%,48.93417352725278%)"><small>+</small><span class="username" data-name="Omfuga">Omfuga</span>:</strong> <em>omfugadactyl would win</em></div><div class="chat chatmessage-sacri"><strong style="color:hsl(344,60%,48.0115088290176%)"><small>+</small><span class="username" data-name="Sacri !!_!!">Sacri !!_!!</span>:</strong> <em>notlikethis</em></div><div class="chat chatmessage-omfuga"><strong style="color:hsl(319,50%,48.93417352725278%)"><small>+</small><span class="username" data-name="Omfuga">Omfuga</span>:</strong> <em>omfg</em></div><div class="chat chatmessage-r0ady"><strong style="color:hsl(306,70%,44.2804644005872%)"><small>+</small><span class="username" data-name="r0ady">r0ady</span>:</strong> <em>you mean</em></div><div class="spacer battle-history"><br></div><div class="battle-history">Aerodactyl used <strong>Wing Attack</strong>!<br></div><div class="battle-history"><small>(The opposing Reuniclus lost <abbr title="−106/423">25.1%</abbr> of its health!)</small><br></div><div class="spacer battle-history"><br></div><div class="battle-history">The opposing Reuniclus fainted!<br></div><div class="chat chatmessage-r0ady"><strong style="color:hsl(306,70%,44.2804644005872%)"><small>+</small><span class="username" data-name="r0ady">r0ady</span>:</strong> <em>taunt toxic</em></div><div class="chat chatmessage-r0ady"><strong style="color:hsl(306,70%,44.2804644005872%)"><small>+</small><span class="username" data-name="r0ady">r0ady</span>:</strong> <em>mono eq</em></div><div class="chat chatmessage-omfuga"><strong style="color:hsl(319,50%,48.93417352725278%)"><small>+</small><span class="username" data-name="Omfuga">Omfuga</span>:</strong> <em>no</em></div><div class="chat chatmessage-omfuga"><strong style="color:hsl(319,50%,48.93417352725278%)"><small>+</small><span class="username" data-name="Omfuga">Omfuga</span>:</strong> <em>i mean</em></div><div class="spacer battle-history"><br></div><div class="battle-history">anime character sent out Absol (<strong>Absol-Mega</strong>)!<br></div><div class="battle-history"><small>Pointed stones dug into the opposing Absol!</small><br></div><div class="spacer battle-history"><br></div><h2 class="battle-history">Turn 75</h2><div class="chat chatmessage-ict"><strong style="color:hsl(281,40%,50.792432564636634%)"><small>+</small><span class="username" data-name="Ict">Ict</span>:</strong> <em>do u</em></div><div class="chat chatmessage-ict"><strong style="color:hsl(281,40%,50.792432564636634%)"><small>+</small><span class="username" data-name="Ict">Ict</span>:</strong> <em>superpower here</em></div><div class="chat chatmessage-omfuga"><strong style="color:hsl(319,50%,48.93417352725278%)"><small>+</small><span class="username" data-name="Omfuga">Omfuga</span>:</strong> <em>the one</em></div><div class="chat chatmessage-sacri"><strong style="color:hsl(344,60%,48.0115088290176%)"><small>+</small><span class="username" data-name="Sacri !!_!!">Sacri !!_!!</span>:</strong> <em>no</em></div><div class="chat chatmessage-ict"><strong style="color:hsl(281,40%,50.792432564636634%)"><small>+</small><span class="username" data-name="Ict">Ict</span>:</strong> <em>i fucking do</em></div><div class="chat chatmessage-omfuga"><strong style="color:hsl(319,50%,48.93417352725278%)"><small>+</small><span class="username" data-name="Omfuga">Omfuga</span>:</strong> <em>with a shitton of HP</em></div><div class="chat chatmessage-omfuga"><strong style="color:hsl(319,50%,48.93417352725278%)"><small>+</small><span class="username" data-name="Omfuga">Omfuga</span>:</strong> <em>idr </em></div><div class="chat chatmessage-ict"><strong style="color:hsl(281,40%,50.792432564636634%)"><small>+</small><span class="username" data-name="Ict">Ict</span>:</strong> <em>i always fucking do</em></div><div class="spacer battle-history"><br></div><div class="battle-history">Aerodactyl used <strong>Wing Attack</strong>!<br></div><div class="battle-history"><small>(The opposing Absol lost <abbr title="−81/271">29.9%</abbr> of its health!)</small><br></div><div class="spacer battle-history"><br></div><div class="battle-history">The opposing Absol fainted!<br></div><div class="chat chatmessage-sacri"><strong style="color:hsl(344,60%,48.0115088290176%)"><small>+</small><span class="username" data-name="Sacri !!_!!">Sacri !!_!!</span>:</strong> <em>i always sucker if i have it</em></div><div class="chat chatmessage-ict"><strong style="color:hsl(281,40%,50.792432564636634%)"><small>+</small><span class="username" data-name="Ict">Ict</span>:</strong> <em>i lost</em></div><div class="chat chatmessage-omfuga"><strong style="color:hsl(319,50%,48.93417352725278%)"><small>+</small><span class="username" data-name="Omfuga">Omfuga</span>:</strong> <em>i'd have suckered too</em></div><div class="chat chatmessage-omfuga"><strong style="color:hsl(319,50%,48.93417352725278%)"><small>+</small><span class="username" data-name="Omfuga">Omfuga</span>:</strong> <em>only cuz</em></div><div class="chat chatmessage-ict"><strong style="color:hsl(281,40%,50.792432564636634%)"><small>+</small><span class="username" data-name="Ict">Ict</span>:</strong> <em>haha</em></div><div class="chat chatmessage-omfuga"><strong style="color:hsl(319,50%,48.93417352725278%)"><small>+</small><span class="username" data-name="Omfuga">Omfuga</span>:</strong> <em>if u lose 50/50</em></div><div class="chat chatmessage-omfuga"><strong style="color:hsl(319,50%,48.93417352725278%)"><small>+</small><span class="username" data-name="Omfuga">Omfuga</span>:</strong> <em>u can win</em></div><div class="spacer battle-history"><br></div><div class="battle-history">anime character sent out <strong>Crobat</strong>!<br></div><div class="battle-history"><small>Pointed stones dug into the opposing Crobat!</small><br></div><div class="spacer battle-history"><br></div><h2 class="battle-history">Turn 76</h2><div class="chat chatmessage-omfuga"><strong style="color:hsl(319,50%,48.93417352725278%)"><small>+</small><span class="username" data-name="Omfuga">Omfuga</span>:</strong> <em>with crit or w.e</em></div><div class="chat chatmessage-omfuga"><strong style="color:hsl(319,50%,48.93417352725278%)"><small>+</small><span class="username" data-name="Omfuga">Omfuga</span>:</strong> <em>lmfao what if its</em></div><div class="chat chatmessage-omfuga"><strong style="color:hsl(319,50%,48.93417352725278%)"><small>+</small><span class="username" data-name="Omfuga">Omfuga</span>:</strong> <em>not roost</em></div><div class="chat chatmessage-omfuga"><strong style="color:hsl(319,50%,48.93417352725278%)"><small>+</small><span class="username" data-name="Omfuga">Omfuga</span>:</strong> <em>hahah</em></div><div class="chat chatmessage-sacri"><strong style="color:hsl(344,60%,48.0115088290176%)"><small>+</small><span class="username" data-name="Sacri !!_!!">Sacri !!_!!</span>:</strong> <em>pretty sure it is</em></div><div class="chat chatmessage-sacri"><strong style="color:hsl(344,60%,48.0115088290176%)"><small>+</small><span class="username" data-name="Sacri !!_!!">Sacri !!_!!</span>:</strong> <em>no roost</em></div><div class="chat chatmessage-sacri"><strong style="color:hsl(344,60%,48.0115088290176%)"><small>+</small><span class="username" data-name="Sacri !!_!!">Sacri !!_!!</span>:</strong> <em>cant tell for sure</em></div><div class="spacer battle-history"><br></div><div class="battle-history">Aerodactyl used <strong>Stone Edge</strong>!<br></div><div class="battle-history"><small>It's super effective!</small><br></div><div class="battle-history"><small>(The opposing Crobat lost <abbr title="−178/373">47.7%</abbr> of its health!)</small><br></div><div class="spacer battle-history"><br></div><div class="battle-history">The opposing Crobat fainted!<br></div><div class="spacer battle-history"><br></div><div class="battle-history"><strong>J0RIS</strong> won the battle!<br></div></div><div class="inner-preempt"></div></div></div>
</div>
<script>
let daily = Math.floor(Date.now()/1000/60/60/24);document.write('<script src="https://play.pokemonshowdown.com/js/replay-embed.js?version'+daily+'"></'+'script>');
</script>
