<!DOCTYPE html>
<meta charset="utf-8" />
<!-- version 1 -->
<title>UU replay: JuicyJohnson vs. mdvdd</title>
<style>
html,body {font-family:Verdana, sans-serif;font-size:10pt;margin:0;padding:0;}body{padding:12px 0;} .battle-log {font-family:Verdana, sans-serif;font-size:10pt;} .battle-log-inline {border:1px solid #AAAAAA;background:#EEF2F5;color:black;max-width:640px;margin:0 auto 80px;padding-bottom:5px;} .battle-log .inner {padding:4px 8px 0px 8px;} .battle-log .inner-preempt {padding:0 8px 4px 8px;} .battle-log .inner-after {margin-top:0.5em;} .battle-log h2 {margin:0.5em -8px;padding:4px 8px;border:1px solid #AAAAAA;background:#E0E7EA;border-left:0;border-right:0;font-family:Verdana, sans-serif;font-size:13pt;} .battle-log .chat {vertical-align:middle;padding:3px 0 3px 0;font-size:8pt;} .battle-log .chat strong {color:#40576A;} .battle-log .chat em {padding:1px 4px 1px 3px;color:#000000;font-style:normal;} .chat.mine {background:rgba(0,0,0,0.05);margin-left:-8px;margin-right:-8px;padding-left:8px;padding-right:8px;} .spoiler {color:#BBBBBB;background:#BBBBBB;padding:0px 3px;} .spoiler:hover, .spoiler:active, .spoiler-shown {color:#000000;background:#E2E2E2;padding:0px 3px;} .spoiler a {color:#BBBBBB;} .spoiler:hover a, .spoiler:active a, .spoiler-shown a {color:#2288CC;} .chat code, .chat .spoiler:hover code, .chat .spoiler:active code, .chat .spoiler-shown code {border:1px solid #C0C0C0;background:#EEEEEE;color:black;padding:0 2px;} .chat .spoiler code {border:1px solid #CCCCCC;background:#CCCCCC;color:#CCCCCC;} .battle-log .rated {padding:3px 4px;} .battle-log .rated strong {color:white;background:#89A;padding:1px 4px;border-radius:4px;} .spacer {margin-top:0.5em;} .message-announce {background:#6688AA;color:white;padding:1px 4px 2px;} .message-announce a, .broadcast-green a, .broadcast-blue a, .broadcast-red a {color:#DDEEFF;} .broadcast-green {background-color:#559955;color:white;padding:2px 4px;} .broadcast-blue {background-color:#6688AA;color:white;padding:2px 4px;} .infobox {border:1px solid #6688AA;padding:2px 4px;} .infobox-limited {max-height:200px;overflow:auto;overflow-x:hidden;} .broadcast-red {background-color:#AA5544;color:white;padding:2px 4px;} .message-learn-canlearn {font-weight:bold;color:#228822;text-decoration:underline;} .message-learn-cannotlearn {font-weight:bold;color:#CC2222;text-decoration:underline;} .message-effect-weak {font-weight:bold;color:#CC2222;} .message-effect-resist {font-weight:bold;color:#6688AA;} .message-effect-immune {font-weight:bold;color:#666666;} .message-learn-list {margin-top:0;margin-bottom:0;} .message-throttle-notice, .message-error {color:#992222;} .message-overflow, .chat small.message-overflow {font-size:0pt;} .message-overflow::before {font-size:9pt;content:'...';} .subtle {color:#3A4A66;}
</style>
<div class="wrapper replay-wrapper" style="max-width:1180px;margin:0 auto">
<input type="hidden" name="replayid" value="uu-572957756" />
<div class="battle"></div><div class="battle-log"></div><div class="replay-controls"></div><div class="replay-controls-2"></div>
<h1 style="font-weight:normal;text-align:center"><strong>UU</strong><br /><a href="http://pokemonshowdown.com/users/juicyjohnson" class="subtle" target="_blank">JuicyJohnson</a> vs. <a href="http://pokemonshowdown.com/users/mdvdd" class="subtle" target="_blank">mdvdd</a></h1>
<script type="text/plain" class="battle-log-data">|j|JuicyJohnson
|j|mdvdd
|player|p1|JuicyJohnson|257
|player|p2|mdvdd|102
|gametype|singles
|gen|6
|tier|UU
|rated
|seed|39874,34231,33947,38540
|rule|Sleep Clause Mod: Limit one foe put to sleep
|rule|Species Clause: Limit one of each Pokémon
|rule|OHKO Clause: OHKO moves are banned
|rule|Moody Clause: Moody is banned
|rule|Evasion Moves Clause: Evasion moves are banned
|rule|Endless Battle Clause: Forcing endless battles is banned
|rule|HP Percentage Mod: HP is shown in percentages
|clearpoke
|poke|p1|Blastoise, F|item
|poke|p1|Sylveon, M|item
|poke|p1|Shuckle, F|item
|poke|p1|Doublade, F|item
|poke|p1|Krookodile, F|item
|poke|p1|Tornadus, M|item
|poke|p2|Swampert, M|item
|poke|p2|Hydreigon, M|item
|poke|p2|Klefki, F|item
|poke|p2|Suicune|item
|poke|p2|Lucario, F|item
|poke|p2|Darmanitan, F|item
|rule|Swagger Clause: Swagger is banned
|rule|Baton Pass Clause: Limit one Baton Passer, can't pass Spe and other stats simultaneously
|teampreview
|inactive|Battle timer is ON: inactive players will automatically lose when time's up. (requested by JuicyJohnson)
|choice|team 3, team 2, team 1, team 4, team 5, team 6|team 4, team 2, team 3, team 1, team 5, team 6
|
|start
|switch|p1a: Shuckle|Shuckle, F|241\/241
|switch|p2a: Suicune|Suicune|404\/404
|-ability|p2a: Suicune|Pressure
|turn|1
|choice|move stickyweb|move substitute
|
|move|p2a: Suicune|Substitute|p2a: Suicune
|-start|p2a: Suicune|Substitute
|-damage|p2a: Suicune|303\/404
|move|p1a: Shuckle|Sticky Web|p2a: Suicune
|-sidestart|p2: mdvdd|move: Sticky Web
|
|-heal|p2a: Suicune|328\/404|[from] item: Leftovers
|upkeep
|turn|2
|choice|move encore|move calmmind
|
|move|p2a: Suicune|Calm Mind|p2a: Suicune
|-boost|p2a: Suicune|spa|1
|-boost|p2a: Suicune|spd|1
|move|p1a: Shuckle|Encore|p2a: Suicune
|-start|p2a: Suicune|Encore
|
|-heal|p2a: Suicune|353\/404|[from] item: Leftovers
|upkeep
|turn|3
|choice|switch 2|move calmmind
|
|switch|p1a: Sylveon|Sylveon, M|331\/331
|move|p2a: Suicune|Calm Mind|p2a: Suicune
|-boost|p2a: Suicune|spa|1
|-boost|p2a: Suicune|spd|1
|
|-heal|p2a: Suicune|378\/404|[from] item: Leftovers
|upkeep
|turn|4
|choice|move calmmind|move calmmind
|
|move|p2a: Suicune|Calm Mind|p2a: Suicune
|-boost|p2a: Suicune|spa|1
|-boost|p2a: Suicune|spd|1
|move|p1a: Sylveon|Calm Mind|p1a: Sylveon
|-boost|p1a: Sylveon|spa|1
|-boost|p1a: Sylveon|spd|1
|
|-heal|p2a: Suicune|403\/404|[from] item: Leftovers
|upkeep
|turn|5
|choice|move calmmind|move calmmind
|
|move|p2a: Suicune|Calm Mind|p2a: Suicune
|-boost|p2a: Suicune|spa|1
|-boost|p2a: Suicune|spd|1
|move|p1a: Sylveon|Calm Mind|p1a: Sylveon
|-boost|p1a: Sylveon|spa|1
|-boost|p1a: Sylveon|spd|1
|
|-heal|p2a: Suicune|404\/404|[from] item: Leftovers
|-end|p2a: Suicune|Encore
|upkeep
|turn|6
|choice|move psyshock|move calmmind
|
|move|p2a: Suicune|Calm Mind|p2a: Suicune
|-boost|p2a: Suicune|spa|1
|-boost|p2a: Suicune|spd|1
|move|p1a: Sylveon|Psyshock|p2a: Suicune
|-end|p2a: Suicune|Substitute
|
|upkeep
|turn|7
|choice|move psyshock|move scald
|
|move|p2a: Suicune|Scald|p1a: Sylveon
|-damage|p1a: Sylveon|217\/331
|move|p1a: Sylveon|Psyshock|p2a: Suicune
|-damage|p2a: Suicune|287\/404
|
|-heal|p2a: Suicune|312\/404|[from] item: Leftovers
|upkeep
|turn|8
|choice|move hypervoice|move scald
|
|move|p2a: Suicune|Scald|p1a: Sylveon
|-damage|p1a: Sylveon|100\/331
|move|p1a: Sylveon|Hyper Voice|p2a: Suicune
|-damage|p2a: Suicune|200\/404
|
|-heal|p2a: Suicune|225\/404|[from] item: Leftovers
|upkeep
|turn|9
|choice|move psyshock|move protect
|
|move|p2a: Suicune|Protect|p2a: Suicune
|-singleturn|p2a: Suicune|Protect
|move|p1a: Sylveon|Psyshock|p2a: Suicune
|-activate|p2a: Suicune|move: Protect
|
|-heal|p2a: Suicune|250\/404|[from] item: Leftovers
|upkeep
|turn|10
|choice|move hypervoice|move scald
|
|move|p2a: Suicune|Scald|p1a: Sylveon
|-damage|p1a: Sylveon|0 fnt
|faint|p1a: Sylveon
|
|-heal|p2a: Suicune|275\/404|[from] item: Leftovers
|upkeep
|choice|switch 2|
|
|switch|p1a: Shuckle|Shuckle, F|241\/241
|turn|11
|choice|move toxic|move scald
|
|move|p2a: Suicune|Scald|p1a: Shuckle
|-supereffective|p1a: Shuckle
|-ability|p1a: Shuckle|Sturdy
|-damage|p1a: Shuckle|1\/241
|move|p1a: Shuckle|Toxic|p2a: Suicune|[miss]
|-miss|p1a: Shuckle|p2a: Suicune
|
|-heal|p2a: Suicune|300\/404|[from] item: Leftovers
|upkeep
|turn|12
|choice|move toxic|move scald
|-enditem|p1a: Shuckle|Custap Berry|[eat]
|-activate|p1a: Shuckle|item: Custap Berry
|
|move|p1a: Shuckle|Toxic|p2a: Suicune
|-status|p2a: Suicune|tox
|move|p2a: Suicune|Scald|p1a: Shuckle
|-supereffective|p1a: Shuckle
|-crit|p1a: Shuckle
|-damage|p1a: Shuckle|0 fnt
|faint|p1a: Shuckle
|
|-heal|p2a: Suicune|325\/404 tox|[from] item: Leftovers
|-damage|p2a: Suicune|300\/404 tox|[from] psn
|upkeep
|choice|switch 5|
|
|switch|p1a: Krookodile|Krookodile, F|331\/331
|turn|13
|choice|move knockoff|move scald
|
|move|p1a: Krookodile|Knock Off|p2a: Suicune
|-damage|p2a: Suicune|179\/404 tox
|-enditem|p2a: Suicune|Leftovers|[from] move: Knock Off|[of] p1a: Krookodile
|move|p2a: Suicune|Scald|p1a: Krookodile
|-supereffective|p1a: Krookodile
|-damage|p1a: Krookodile|0 fnt
|faint|p1a: Krookodile
|
|-damage|p2a: Suicune|129\/404 tox|[from] psn
|upkeep
|choice|switch 4|
|
|switch|p1a: Doublade|Doublade, F|319\/319
|turn|14
|choice|move swordsdance|move scald
|
|move|p2a: Suicune|Scald|p1a: Doublade
|-damage|p1a: Doublade|0 fnt
|faint|p1a: Doublade
|
|-damage|p2a: Suicune|54\/404 tox|[from] psn
|upkeep
|choice|switch 6|
|
|switch|p1a: Tornadus|Tornadus, M|299\/299
|turn|15
|choice|move grassknot|move scald
|
|move|p1a: Tornadus|Grass Knot|p2a: Suicune
|-supereffective|p2a: Suicune
|-damage|p2a: Suicune|0 fnt
|-damage|p1a: Tornadus|270\/299|[from] item: Life Orb
|faint|p2a: Suicune
|
|upkeep
|choice||switch 3
|
|switch|p2a: Klefki|Klefki, F|318\/318
|-activate|p2a: Klefki|move: Sticky Web
|-unboost|p2a: Klefki|spe|1
|turn|16
|choice|move heatwave|move thunderwave
|
|move|p2a: Klefki|Thunder Wave|p1a: Tornadus
|-status|p1a: Tornadus|par
|cant|p1a: Tornadus|par
|
|upkeep
|turn|17
|choice|move heatwave|move dazzlinggleam
|
|move|p2a: Klefki|Dazzling Gleam|p1a: Tornadus
|-damage|p1a: Tornadus|179\/299 par
|move|p1a: Tornadus|Heat Wave|p2a: Klefki
|-supereffective|p2a: Klefki
|-crit|p2a: Klefki
|-damage|p2a: Klefki|0 fnt
|-damage|p1a: Tornadus|150\/299 par|[from] item: Life Orb
|faint|p2a: Klefki
|
|upkeep
|choice||switch 2
|
|switch|p2a: Hydreigon|Hydreigon, M|325\/325
|turn|18
|choice|move hurricane|move darkpulse
|
|move|p2a: Hydreigon|Dark Pulse|p1a: Tornadus
|-crit|p1a: Tornadus
|-damage|p1a: Tornadus|0 fnt
|faint|p1a: Tornadus
|
|upkeep
|choice|switch 3|
|
|switch|p1a: Blastoise|Blastoise, F|299\/299
|turn|19
|choice|move icebeam mega|switch 6
|
|switch|p2a: Darmanitan|Darmanitan, F|351\/351
|-activate|p2a: Darmanitan|move: Sticky Web
|-unboost|p2a: Darmanitan|spe|1
|detailschange|p1a: Blastoise|Blastoise-Mega, F
|-mega|p1a: Blastoise|Blastoise|Blastoisinite
|move|p1a: Blastoise|Ice Beam|p2a: Darmanitan
|-resisted|p2a: Darmanitan
|-damage|p2a: Darmanitan|255\/351
|
|upkeep
|turn|20
|choice|move scald|move earthquake
|
|move|p2a: Darmanitan|Earthquake|p1a: Blastoise
|-damage|p1a: Blastoise|201\/299
|move|p1a: Blastoise|Scald|p2a: Darmanitan
|-supereffective|p2a: Darmanitan
|-damage|p2a: Darmanitan|0 fnt
|faint|p2a: Darmanitan
|
|upkeep
|choice||switch 6
|
|switch|p2a: Hydreigon|Hydreigon, M|325\/325
|turn|21
|choice|move icebeam|move dracometeor
|
|move|p2a: Hydreigon|Draco Meteor|p1a: Blastoise
|-damage|p1a: Blastoise|0 fnt
|-unboost|p2a: Hydreigon|spa|2
|faint|p1a: Blastoise
|
|win|mdvdd
|l|JuicyJohnson
|c|☆mdvdd|gg</script>
</div>
<div class="battle-log battle-log-inline"><div class="inner"><div class="battle-options"></div><div class="inner"><div class="chat"><small>JuicyJohnson joined.</small></div><div class="chat"><small>mdvdd joined.</small></div><div class=""><small>Format:</small> <br><strong>UU</strong></div><div class="rated"><strong>Rated battle</strong></div><div class=""><small><em>Sleep Clause Mod:</em> Limit one foe put to sleep</small></div><div class=""><small><em>Species Clause:</em> Limit one of each Pokémon</small></div><div class=""><small><em>OHKO Clause:</em> OHKO moves are banned</small></div><div class=""><small><em>Moody Clause:</em> Moody is banned</small></div><div class=""><small><em>Evasion Moves Clause:</em> Evasion moves are banned</small></div><div class=""><small><em>Endless Battle Clause:</em> Forcing endless battles is banned</small></div><div class=""><small><em>HP Percentage Mod:</em> HP is shown in percentages</small></div><div class=""><small><em>Swagger Clause:</em> Swagger is banned</small></div><div class=""><small><em>Baton Pass Clause:</em> Limit one Baton Passer, can't pass Spe and other stats simultaneously</small></div><div class="chat battle-history"><strong>JuicyJohnson's team:</strong> <em style="color:#445566;display:block;">Blastoise / Sylveon / Shuckle / Doublade / Krookodile / Tornadus</em></div><div class="chat battle-history"><strong>mdvdd's team:</strong> <em style="color:#445566;display:block;">Swampert / Hydreigon / Klefki / Suicune / Lucario / Darmanitan</em></div><div class="chat message-error">Battle timer is ON: inactive players will automatically lose when time's up. (requested by JuicyJohnson)</div><div class="spacer battle-history"><br></div><div class="battle-history">Battle started between JuicyJohnson and mdvdd!<br></div><div class="spacer battle-history"><br></div><div class="battle-history">Go! <strong>Shuckle</strong>!<br></div><div class="spacer battle-history"><br></div><div class="battle-history">mdvdd sent out <strong>Suicune</strong>!<br></div><div class="battle-history"><small>[The opposing Suicune's Pressure]</small><br><small>The opposing Suicune is exerting its pressure!</small><br></div><div class="spacer battle-history"><br></div><h2 class="battle-history">Turn 1</h2><div class="spacer battle-history"><br></div><div class="battle-history">The opposing Suicune used <strong>Substitute</strong>!<br></div><div class="battle-history"><small>The opposing Suicune put in a substitute!</small><br></div><div class="battle-history"><small>(The opposing Suicune lost <abbr title="−101/404">25%</abbr> of its health!)</small><br></div><div class="spacer battle-history"><br></div><div class="battle-history">Shuckle used <strong>Sticky Web</strong>!<br></div><div class="battle-history"><small>A sticky web spreads out on the ground around the opposing team!</small><br></div><div class="spacer battle-history"><br></div><div class="battle-history"><small>The opposing Suicune restored a little HP using its Leftovers!</small><br></div><div class="spacer battle-history"><br></div><h2 class="battle-history">Turn 2</h2><div class="spacer battle-history"><br></div><div class="battle-history">The opposing Suicune used <strong>Calm Mind</strong>!<br></div><div class="battle-history"><small>The opposing Suicune's Special Attack rose!</small><br></div><div class="battle-history"><small>The opposing Suicune's Special Defense rose!</small><br></div><div class="spacer battle-history"><br></div><div class="battle-history">Shuckle used <strong>Encore</strong>!<br></div><div class="battle-history"><small>The opposing Suicune received an encore!</small><br></div><div class="spacer battle-history"><br></div><div class="battle-history"><small>The opposing Suicune restored a little HP using its Leftovers!</small><br></div><div class="spacer battle-history"><br></div><h2 class="battle-history">Turn 3</h2><div class="spacer battle-history"><br></div><div class="battle-history">Shuckle, come back!<br></div><div class="battle-history">Go! <strong>Sylveon</strong>!<br></div><div class="spacer battle-history"><br></div><div class="battle-history">The opposing Suicune used <strong>Calm Mind</strong>!<br></div><div class="battle-history"><small>The opposing Suicune's Special Attack rose!</small><br></div><div class="battle-history"><small>The opposing Suicune's Special Defense rose!</small><br></div><div class="spacer battle-history"><br></div><div class="battle-history"><small>The opposing Suicune restored a little HP using its Leftovers!</small><br></div><div class="spacer battle-history"><br></div><h2 class="battle-history">Turn 4</h2><div class="spacer battle-history"><br></div><div class="battle-history">The opposing Suicune used <strong>Calm Mind</strong>!<br></div><div class="battle-history"><small>The opposing Suicune's Special Attack rose!</small><br></div><div class="battle-history"><small>The opposing Suicune's Special Defense rose!</small><br></div><div class="spacer battle-history"><br></div><div class="battle-history">Sylveon used <strong>Calm Mind</strong>!<br></div><div class="battle-history"><small>Sylveon's Special Attack rose!</small><br></div><div class="battle-history"><small>Sylveon's Special Defense rose!</small><br></div><div class="spacer battle-history"><br></div><div class="battle-history"><small>The opposing Suicune restored a little HP using its Leftovers!</small><br></div><div class="spacer battle-history"><br></div><h2 class="battle-history">Turn 5</h2><div class="spacer battle-history"><br></div><div class="battle-history">The opposing Suicune used <strong>Calm Mind</strong>!<br></div><div class="battle-history"><small>The opposing Suicune's Special Attack rose!</small><br></div><div class="battle-history"><small>The opposing Suicune's Special Defense rose!</small><br></div><div class="spacer battle-history"><br></div><div class="battle-history">Sylveon used <strong>Calm Mind</strong>!<br></div><div class="battle-history"><small>Sylveon's Special Attack rose!</small><br></div><div class="battle-history"><small>Sylveon's Special Defense rose!</small><br></div><div class="spacer battle-history"><br></div><div class="battle-history"><small>The opposing Suicune restored a little HP using its Leftovers!</small><br></div><div class="battle-history"><small>The opposing Suicune's encore ended!</small><br></div><div class="spacer battle-history"><br></div><h2 class="battle-history">Turn 6</h2><div class="spacer battle-history"><br></div><div class="battle-history">The opposing Suicune used <strong>Calm Mind</strong>!<br></div><div class="battle-history"><small>The opposing Suicune's Special Attack rose!</small><br></div><div class="battle-history"><small>The opposing Suicune's Special Defense rose!</small><br></div><div class="spacer battle-history"><br></div><div class="battle-history">Sylveon used <strong>Psyshock</strong>!<br></div><div class="battle-history"><small>The opposing Suicune's substitute faded!</small><br></div><div class="spacer battle-history"><br></div><h2 class="battle-history">Turn 7</h2><div class="spacer battle-history"><br></div><div class="battle-history">The opposing Suicune used <strong>Scald</strong>!<br></div><div class="battle-history"><small>(Sylveon lost <abbr title="−114/331">34.4%</abbr> of its health!)</small><br></div><div class="spacer battle-history"><br></div><div class="battle-history">Sylveon used <strong>Psyshock</strong>!<br></div><div class="battle-history"><small>(The opposing Suicune lost <abbr title="−117/404">29.0%</abbr> of its health!)</small><br></div><div class="spacer battle-history"><br></div><div class="battle-history"><small>The opposing Suicune restored a little HP using its Leftovers!</small><br></div><div class="spacer battle-history"><br></div><h2 class="battle-history">Turn 8</h2><div class="spacer battle-history"><br></div><div class="battle-history">The opposing Suicune used <strong>Scald</strong>!<br></div><div class="battle-history"><small>(Sylveon lost <abbr title="−117/331">35.3%</abbr> of its health!)</small><br></div><div class="spacer battle-history"><br></div><div class="battle-history">Sylveon used <strong>Hyper Voice</strong>!<br></div><div class="battle-history"><small>(The opposing Suicune lost <abbr title="−112/404">27.7%</abbr> of its health!)</small><br></div><div class="spacer battle-history"><br></div><div class="battle-history"><small>The opposing Suicune restored a little HP using its Leftovers!</small><br></div><div class="spacer battle-history"><br></div><h2 class="battle-history">Turn 9</h2><div class="spacer battle-history"><br></div><div class="battle-history">The opposing Suicune used <strong>Protect</strong>!<br></div><div class="battle-history"><small>The opposing Suicune protected itself!</small><br></div><div class="spacer battle-history"><br></div><div class="battle-history">Sylveon used <strong>Psyshock</strong>!<br></div><div class="battle-history"><small>The opposing Suicune protected itself!</small><br></div><div class="spacer battle-history"><br></div><div class="battle-history"><small>The opposing Suicune restored a little HP using its Leftovers!</small><br></div><div class="spacer battle-history"><br></div><h2 class="battle-history">Turn 10</h2><div class="spacer battle-history"><br></div><div class="battle-history">The opposing Suicune used <strong>Scald</strong>!<br></div><div class="battle-history"><small>(Sylveon lost <abbr title="−100/331">30.2%</abbr> of its health!)</small><br></div><div class="spacer battle-history"><br></div><div class="battle-history">Sylveon fainted!<br></div><div class="spacer battle-history"><br></div><div class="battle-history"><small>The opposing Suicune restored a little HP using its Leftovers!</small><br></div><div class="spacer battle-history"><br></div><div class="battle-history">Go! <strong>Shuckle</strong>!<br></div><div class="spacer battle-history"><br></div><h2 class="battle-history">Turn 11</h2><div class="spacer battle-history"><br></div><div class="battle-history">The opposing Suicune used <strong>Scald</strong>!<br></div><div class="battle-history"><small>It's super effective!</small><br></div><div class="battle-history"><small>[Shuckle's Sturdy]</small><br><small>Shuckle endured the hit!</small><br></div><div class="battle-history"><small>(Shuckle lost <abbr title="−240/241">99.6%</abbr> of its health!)</small><br></div><div class="spacer battle-history"><br></div><div class="battle-history">Shuckle used <strong>Toxic</strong>!<br></div><div class="battle-history"><small>The opposing Suicune avoided the attack!</small><br></div><div class="spacer battle-history"><br></div><div class="battle-history"><small>The opposing Suicune restored a little HP using its Leftovers!</small><br></div><div class="spacer battle-history"><br></div><h2 class="battle-history">Turn 12</h2><div class="spacer battle-history"><br></div><div class="battle-history"><small>Shuckle ate its Custap Berry!</small><br></div><div class="battle-history"><small>Shuckle's Custap Berry let it move first!</small><br></div><div class="spacer battle-history"><br></div><div class="battle-history">Shuckle used <strong>Toxic</strong>!<br></div><div class="battle-history"><small>The opposing Suicune was badly poisoned!</small><br></div><div class="spacer battle-history"><br></div><div class="battle-history">The opposing Suicune used <strong>Scald</strong>!<br></div><div class="battle-history"><small>It's super effective!</small><br></div><div class="battle-history"><small>A critical hit!</small><br></div><div class="battle-history"><small>(Shuckle lost <abbr title="−1/241">0.4%</abbr> of its health!)</small><br></div><div class="spacer battle-history"><br></div><div class="battle-history">Shuckle fainted!<br></div><div class="spacer battle-history"><br></div><div class="battle-history"><small>The opposing Suicune restored a little HP using its Leftovers!</small><br></div><div class="battle-history"><small>The opposing Suicune was hurt by poison!</small><br></div><div class="spacer battle-history"><br></div><div class="battle-history">Go! <strong>Krookodile</strong>!<br></div><div class="spacer battle-history"><br></div><h2 class="battle-history">Turn 13</h2><div class="spacer battle-history"><br></div><div class="battle-history">Krookodile used <strong>Knock Off</strong>!<br></div><div class="battle-history"><small>(The opposing Suicune lost <abbr title="−121/404">30.0%</abbr> of its health!)</small><br></div><div class="battle-history"><small>Krookodile knocked off the opposing Suicune's Leftovers!</small><br></div><div class="spacer battle-history"><br></div><div class="battle-history">The opposing Suicune used <strong>Scald</strong>!<br></div><div class="battle-history"><small>It's super effective!</small><br></div><div class="battle-history"><small>(Krookodile lost <abbr title="−331/331">100%</abbr> of its health!)</small><br></div><div class="spacer battle-history"><br></div><div class="battle-history">Krookodile fainted!<br></div><div class="spacer battle-history"><br></div><div class="battle-history"><small>The opposing Suicune was hurt by poison!</small><br></div><div class="spacer battle-history"><br></div><div class="battle-history">Go! <strong>Doublade</strong>!<br></div><div class="spacer battle-history"><br></div><h2 class="battle-history">Turn 14</h2><div class="spacer battle-history"><br></div><div class="battle-history">The opposing Suicune used <strong>Scald</strong>!<br></div><div class="battle-history"><small>(Doublade lost <abbr title="−319/319">100%</abbr> of its health!)</small><br></div><div class="spacer battle-history"><br></div><div class="battle-history">Doublade fainted!<br></div><div class="spacer battle-history"><br></div><div class="battle-history"><small>The opposing Suicune was hurt by poison!</small><br></div><div class="spacer battle-history"><br></div><div class="battle-history">Go! <strong>Tornadus</strong>!<br></div><div class="spacer battle-history"><br></div><h2 class="battle-history">Turn 15</h2><div class="spacer battle-history"><br></div><div class="battle-history">Tornadus used <strong>Grass Knot</strong>!<br></div><div class="battle-history"><small>It's super effective!</small><br></div><div class="battle-history"><small>(The opposing Suicune lost <abbr title="−54/404">13.4%</abbr> of its health!)</small><br></div><div class="battle-history"><small>Tornadus lost some of its HP!</small><br></div><div class="spacer battle-history"><br></div><div class="battle-history">The opposing Suicune fainted!<br></div><div class="spacer battle-history"><br></div><div class="battle-history">mdvdd sent out <strong>Klefki</strong>!<br></div><div class="battle-history"><small>The opposing Klefki was caught in a sticky web!</small><br></div><div class="battle-history"><small>The opposing Klefki's Speed fell!</small><br></div><div class="spacer battle-history"><br></div><h2 class="battle-history">Turn 16</h2><div class="spacer battle-history"><br></div><div class="battle-history">The opposing Klefki used <strong>Thunder Wave</strong>!<br></div><div class="battle-history"><small>Tornadus is paralyzed! It may be unable to move!</small><br></div><div class="spacer battle-history"><br></div><div class="battle-history">Tornadus is paralyzed! It can't move!<br></div><div class="spacer battle-history"><br></div><h2 class="battle-history">Turn 17</h2><div class="spacer battle-history"><br></div><div class="battle-history">The opposing Klefki used <strong>Dazzling Gleam</strong>!<br></div><div class="battle-history"><small>(Tornadus lost <abbr title="−91/299">30.4%</abbr> of its health!)</small><br></div><div class="spacer battle-history"><br></div><div class="battle-history">Tornadus used <strong>Heat Wave</strong>!<br></div><div class="battle-history"><small>It's super effective!</small><br></div><div class="battle-history"><small>A critical hit!</small><br></div><div class="battle-history"><small>(The opposing Klefki lost <abbr title="−318/318">100%</abbr> of its health!)</small><br></div><div class="battle-history"><small>Tornadus lost some of its HP!</small><br></div><div class="spacer battle-history"><br></div><div class="battle-history">The opposing Klefki fainted!<br></div><div class="spacer battle-history"><br></div><div class="battle-history">mdvdd sent out <strong>Hydreigon</strong>!<br></div><div class="spacer battle-history"><br></div><h2 class="battle-history">Turn 18</h2><div class="spacer battle-history"><br></div><div class="battle-history">The opposing Hydreigon used <strong>Dark Pulse</strong>!<br></div><div class="battle-history"><small>A critical hit!</small><br></div><div class="battle-history"><small>(Tornadus lost <abbr title="−150/299">50.2%</abbr> of its health!)</small><br></div><div class="spacer battle-history"><br></div><div class="battle-history">Tornadus fainted!<br></div><div class="spacer battle-history"><br></div><div class="battle-history">Go! <strong>Blastoise</strong>!<br></div><div class="spacer battle-history"><br></div><h2 class="battle-history">Turn 19</h2><div class="spacer battle-history"><br></div><div class="battle-history">mdvdd withdrew Hydreigon!<br></div><div class="battle-history">mdvdd sent out <strong>Darmanitan</strong>!<br></div><div class="battle-history"><small>The opposing Darmanitan was caught in a sticky web!</small><br></div><div class="battle-history"><small>The opposing Darmanitan's Speed fell!</small><br></div><div class="spacer battle-history"><br></div><div class="battle-history"><small>Blastoise's Blastoisinite is reacting to JuicyJohnson's Mega Bracelet!</small><br>Blastoise has Mega Evolved into Mega Blastoise!<br></div><div class="spacer battle-history"><br></div><div class="battle-history">Blastoise used <strong>Ice Beam</strong>!<br></div><div class="battle-history"><small>It's not very effective...</small><br></div><div class="battle-history"><small>(The opposing Darmanitan lost <abbr title="−96/351">27.4%</abbr> of its health!)</small><br></div><div class="spacer battle-history"><br></div><h2 class="battle-history">Turn 20</h2><div class="spacer battle-history"><br></div><div class="battle-history">The opposing Darmanitan used <strong>Earthquake</strong>!<br></div><div class="battle-history"><small>(Blastoise lost <abbr title="−98/299">32.8%</abbr> of its health!)</small><br></div><div class="spacer battle-history"><br></div><div class="battle-history">Blastoise used <strong>Scald</strong>!<br></div><div class="battle-history"><small>It's super effective!</small><br></div><div class="battle-history"><small>(The opposing Darmanitan lost <abbr title="−255/351">72.6%</abbr> of its health!)</small><br></div><div class="spacer battle-history"><br></div><div class="battle-history">The opposing Darmanitan fainted!<br></div><div class="spacer battle-history"><br></div><div class="battle-history">mdvdd sent out <strong>Hydreigon</strong>!<br></div><div class="spacer battle-history"><br></div><h2 class="battle-history">Turn 21</h2><div class="spacer battle-history"><br></div><div class="battle-history">The opposing Hydreigon used <strong>Draco Meteor</strong>!<br></div><div class="battle-history"><small>(Blastoise lost <abbr title="−201/299">67.2%</abbr> of its health!)</small><br></div><div class="battle-history"><small>The opposing Hydreigon's Special Attack fell harshly!</small><br></div><div class="spacer battle-history"><br></div><div class="battle-history">Blastoise fainted!<br></div><div class="spacer battle-history"><br></div><div class="battle-history"><strong>mdvdd</strong> won the battle!<br></div><div class="chat"><small>JuicyJohnson left.</small></div><div class="chat chatmessage-mdvdd"><strong style="color:hsl(288,72%,45%)"><small>☆</small><span class="username" data-name="mdvdd">mdvdd</span>:</strong> <em>gg</em></div></div><div class="inner-preempt"></div></div></div>
</div>
<script>
let daily = Math.floor(Date.now()/1000/60/60/24);document.write('<script src="https://play.pokemonshowdown.com/js/replay-embed.js?version'+daily+'"></'+'script>');
</script>
