<!DOCTYPE html>
<meta charset="utf-8" />
<!-- version 1 -->
<title>UU replay: hanabarino vs. Parnstar</title>
<style>
html,body {font-family:Verdana, sans-serif;font-size:10pt;margin:0;padding:0;}body{padding:12px 0;} .battle-log {font-family:Verdana, sans-serif;font-size:10pt;} .battle-log-inline {border:1px solid #AAAAAA;background:#EEF2F5;color:black;max-width:640px;margin:0 auto 80px;padding-bottom:5px;} .battle-log .inner {padding:4px 8px 0px 8px;} .battle-log .inner-preempt {padding:0 8px 4px 8px;} .battle-log .inner-after {margin-top:0.5em;} .battle-log h2 {margin:0.5em -8px;padding:4px 8px;border:1px solid #AAAAAA;background:#E0E7EA;border-left:0;border-right:0;font-family:Verdana, sans-serif;font-size:13pt;} .battle-log .chat {vertical-align:middle;padding:3px 0 3px 0;font-size:8pt;} .battle-log .chat strong {color:#40576A;} .battle-log .chat em {padding:1px 4px 1px 3px;color:#000000;font-style:normal;} .chat.mine {background:rgba(0,0,0,0.05);margin-left:-8px;margin-right:-8px;padding-left:8px;padding-right:8px;} .spoiler {color:#BBBBBB;background:#BBBBBB;padding:0px 3px;} .spoiler:hover, .spoiler:active, .spoiler-shown {color:#000000;background:#E2E2E2;padding:0px 3px;} .spoiler a {color:#BBBBBB;} .spoiler:hover a, .spoiler:active a, .spoiler-shown a {color:#2288CC;} .chat code, .chat .spoiler:hover code, .chat .spoiler:active code, .chat .spoiler-shown code {border:1px solid #C0C0C0;background:#EEEEEE;color:black;padding:0 2px;} .chat .spoiler code {border:1px solid #CCCCCC;background:#CCCCCC;color:#CCCCCC;} .battle-log .rated {padding:3px 4px;} .battle-log .rated strong {color:white;background:#89A;padding:1px 4px;border-radius:4px;} .spacer {margin-top:0.5em;} .message-announce {background:#6688AA;color:white;padding:1px 4px 2px;} .message-announce a, .broadcast-green a, .broadcast-blue a, .broadcast-red a {color:#DDEEFF;} .broadcast-green {background-color:#559955;color:white;padding:2px 4px;} .broadcast-blue {background-color:#6688AA;color:white;padding:2px 4px;} .infobox {border:1px solid #6688AA;padding:2px 4px;} .infobox-limited {max-height:200px;overflow:auto;overflow-x:hidden;} .broadcast-red {background-color:#AA5544;color:white;padding:2px 4px;} .message-learn-canlearn {font-weight:bold;color:#228822;text-decoration:underline;} .message-learn-cannotlearn {font-weight:bold;color:#CC2222;text-decoration:underline;} .message-effect-weak {font-weight:bold;color:#CC2222;} .message-effect-resist {font-weight:bold;color:#6688AA;} .message-effect-immune {font-weight:bold;color:#666666;} .message-learn-list {margin-top:0;margin-bottom:0;} .message-throttle-notice, .message-error {color:#992222;} .message-overflow, .chat small.message-overflow {font-size:0pt;} .message-overflow::before {font-size:9pt;content:'...';} .subtle {color:#3A4A66;}
</style>
<div class="wrapper replay-wrapper" style="max-width:1180px;margin:0 auto">
<input type="hidden" name="replayid" value="uu-538356920" />
<div class="battle"></div><div class="battle-log"></div><div class="replay-controls"></div><div class="replay-controls-2"></div>
<h1 style="font-weight:normal;text-align:center"><strong>UU</strong><br /><a href="http://pokemonshowdown.com/users/hanabarino" class="subtle" target="_blank">hanabarino</a> vs. <a href="http://pokemonshowdown.com/users/parnstar" class="subtle" target="_blank">Parnstar</a></h1>
<script type="text/plain" class="battle-log-data">|j|hanabarino
|j|Parnstar
|player|p1|hanabarino|102
|player|p2|Parnstar|24
|gametype|singles
|gen|6
|tier|UU
|rated
|seed|12536,21779,6827,2382
|rule|Sleep Clause Mod: Limit one foe put to sleep
|rule|Species Clause: Limit one of each Pokémon
|rule|OHKO Clause: OHKO moves are banned
|rule|Moody Clause: Moody is banned
|rule|Evasion Moves Clause: Evasion moves are banned
|rule|Endless Battle Clause: Forcing endless battles is banned
|rule|HP Percentage Mod: HP is shown in percentages
|clearpoke
|poke|p1|Sylveon, F, shiny|item
|poke|p1|Cloyster, M|item
|poke|p1|Mandibuzz, F|item
|poke|p1|Machamp, M|item
|poke|p1|Klefki, F|item
|poke|p1|Tentacruel, M|item
|poke|p2|Conkeldurr, M, shiny|item
|poke|p2|Magneton, shiny|item
|poke|p2|Porygon-Z|item
|poke|p2|Whimsicott, M, shiny|item
|poke|p2|Entei, shiny|item
|poke|p2|Tentacruel, F|item
|rule|Swagger Clause: Swagger is banned
|rule|Baton Pass Clause: Limit one Baton Passer, can't pass Spe and other stats simultaneously
|teampreview
|choice|team 4, team 2, team 3, team 1, team 5, team 6|team 2, team 1, team 3, team 4, team 5, team 6
|
|start
|switch|p1a: Machamp|Machamp, M|383\/383
|switch|p2a: Alpha|Magneton, shiny|303\/303
|turn|1
|choice|move dynamicpunch|move voltswitch
|
|move|p2a: Alpha|Volt Switch|p1a: Machamp
|-damage|p1a: Machamp|283\/383
|choice||switch 4
|
|switch|p2a: Presscott|Whimsicott, M, shiny|261\/261
|move|p1a: Machamp|Dynamic Punch|p2a: Presscott
|-resisted|p2a: Presscott
|-damage|p2a: Presscott|153\/261
|-start|p2a: Presscott|confusion
|
|upkeep
|turn|2
|choice|move stoneedge|move moonblast
|
|-activate|p2a: Presscott|confusion
|move|p2a: Presscott|Moonblast|p1a: Machamp
|-supereffective|p1a: Machamp
|-damage|p1a: Machamp|53\/383
|move|p1a: Machamp|Stone Edge|p2a: Presscott
|-damage|p2a: Presscott|13\/261
|
|upkeep
|turn|3
|choice|move dynamicpunch|move naturepower
|
|-activate|p2a: Presscott|confusion
|move|p2a: Presscott|Nature Power|p1a: Machamp
|move|p2a: Presscott|Tri Attack|p1a: Machamp|[from]Nature Power
|-crit|p1a: Machamp
|-damage|p1a: Machamp|0 fnt
|faint|p1a: Machamp
|
|upkeep
|choice|switch 4|
|
|switch|p1a: Sylveon|Sylveon, F, shiny|331\/331
|turn|4
|choice|move psyshock|move naturepower
|
|-end|p2a: Presscott|confusion
|move|p2a: Presscott|Nature Power|p1a: Sylveon
|move|p2a: Presscott|Tri Attack|p1a: Sylveon|[from]Nature Power
|-damage|p1a: Sylveon|273\/331
|-status|p1a: Sylveon|par
|cant|p1a: Sylveon|par
|
|upkeep
|turn|5
|choice|move hypervoice|move moonblast
|
|move|p2a: Presscott|Moonblast|p1a: Sylveon
|-damage|p1a: Sylveon|153\/331 par
|move|p1a: Sylveon|Hyper Voice|p2a: Presscott
|-damage|p2a: Presscott|0 fnt
|faint|p2a: Presscott
|
|upkeep
|choice||switch 2
|
|switch|p2a: Mandingo|Conkeldurr, M, shiny|414\/414
|turn|6
|j|FreewayFlyer
|l|FreewayFlyer
|choice|switch 6|move poisonjab
|
|switch|p1a: Tentacruel|Tentacruel, M|364\/364
|move|p2a: Mandingo|Poison Jab|p1a: Tentacruel
|-resisted|p1a: Tentacruel
|-damage|p1a: Tentacruel|309\/364
|
|-heal|p1a: Tentacruel|331\/364|[from] item: Black Sludge
|-status|p2a: Mandingo|brn|[from] item: Flame Orb
|upkeep
|turn|7
|choice|move toxicspikes|move knockoff
|
|move|p1a: Tentacruel|Toxic Spikes|p2a: Mandingo
|-sidestart|p2: Parnstar|move: Toxic Spikes
|move|p2a: Mandingo|Knock Off|p1a: Tentacruel
|-damage|p1a: Tentacruel|138\/364
|-enditem|p1a: Tentacruel|Black Sludge|[from] move: Knock Off|[of] p2a: Mandingo
|
|-damage|p2a: Mandingo|363\/414 brn|[from] brn
|upkeep
|turn|8
|choice|move scald|move knockoff
|
|move|p1a: Tentacruel|Scald|p2a: Mandingo
|-crit|p2a: Mandingo
|-damage|p2a: Mandingo|207\/414 brn
|move|p2a: Mandingo|Knock Off|p1a: Tentacruel
|-damage|p1a: Tentacruel|22\/364
|
|-damage|p2a: Mandingo|156\/414 brn|[from] brn
|upkeep
|turn|9
|choice|move scald|switch 6
|
|switch|p2a: Hitomi Tanaka|Tentacruel, F|301\/301
|-sideend|p2: Parnstar|move: Toxic Spikes|[of] p2a: Hitomi Tanaka
|move|p1a: Tentacruel|Scald|p2a: Hitomi Tanaka
|-resisted|p2a: Hitomi Tanaka
|-damage|p2a: Hitomi Tanaka|265\/301
|
|-heal|p2a: Hitomi Tanaka|283\/301|[from] item: Black Sludge
|upkeep
|turn|10
|choice|switch 5|move sludgewave
|
|switch|p1a: Klefki|Klefki, F|255\/255
|move|p2a: Hitomi Tanaka|Sludge Wave|p1a: Klefki
|-immune|p1a: Klefki|[msg]
|
|-heal|p2a: Hitomi Tanaka|301\/301|[from] item: Black Sludge
|upkeep
|turn|11
|choice|move thunderwave|switch 4
|
|switch|p2a: Alpha|Magneton, shiny|303\/303
|move|p1a: Klefki|Thunder Wave|p2a: Alpha
|-immune|p2a: Alpha|[msg]
|
|upkeep
|turn|12
|choice|move calmmind|move hiddenpower
|
|move|p1a: Klefki|Calm Mind|p1a: Klefki
|-boost|p1a: Klefki|spa|1
|-boost|p1a: Klefki|spd|1
|move|p2a: Alpha|Hidden Power|p1a: Klefki
|-supereffective|p1a: Klefki
|-damage|p1a: Klefki|107\/255
|
|-heal|p1a: Klefki|122\/255|[from] item: Leftovers
|upkeep
|turn|13
|choice|move drainingkiss|move hiddenpower
|
|move|p1a: Klefki|Draining Kiss|p2a: Alpha
|-resisted|p2a: Alpha
|-damage|p2a: Alpha|272\/303
|-heal|p1a: Klefki|146\/255|[from] drain|[of] p2a: Alpha
|move|p2a: Alpha|Hidden Power|p1a: Klefki
|-supereffective|p1a: Klefki
|-damage|p1a: Klefki|0 fnt
|faint|p1a: Klefki
|
|upkeep
|choice|switch 6|
|
|switch|p1a: Sylveon|Sylveon, F, shiny|153\/331 par
|turn|14
|choice|move hypervoice|move flashcannon
|
|move|p2a: Alpha|Flash Cannon|p1a: Sylveon
|-supereffective|p1a: Sylveon
|-damage|p1a: Sylveon|0 fnt
|faint|p1a: Sylveon
|
|upkeep
|choice|switch 2|
|
|switch|p1a: Cloyster|Cloyster, M|241\/241
|turn|15
|choice|move shellsmash|move voltswitch
|
|move|p1a: Cloyster|Shell Smash|p1a: Cloyster
|-unboost|p1a: Cloyster|def|1
|-unboost|p1a: Cloyster|spd|1
|-boost|p1a: Cloyster|atk|2
|-boost|p1a: Cloyster|spa|2
|-boost|p1a: Cloyster|spe|2
|move|p2a: Alpha|Volt Switch|p1a: Cloyster
|-supereffective|p1a: Cloyster
|-enditem|p1a: Cloyster|Focus Sash
|-damage|p1a: Cloyster|1\/241
|choice||switch 6
|
|switch|p2a: Mandingo|Conkeldurr, M, shiny|156\/414 brn
|
|-damage|p2a: Mandingo|105\/414 brn|[from] brn
|upkeep
|turn|16
|choice|move iceshard|move machpunch
|
|move|p1a: Cloyster|Ice Shard|p2a: Mandingo
|-damage|p2a: Mandingo|0 fnt
|faint|p2a: Mandingo
|
|upkeep
|choice||switch 5
|
|switch|p2a: Ash could of caugh|Entei, shiny|371\/371
|-ability|p2a: Ash could of caugh|Pressure
|turn|17
|choice|move rockblast|move extremespeed
|
|move|p2a: Ash could of caugh|Extreme Speed|p1a: Cloyster
|-damage|p1a: Cloyster|0 fnt
|faint|p1a: Cloyster
|
|upkeep
|l|hanabarino
|player|p1
|-message|hanabarino lost due to inactivity.
|
|win|Parnstar
|player|p2
|raw|hanabarino's rating: 1320 &rarr; <strong>1306<\/strong><br \/>(-14 for losing)
|raw|Parnstar's rating: 1417 &rarr; <strong>1431<\/strong><br \/>(+14 for winning)</script>
</div>
<div class="battle-log battle-log-inline"><div class="inner"><div class="battle-options"></div><div class="inner"><div class="chat"><small>hanabarino joined.</small></div><div class="chat"><small>Parnstar joined.</small></div><div class=""><small>Format:</small> <br><strong>UU</strong></div><div class="rated"><strong>Rated battle</strong></div><div class=""><small><em>Sleep Clause Mod:</em> Limit one foe put to sleep</small></div><div class=""><small><em>Species Clause:</em> Limit one of each Pokémon</small></div><div class=""><small><em>OHKO Clause:</em> OHKO moves are banned</small></div><div class=""><small><em>Moody Clause:</em> Moody is banned</small></div><div class=""><small><em>Evasion Moves Clause:</em> Evasion moves are banned</small></div><div class=""><small><em>Endless Battle Clause:</em> Forcing endless battles is banned</small></div><div class=""><small><em>HP Percentage Mod:</em> HP is shown in percentages</small></div><div class=""><small><em>Swagger Clause:</em> Swagger is banned</small></div><div class=""><small><em>Baton Pass Clause:</em> Limit one Baton Passer, can't pass Spe and other stats simultaneously</small></div><div class="chat battle-history"><strong>hanabarino's team:</strong> <em style="color:#445566;display:block;">Sylveon / Cloyster / Mandibuzz / Machamp / Klefki / Tentacruel</em></div><div class="chat battle-history"><strong>Parnstar's team:</strong> <em style="color:#445566;display:block;">Conkeldurr / Magneton / Porygon-Z / Whimsicott / Entei / Tentacruel</em></div><div class="spacer battle-history"><br></div><div class="battle-history">Battle started between hanabarino and Parnstar!<br></div><div class="spacer battle-history"><br></div><div class="battle-history">Go! <strong>Machamp</strong>!<br></div><div class="spacer battle-history"><br></div><div class="battle-history">Parnstar sent out Alpha (<strong>Magneton</strong>)!<br></div><div class="spacer battle-history"><br></div><h2 class="battle-history">Turn 1</h2><div class="spacer battle-history"><br></div><div class="battle-history">The opposing Alpha used <strong>Volt Switch</strong>!<br></div><div class="battle-history"><small>(Machamp lost <abbr title="−100/383">26.1%</abbr> of its health!)</small><br></div><div class="spacer battle-history"><br></div><div class="battle-history">The opposing Alpha went back to Parnstar!<br></div><div class="battle-history">Parnstar sent out Presscott (<strong>Whimsicott</strong>)!<br></div><div class="spacer battle-history"><br></div><div class="battle-history">Machamp used <strong>Dynamic Punch</strong>!<br></div><div class="battle-history"><small>It's not very effective...</small><br></div><div class="battle-history"><small>(The opposing Presscott lost <abbr title="−108/261">41.4%</abbr> of its health!)</small><br></div><div class="battle-history"><small>The opposing Presscott became confused!</small><br></div><div class="spacer battle-history"><br></div><h2 class="battle-history">Turn 2</h2><div class="spacer battle-history"><br></div><div class="battle-history"><small>The opposing Presscott is confused!</small><br></div><div class="battle-history">The opposing Presscott used <strong>Moonblast</strong>!<br></div><div class="battle-history"><small>It's super effective!</small><br></div><div class="battle-history"><small>(Machamp lost <abbr title="−230/383">60.1%</abbr> of its health!)</small><br></div><div class="spacer battle-history"><br></div><div class="battle-history">Machamp used <strong>Stone Edge</strong>!<br></div><div class="battle-history"><small>(The opposing Presscott lost <abbr title="−140/261">53.6%</abbr> of its health!)</small><br></div><div class="spacer battle-history"><br></div><h2 class="battle-history">Turn 3</h2><div class="spacer battle-history"><br></div><div class="battle-history"><small>The opposing Presscott is confused!</small><br></div><div class="battle-history">The opposing Presscott used <strong>Nature Power</strong>!<br></div><div class="spacer battle-history"><br></div><div class="battle-history">Nature Power turned into Tri Attack!<br></div><div class="battle-history"><small>A critical hit!</small><br></div><div class="battle-history"><small>(Machamp lost <abbr title="−53/383">13.8%</abbr> of its health!)</small><br></div><div class="spacer battle-history"><br></div><div class="battle-history">Machamp fainted!<br></div><div class="spacer battle-history"><br></div><div class="battle-history">Go! <strong>Sylveon</strong>!<br></div><div class="spacer battle-history"><br></div><h2 class="battle-history">Turn 4</h2><div class="spacer battle-history"><br></div><div class="battle-history"><small>The opposing Presscott snapped out of its confusion!</small><br></div><div class="spacer battle-history"><br></div><div class="battle-history">The opposing Presscott used <strong>Nature Power</strong>!<br></div><div class="spacer battle-history"><br></div><div class="battle-history">Nature Power turned into Tri Attack!<br></div><div class="battle-history"><small>(Sylveon lost <abbr title="−58/331">17.5%</abbr> of its health!)</small><br></div><div class="battle-history"><small>Sylveon is paralyzed! It may be unable to move!</small><br></div><div class="spacer battle-history"><br></div><div class="battle-history">Sylveon is paralyzed! It can't move!<br></div><div class="spacer battle-history"><br></div><h2 class="battle-history">Turn 5</h2><div class="spacer battle-history"><br></div><div class="battle-history">The opposing Presscott used <strong>Moonblast</strong>!<br></div><div class="battle-history"><small>(Sylveon lost <abbr title="−120/331">36.3%</abbr> of its health!)</small><br></div><div class="spacer battle-history"><br></div><div class="battle-history">Sylveon used <strong>Hyper Voice</strong>!<br></div><div class="battle-history"><small>(The opposing Presscott lost <abbr title="−13/261">5.0%</abbr> of its health!)</small><br></div><div class="spacer battle-history"><br></div><div class="battle-history">The opposing Presscott fainted!<br></div><div class="spacer battle-history"><br></div><div class="battle-history">Parnstar sent out Mandingo (<strong>Conkeldurr</strong>)!<br></div><div class="spacer battle-history"><br></div><h2 class="battle-history">Turn 6</h2><div class="chat"><small>FreewayFlyer joined.</small></div><div class="chat"><small>FreewayFlyer left.</small></div><div class="spacer battle-history"><br></div><div class="battle-history">Sylveon, come back!<br></div><div class="battle-history">Go! <strong>Tentacruel</strong>!<br></div><div class="spacer battle-history"><br></div><div class="battle-history">The opposing Mandingo used <strong>Poison Jab</strong>!<br></div><div class="battle-history"><small>It's not very effective...</small><br></div><div class="battle-history"><small>(Tentacruel lost <abbr title="−55/364">15.1%</abbr> of its health!)</small><br></div><div class="spacer battle-history"><br></div><div class="battle-history"><small>Tentacruel restored a little HP using its Black Sludge!</small><br></div><div class="battle-history"><small>The opposing Mandingo was burned!</small><br></div><div class="spacer battle-history"><br></div><h2 class="battle-history">Turn 7</h2><div class="spacer battle-history"><br></div><div class="battle-history">Tentacruel used <strong>Toxic Spikes</strong>!<br></div><div class="battle-history"><small>Poison spikes were scattered on the ground all around the opposing team!</small><br></div><div class="spacer battle-history"><br></div><div class="battle-history">The opposing Mandingo used <strong>Knock Off</strong>!<br></div><div class="battle-history"><small>(Tentacruel lost <abbr title="−193/364">53.0%</abbr> of its health!)</small><br></div><div class="battle-history"><small>The opposing Mandingo knocked off Tentacruel's Black Sludge!</small><br></div><div class="spacer battle-history"><br></div><div class="battle-history"><small>The opposing Mandingo was hurt by its burn!</small><br></div><div class="spacer battle-history"><br></div><h2 class="battle-history">Turn 8</h2><div class="spacer battle-history"><br></div><div class="battle-history">Tentacruel used <strong>Scald</strong>!<br></div><div class="battle-history"><small>A critical hit!</small><br></div><div class="battle-history"><small>(The opposing Mandingo lost <abbr title="−156/414">37.7%</abbr> of its health!)</small><br></div><div class="spacer battle-history"><br></div><div class="battle-history">The opposing Mandingo used <strong>Knock Off</strong>!<br></div><div class="battle-history"><small>(Tentacruel lost <abbr title="−116/364">31.9%</abbr> of its health!)</small><br></div><div class="spacer battle-history"><br></div><div class="battle-history"><small>The opposing Mandingo was hurt by its burn!</small><br></div><div class="spacer battle-history"><br></div><h2 class="battle-history">Turn 9</h2><div class="spacer battle-history"><br></div><div class="battle-history">Parnstar withdrew Mandingo!<br></div><div class="battle-history">Parnstar sent out Hitomi Tanaka (<strong>Tentacruel</strong>)!<br></div><div class="battle-history"><small>The poison spikes disappeared from the ground around the opposing team!</small><br></div><div class="spacer battle-history"><br></div><div class="battle-history">Tentacruel used <strong>Scald</strong>!<br></div><div class="battle-history"><small>It's not very effective...</small><br></div><div class="battle-history"><small>(The opposing Hitomi Tanaka lost <abbr title="−36/301">12.0%</abbr> of its health!)</small><br></div><div class="spacer battle-history"><br></div><div class="battle-history"><small>The opposing Hitomi Tanaka restored a little HP using its Black Sludge!</small><br></div><div class="spacer battle-history"><br></div><h2 class="battle-history">Turn 10</h2><div class="spacer battle-history"><br></div><div class="battle-history">Tentacruel, come back!<br></div><div class="battle-history">Go! <strong>Klefki</strong>!<br></div><div class="spacer battle-history"><br></div><div class="battle-history">The opposing Hitomi Tanaka used <strong>Sludge Wave</strong>!<br></div><div class="battle-history"><small>It doesn't affect Klefki...</small><br></div><div class="spacer battle-history"><br></div><div class="battle-history"><small>The opposing Hitomi Tanaka restored a little HP using its Black Sludge!</small><br></div><div class="spacer battle-history"><br></div><h2 class="battle-history">Turn 11</h2><div class="spacer battle-history"><br></div><div class="battle-history">Parnstar withdrew Hitomi Tanaka!<br></div><div class="battle-history">Parnstar sent out Alpha (<strong>Magneton</strong>)!<br></div><div class="spacer battle-history"><br></div><div class="battle-history">Klefki used <strong>Thunder Wave</strong>!<br></div><div class="battle-history"><small>It doesn't affect the opposing Alpha...</small><br></div><div class="spacer battle-history"><br></div><h2 class="battle-history">Turn 12</h2><div class="spacer battle-history"><br></div><div class="battle-history">Klefki used <strong>Calm Mind</strong>!<br></div><div class="battle-history"><small>Klefki's Special Attack rose!</small><br></div><div class="battle-history"><small>Klefki's Special Defense rose!</small><br></div><div class="spacer battle-history"><br></div><div class="battle-history">The opposing Alpha used <strong>Hidden Power</strong>!<br></div><div class="battle-history"><small>It's super effective!</small><br></div><div class="battle-history"><small>(Klefki lost <abbr title="−148/255">58.0%</abbr> of its health!)</small><br></div><div class="spacer battle-history"><br></div><div class="battle-history"><small>Klefki restored a little HP using its Leftovers!</small><br></div><div class="spacer battle-history"><br></div><h2 class="battle-history">Turn 13</h2><div class="spacer battle-history"><br></div><div class="battle-history">Klefki used <strong>Draining Kiss</strong>!<br></div><div class="battle-history"><small>It's not very effective...</small><br></div><div class="battle-history"><small>(The opposing Alpha lost <abbr title="−31/303">10.2%</abbr> of its health!)</small><br></div><div class="battle-history"><small>The opposing Alpha had its energy drained!</small><br></div><div class="spacer battle-history"><br></div><div class="battle-history">The opposing Alpha used <strong>Hidden Power</strong>!<br></div><div class="battle-history"><small>It's super effective!</small><br></div><div class="battle-history"><small>(Klefki lost <abbr title="−146/255">57.3%</abbr> of its health!)</small><br></div><div class="spacer battle-history"><br></div><div class="battle-history">Klefki fainted!<br></div><div class="spacer battle-history"><br></div><div class="battle-history">Go! <strong>Sylveon</strong>!<br></div><div class="spacer battle-history"><br></div><h2 class="battle-history">Turn 14</h2><div class="spacer battle-history"><br></div><div class="battle-history">The opposing Alpha used <strong>Flash Cannon</strong>!<br></div><div class="battle-history"><small>It's super effective!</small><br></div><div class="battle-history"><small>(Sylveon lost <abbr title="−153/331">46.2%</abbr> of its health!)</small><br></div><div class="spacer battle-history"><br></div><div class="battle-history">Sylveon fainted!<br></div><div class="spacer battle-history"><br></div><div class="battle-history">Go! <strong>Cloyster</strong>!<br></div><div class="spacer battle-history"><br></div><h2 class="battle-history">Turn 15</h2><div class="spacer battle-history"><br></div><div class="battle-history">Cloyster used <strong>Shell Smash</strong>!<br></div><div class="battle-history"><small>Cloyster's Defense fell!</small><br></div><div class="battle-history"><small>Cloyster's Special Defense fell!</small><br></div><div class="battle-history"><small>Cloyster's Attack rose sharply!</small><br></div><div class="battle-history"><small>Cloyster's Special Attack rose sharply!</small><br></div><div class="battle-history"><small>Cloyster's Speed rose sharply!</small><br></div><div class="spacer battle-history"><br></div><div class="battle-history">The opposing Alpha used <strong>Volt Switch</strong>!<br></div><div class="battle-history"><small>It's super effective!</small><br></div><div class="battle-history"><small>Cloyster hung on using its Focus Sash!</small><br></div><div class="battle-history"><small>(Cloyster lost <abbr title="−240/241">99.6%</abbr> of its health!)</small><br></div><div class="spacer battle-history"><br></div><div class="battle-history">The opposing Alpha went back to Parnstar!<br></div><div class="battle-history">Parnstar sent out Mandingo (<strong>Conkeldurr</strong>)!<br></div><div class="spacer battle-history"><br></div><div class="battle-history"><small>The opposing Mandingo was hurt by its burn!</small><br></div><div class="spacer battle-history"><br></div><h2 class="battle-history">Turn 16</h2><div class="spacer battle-history"><br></div><div class="battle-history">Cloyster used <strong>Ice Shard</strong>!<br></div><div class="battle-history"><small>(The opposing Mandingo lost <abbr title="−105/414">25.4%</abbr> of its health!)</small><br></div><div class="spacer battle-history"><br></div><div class="battle-history">The opposing Mandingo fainted!<br></div><div class="spacer battle-history"><br></div><div class="battle-history">Parnstar sent out Ash could of caugh (<strong>Entei</strong>)!<br></div><div class="battle-history"><small>[The opposing Ash could of caugh's Pressure]</small><br><small>The opposing Ash could of caugh is exerting its pressure!</small><br></div><div class="spacer battle-history"><br></div><h2 class="battle-history">Turn 17</h2><div class="spacer battle-history"><br></div><div class="battle-history">The opposing Ash could of caugh used <strong>Extreme Speed</strong>!<br></div><div class="battle-history"><small>(Cloyster lost <abbr title="−1/241">0.4%</abbr> of its health!)</small><br></div><div class="spacer battle-history"><br></div><div class="battle-history">Cloyster fainted!<br></div><div class="chat"><small>hanabarino left.</small></div><div class="spacer battle-history"><br></div><div class="battle-history"><small>hanabarino lost due to inactivity.</small><br></div><div class="spacer battle-history"><br></div><div class="battle-history"><strong>Parnstar</strong> won the battle!<br></div><div class="chat">hanabarino's rating: 1320 → <strong>1306</strong><br>(-14 for losing)</div><div class="chat">Parnstar's rating: 1417 → <strong>1431</strong><br>(+14 for winning)</div></div><div class="inner-preempt"></div></div></div>
</div>
<script>
let daily = Math.floor(Date.now()/1000/60/60/24);document.write('<script src="https://play.pokemonshowdown.com/js/replay-embed.js?version'+daily+'"></'+'script>');
</script>
