<!DOCTYPE html>
<meta charset="utf-8" />
<!-- version 1 -->
<title>UU replay: Bailor vs. Parnstar</title>
<style>
html,body {font-family:Verdana, sans-serif;font-size:10pt;margin:0;padding:0;}body{padding:12px 0;} .battle-log {font-family:Verdana, sans-serif;font-size:10pt;} .battle-log-inline {border:1px solid #AAAAAA;background:#EEF2F5;color:black;max-width:640px;margin:0 auto 80px;padding-bottom:5px;} .battle-log .inner {padding:4px 8px 0px 8px;} .battle-log .inner-preempt {padding:0 8px 4px 8px;} .battle-log .inner-after {margin-top:0.5em;} .battle-log h2 {margin:0.5em -8px;padding:4px 8px;border:1px solid #AAAAAA;background:#E0E7EA;border-left:0;border-right:0;font-family:Verdana, sans-serif;font-size:13pt;} .battle-log .chat {vertical-align:middle;padding:3px 0 3px 0;font-size:8pt;} .battle-log .chat strong {color:#40576A;} .battle-log .chat em {padding:1px 4px 1px 3px;color:#000000;font-style:normal;} .chat.mine {background:rgba(0,0,0,0.05);margin-left:-8px;margin-right:-8px;padding-left:8px;padding-right:8px;} .spoiler {color:#BBBBBB;background:#BBBBBB;padding:0px 3px;} .spoiler:hover, .spoiler:active, .spoiler-shown {color:#000000;background:#E2E2E2;padding:0px 3px;} .spoiler a {color:#BBBBBB;} .spoiler:hover a, .spoiler:active a, .spoiler-shown a {color:#2288CC;} .chat code, .chat .spoiler:hover code, .chat .spoiler:active code, .chat .spoiler-shown code {border:1px solid #C0C0C0;background:#EEEEEE;color:black;padding:0 2px;} .chat .spoiler code {border:1px solid #CCCCCC;background:#CCCCCC;color:#CCCCCC;} .battle-log .rated {padding:3px 4px;} .battle-log .rated strong {color:white;background:#89A;padding:1px 4px;border-radius:4px;} .spacer {margin-top:0.5em;} .message-announce {background:#6688AA;color:white;padding:1px 4px 2px;} .message-announce a, .broadcast-green a, .broadcast-blue a, .broadcast-red a {color:#DDEEFF;} .broadcast-green {background-color:#559955;color:white;padding:2px 4px;} .broadcast-blue {background-color:#6688AA;color:white;padding:2px 4px;} .infobox {border:1px solid #6688AA;padding:2px 4px;} .infobox-limited {max-height:200px;overflow:auto;overflow-x:hidden;} .broadcast-red {background-color:#AA5544;color:white;padding:2px 4px;} .message-learn-canlearn {font-weight:bold;color:#228822;text-decoration:underline;} .message-learn-cannotlearn {font-weight:bold;color:#CC2222;text-decoration:underline;} .message-effect-weak {font-weight:bold;color:#CC2222;} .message-effect-resist {font-weight:bold;color:#6688AA;} .message-effect-immune {font-weight:bold;color:#666666;} .message-learn-list {margin-top:0;margin-bottom:0;} .message-throttle-notice, .message-error {color:#992222;} .message-overflow, .chat small.message-overflow {font-size:0pt;} .message-overflow::before {font-size:9pt;content:'...';} .subtle {color:#3A4A66;}
</style>
<div class="wrapper replay-wrapper" style="max-width:1180px;margin:0 auto">
<input type="hidden" name="replayid" value="uu-538342010" />
<div class="battle"></div><div class="battle-log"></div><div class="replay-controls"></div><div class="replay-controls-2"></div>
<h1 style="font-weight:normal;text-align:center"><strong>UU</strong><br /><a href="http://pokemonshowdown.com/users/bailor" class="subtle" target="_blank">Bailor</a> vs. <a href="http://pokemonshowdown.com/users/parnstar" class="subtle" target="_blank">Parnstar</a></h1>
<script type="text/plain" class="battle-log-data">|j|Bailor
|j|Parnstar
|player|p1|Bailor|124
|player|p2|Parnstar|24
|gametype|singles
|gen|6
|tier|UU
|rated
|seed|57750,53165,58004,60526
|rule|Sleep Clause Mod: Limit one foe put to sleep
|rule|Species Clause: Limit one of each Pokémon
|rule|OHKO Clause: OHKO moves are banned
|rule|Moody Clause: Moody is banned
|rule|Evasion Moves Clause: Evasion moves are banned
|rule|Endless Battle Clause: Forcing endless battles is banned
|rule|HP Percentage Mod: HP is shown in percentages
|clearpoke
|poke|p1|Houndoom, M|item
|poke|p1|Cobalion|item
|poke|p1|Chesnaught, F|item
|poke|p1|Haxorus, F|item
|poke|p1|Tornadus, M|item
|poke|p1|Conkeldurr, M|item
|poke|p2|Conkeldurr, M, shiny|item
|poke|p2|Magneton, shiny|item
|poke|p2|Porygon-Z|item
|poke|p2|Whimsicott, M, shiny|item
|poke|p2|Entei, shiny|item
|poke|p2|Tentacruel, F|item
|rule|Swagger Clause: Swagger is banned
|rule|Baton Pass Clause: Limit one Baton Passer, can't pass Spe and other stats simultaneously
|teampreview
|c|☆Parnstar|Hf
|choice|team 3, team 2, team 1, team 4, team 5, team 6|team 2, team 1, team 3, team 4, team 5, team 6
|
|start
|switch|p1a: Chesnaught|Chesnaught, F|380\/380
|switch|p2a: Alpha|Magneton, shiny|303\/303
|turn|1
|choice|switch 6|move hiddenpower
|
|switch|p1a: Conkeldurr|Conkeldurr, M|351\/351
|move|p2a: Alpha|Hidden Power|p1a: Conkeldurr
|-damage|p1a: Conkeldurr|262\/351
|
|upkeep
|turn|2
|choice|move drainpunch|move voltswitch
|
|move|p2a: Alpha|Volt Switch|p1a: Conkeldurr
|-damage|p1a: Conkeldurr|129\/351
|choice||switch 4
|
|switch|p2a: Presscott|Whimsicott, M, shiny|261\/261
|move|p1a: Conkeldurr|Drain Punch|p2a: Presscott
|-resisted|p2a: Presscott
|-damage|p2a: Presscott|180\/261
|-heal|p1a: Conkeldurr|170\/351|[from] drain|[of] p2a: Presscott
|
|upkeep
|turn|3
|choice|switch 6|move moonblast
|
|switch|p1a: Chesnaught|Chesnaught, F|380\/380
|move|p2a: Presscott|Moonblast|p1a: Chesnaught
|-supereffective|p1a: Chesnaught
|-crit|p1a: Chesnaught
|-damage|p1a: Chesnaught|0 fnt
|faint|p1a: Chesnaught
|
|upkeep
|choice|switch 4|
|
|switch|p1a: Haxorus|Haxorus, F|293\/293
|-ability|p1a: Haxorus|Mold Breaker
|turn|4
|choice|move dragondance|move moonblast
|
|move|p2a: Presscott|Moonblast|p1a: Haxorus
|-supereffective|p1a: Haxorus
|-damage|p1a: Haxorus|0 fnt
|faint|p1a: Haxorus
|
|upkeep
|choice|switch 2|
|
|switch|p1a: Cobalion|Cobalion|324\/324
|turn|5
|choice|move stealthrock|move moonblast
|
|move|p1a: Cobalion|Stealth Rock|p2a: Presscott
|-sidestart|p2: Parnstar|move: Stealth Rock
|move|p2a: Presscott|Moonblast|p1a: Cobalion
|-crit|p1a: Cobalion
|-damage|p1a: Cobalion|8\/324
|
|-heal|p1a: Cobalion|28\/324|[from] item: Leftovers
|upkeep
|turn|6
|j|FreewayFlyer
|choice|move voltswitch|move naturepower
|
|move|p2a: Presscott|Nature Power|p1a: Cobalion
|move|p2a: Presscott|Tri Attack|p1a: Cobalion|[from]Nature Power
|-resisted|p1a: Cobalion
|-crit|p1a: Cobalion
|-damage|p1a: Cobalion|0 fnt
|faint|p1a: Cobalion
|
|upkeep
|l|FreewayFlyer
|choice|switch 5|
|
|switch|p1a: Tornadus|Tornadus, M|299\/299
|turn|7
|choice|move hurricane|move naturepower
|
|move|p2a: Presscott|Nature Power|p1a: Tornadus
|move|p2a: Presscott|Tri Attack|p1a: Tornadus|[from]Nature Power
|-damage|p1a: Tornadus|217\/299
|move|p1a: Tornadus|Hurricane|p2a: Presscott
|-supereffective|p2a: Presscott
|-damage|p2a: Presscott|0 fnt
|faint|p2a: Presscott
|
|upkeep
|choice||switch 6
|
|switch|p2a: Hitomi Tanaka|Tentacruel, F|301\/301
|-damage|p2a: Hitomi Tanaka|264\/301|[from] Stealth Rock
|turn|8
|choice|move hurricane|move rapidspin
|
|move|p2a: Hitomi Tanaka|Rapid Spin|p1a: Tornadus
|-damage|p1a: Tornadus|205\/299
|-sideend|p2: Parnstar|Stealth Rock|[from] move: Rapid Spin|[of] p2a: Hitomi Tanaka
|move|p1a: Tornadus|Hurricane|p2a: Hitomi Tanaka
|-damage|p2a: Hitomi Tanaka|71\/301
|-start|p2a: Hitomi Tanaka|confusion
|
|-heal|p2a: Hitomi Tanaka|89\/301|[from] item: Black Sludge
|upkeep
|turn|9
|choice|move hurricane|move icebeam
|
|-activate|p2a: Hitomi Tanaka|confusion
|-damage|p2a: Hitomi Tanaka|65\/301|[from] confusion
|move|p1a: Tornadus|Hurricane|p2a: Hitomi Tanaka|[miss]
|-miss|p1a: Tornadus|p2a: Hitomi Tanaka
|
|-heal|p2a: Hitomi Tanaka|83\/301|[from] item: Black Sludge
|upkeep
|turn|10
|choice|move hurricane|move icebeam
|
|-end|p2a: Hitomi Tanaka|confusion
|move|p2a: Hitomi Tanaka|Ice Beam|p1a: Tornadus
|-supereffective|p1a: Tornadus
|-damage|p1a: Tornadus|3\/299
|move|p1a: Tornadus|Hurricane|p2a: Hitomi Tanaka
|-damage|p2a: Hitomi Tanaka|0 fnt
|faint|p2a: Hitomi Tanaka
|
|upkeep
|choice||switch 5
|
|switch|p2a: Ash could of caugh|Entei, shiny|371\/371
|-ability|p2a: Ash could of caugh|Pressure
|turn|11
|choice|move hurricane|move extremespeed
|
|move|p2a: Ash could of caugh|Extreme Speed|p1a: Tornadus
|-damage|p1a: Tornadus|0 fnt
|faint|p1a: Tornadus
|
|upkeep
|choice|switch 6|
|
|switch|p1a: Conkeldurr|Conkeldurr, M|170\/351
|turn|12
|choice|move drainpunch|move sacredfire
|
|move|p2a: Ash could of caugh|Sacred Fire|p1a: Conkeldurr
|-damage|p1a: Conkeldurr|4\/351
|-status|p1a: Conkeldurr|brn
|move|p1a: Conkeldurr|Drain Punch|p2a: Ash could of caugh
|-damage|p2a: Ash could of caugh|101\/371
|-heal|p1a: Conkeldurr|139\/351 brn|[from] drain|[of] p2a: Ash could of caugh
|
|-damage|p1a: Conkeldurr|96\/351 brn|[from] brn
|upkeep
|turn|13
|choice|move machpunch|move extremespeed
|
|move|p2a: Ash could of caugh|Extreme Speed|p1a: Conkeldurr
|-damage|p1a: Conkeldurr|21\/351 brn
|move|p1a: Conkeldurr|Mach Punch|p2a: Ash could of caugh
|-damage|p2a: Ash could of caugh|0 fnt
|faint|p2a: Ash could of caugh
|
|-damage|p1a: Conkeldurr|0 fnt|[from] brn
|upkeep
|faint|p1a: Conkeldurr
|choice|switch 3|switch 2
|
|switch|p1a: Houndoom|Houndoom, M|291\/291
|switch|p2a: Mandingo|Conkeldurr, M, shiny|414\/414
|turn|14
|choice|move protect mega|move drainpunch
|
|detailschange|p1a: Houndoom|Houndoom-Mega, M
|-mega|p1a: Houndoom|Houndoom|Houndoominite
|move|p1a: Houndoom|Protect|p1a: Houndoom
|-singleturn|p1a: Houndoom|Protect
|move|p2a: Mandingo|Drain Punch|p1a: Houndoom
|-activate|p1a: Houndoom|move: Protect
|
|-status|p2a: Mandingo|brn|[from] item: Flame Orb
|upkeep
|turn|15
|choice|move fireblast|move drainpunch
|
|move|p1a: Houndoom|Fire Blast|p2a: Mandingo
|-damage|p2a: Mandingo|111\/414 brn
|move|p2a: Mandingo|Drain Punch|p1a: Houndoom
|-supereffective|p1a: Houndoom
|-damage|p1a: Houndoom|0 fnt
|-heal|p2a: Mandingo|257\/414 brn|[from] drain|[of] p1a: Houndoom
|faint|p1a: Houndoom
|
|win|Parnstar
|player|p1
|player|p2
|c|☆Parnstar|Gg
|raw|Bailor's rating: 1155 &rarr; <strong>1147<\/strong><br \/>(-8 for losing)
|raw|Parnstar's rating: 1436 &rarr; <strong>1443<\/strong><br \/>(+7 for winning)
|l|Bailor</script>
</div>
<div class="battle-log battle-log-inline"><div class="inner"><div class="battle-options"></div><div class="inner"><div class="chat"><small>Bailor joined.</small></div><div class="chat"><small>Parnstar joined.</small></div><div class=""><small>Format:</small> <br><strong>UU</strong></div><div class="rated"><strong>Rated battle</strong></div><div class=""><small><em>Sleep Clause Mod:</em> Limit one foe put to sleep</small></div><div class=""><small><em>Species Clause:</em> Limit one of each Pokémon</small></div><div class=""><small><em>OHKO Clause:</em> OHKO moves are banned</small></div><div class=""><small><em>Moody Clause:</em> Moody is banned</small></div><div class=""><small><em>Evasion Moves Clause:</em> Evasion moves are banned</small></div><div class=""><small><em>Endless Battle Clause:</em> Forcing endless battles is banned</small></div><div class=""><small><em>HP Percentage Mod:</em> HP is shown in percentages</small></div><div class=""><small><em>Swagger Clause:</em> Swagger is banned</small></div><div class=""><small><em>Baton Pass Clause:</em> Limit one Baton Passer, can't pass Spe and other stats simultaneously</small></div><div class="chat battle-history"><strong>Bailor's team:</strong> <em style="color:#445566;display:block;">Houndoom / Cobalion / Chesnaught / Haxorus / Tornadus / Conkeldurr</em></div><div class="chat battle-history"><strong>Parnstar's team:</strong> <em style="color:#445566;display:block;">Conkeldurr / Magneton / Porygon-Z / Whimsicott / Entei / Tentacruel</em></div><div class="chat chatmessage-parnstar"><strong style="color:hsl(41,84%,41.163999978976825%)"><small>☆</small><span class="username" data-name="Parnstar">Parnstar</span>:</strong> <em>Hf</em></div><div class="spacer battle-history"><br></div><div class="battle-history">Battle started between Bailor and Parnstar!<br></div><div class="spacer battle-history"><br></div><div class="battle-history">Go! <strong>Chesnaught</strong>!<br></div><div class="spacer battle-history"><br></div><div class="battle-history">Parnstar sent out Alpha (<strong>Magneton</strong>)!<br></div><div class="spacer battle-history"><br></div><h2 class="battle-history">Turn 1</h2><div class="spacer battle-history"><br></div><div class="battle-history">Chesnaught, come back!<br></div><div class="battle-history">Go! <strong>Conkeldurr</strong>!<br></div><div class="spacer battle-history"><br></div><div class="battle-history">The opposing Alpha used <strong>Hidden Power</strong>!<br></div><div class="battle-history"><small>(Conkeldurr lost <abbr title="−89/351">25.4%</abbr> of its health!)</small><br></div><div class="spacer battle-history"><br></div><h2 class="battle-history">Turn 2</h2><div class="spacer battle-history"><br></div><div class="battle-history">The opposing Alpha used <strong>Volt Switch</strong>!<br></div><div class="battle-history"><small>(Conkeldurr lost <abbr title="−133/351">37.9%</abbr> of its health!)</small><br></div><div class="spacer battle-history"><br></div><div class="battle-history">The opposing Alpha went back to Parnstar!<br></div><div class="battle-history">Parnstar sent out Presscott (<strong>Whimsicott</strong>)!<br></div><div class="spacer battle-history"><br></div><div class="battle-history">Conkeldurr used <strong>Drain Punch</strong>!<br></div><div class="battle-history"><small>It's not very effective...</small><br></div><div class="battle-history"><small>(The opposing Presscott lost <abbr title="−81/261">31.0%</abbr> of its health!)</small><br></div><div class="battle-history"><small>The opposing Presscott had its energy drained!</small><br></div><div class="spacer battle-history"><br></div><h2 class="battle-history">Turn 3</h2><div class="spacer battle-history"><br></div><div class="battle-history">Conkeldurr, come back!<br></div><div class="battle-history">Go! <strong>Chesnaught</strong>!<br></div><div class="spacer battle-history"><br></div><div class="battle-history">The opposing Presscott used <strong>Moonblast</strong>!<br></div><div class="battle-history"><small>It's super effective!</small><br></div><div class="battle-history"><small>A critical hit!</small><br></div><div class="battle-history"><small>(Chesnaught lost <abbr title="−380/380">100%</abbr> of its health!)</small><br></div><div class="spacer battle-history"><br></div><div class="battle-history">Chesnaught fainted!<br></div><div class="spacer battle-history"><br></div><div class="battle-history">Go! <strong>Haxorus</strong>!<br></div><div class="battle-history"><small>[Haxorus's Mold Breaker]</small><br><small>Haxorus breaks the mold!</small><br></div><div class="spacer battle-history"><br></div><h2 class="battle-history">Turn 4</h2><div class="spacer battle-history"><br></div><div class="battle-history">The opposing Presscott used <strong>Moonblast</strong>!<br></div><div class="battle-history"><small>It's super effective!</small><br></div><div class="battle-history"><small>(Haxorus lost <abbr title="−293/293">100%</abbr> of its health!)</small><br></div><div class="spacer battle-history"><br></div><div class="battle-history">Haxorus fainted!<br></div><div class="spacer battle-history"><br></div><div class="battle-history">Go! <strong>Cobalion</strong>!<br></div><div class="spacer battle-history"><br></div><h2 class="battle-history">Turn 5</h2><div class="spacer battle-history"><br></div><div class="battle-history">Cobalion used <strong>Stealth Rock</strong>!<br></div><div class="battle-history"><small>Pointed stones float in the air around the opposing team!</small><br></div><div class="spacer battle-history"><br></div><div class="battle-history">The opposing Presscott used <strong>Moonblast</strong>!<br></div><div class="battle-history"><small>A critical hit!</small><br></div><div class="battle-history"><small>(Cobalion lost <abbr title="−316/324">97.5%</abbr> of its health!)</small><br></div><div class="spacer battle-history"><br></div><div class="battle-history"><small>Cobalion restored a little HP using its Leftovers!</small><br></div><div class="spacer battle-history"><br></div><h2 class="battle-history">Turn 6</h2><div class="chat"><small>FreewayFlyer joined.</small></div><div class="spacer battle-history"><br></div><div class="battle-history">The opposing Presscott used <strong>Nature Power</strong>!<br></div><div class="spacer battle-history"><br></div><div class="battle-history">Nature Power turned into Tri Attack!<br></div><div class="battle-history"><small>It's not very effective...</small><br></div><div class="battle-history"><small>A critical hit!</small><br></div><div class="battle-history"><small>(Cobalion lost <abbr title="−28/324">8.6%</abbr> of its health!)</small><br></div><div class="spacer battle-history"><br></div><div class="battle-history">Cobalion fainted!<br></div><div class="chat"><small>FreewayFlyer left.</small></div><div class="spacer battle-history"><br></div><div class="battle-history">Go! <strong>Tornadus</strong>!<br></div><div class="spacer battle-history"><br></div><h2 class="battle-history">Turn 7</h2><div class="spacer battle-history"><br></div><div class="battle-history">The opposing Presscott used <strong>Nature Power</strong>!<br></div><div class="spacer battle-history"><br></div><div class="battle-history">Nature Power turned into Tri Attack!<br></div><div class="battle-history"><small>(Tornadus lost <abbr title="−82/299">27.4%</abbr> of its health!)</small><br></div><div class="spacer battle-history"><br></div><div class="battle-history">Tornadus used <strong>Hurricane</strong>!<br></div><div class="battle-history"><small>It's super effective!</small><br></div><div class="battle-history"><small>(The opposing Presscott lost <abbr title="−180/261">69.0%</abbr> of its health!)</small><br></div><div class="spacer battle-history"><br></div><div class="battle-history">The opposing Presscott fainted!<br></div><div class="spacer battle-history"><br></div><div class="battle-history">Parnstar sent out Hitomi Tanaka (<strong>Tentacruel</strong>)!<br></div><div class="battle-history"><small>Pointed stones dug into the opposing Hitomi Tanaka!</small><br></div><div class="spacer battle-history"><br></div><h2 class="battle-history">Turn 8</h2><div class="spacer battle-history"><br></div><div class="battle-history">The opposing Hitomi Tanaka used <strong>Rapid Spin</strong>!<br></div><div class="battle-history"><small>(Tornadus lost <abbr title="−12/299">4.0%</abbr> of its health!)</small><br></div><div class="battle-history"><small>The pointed stones disappeared from around the opposing team!</small><br></div><div class="spacer battle-history"><br></div><div class="battle-history">Tornadus used <strong>Hurricane</strong>!<br></div><div class="battle-history"><small>(The opposing Hitomi Tanaka lost <abbr title="−193/301">64.1%</abbr> of its health!)</small><br></div><div class="battle-history"><small>The opposing Hitomi Tanaka became confused!</small><br></div><div class="spacer battle-history"><br></div><div class="battle-history"><small>The opposing Hitomi Tanaka restored a little HP using its Black Sludge!</small><br></div><div class="spacer battle-history"><br></div><h2 class="battle-history">Turn 9</h2><div class="spacer battle-history"><br></div><div class="battle-history"><small>The opposing Hitomi Tanaka is confused!</small><br></div><div class="battle-history">It hurt itself in its confusion!<br></div><div class="spacer battle-history"><br></div><div class="battle-history">Tornadus used <strong>Hurricane</strong>!<br></div><div class="battle-history"><small>The opposing Hitomi Tanaka avoided the attack!</small><br></div><div class="spacer battle-history"><br></div><div class="battle-history"><small>The opposing Hitomi Tanaka restored a little HP using its Black Sludge!</small><br></div><div class="spacer battle-history"><br></div><h2 class="battle-history">Turn 10</h2><div class="spacer battle-history"><br></div><div class="battle-history"><small>The opposing Hitomi Tanaka snapped out of its confusion!</small><br></div><div class="spacer battle-history"><br></div><div class="battle-history">The opposing Hitomi Tanaka used <strong>Ice Beam</strong>!<br></div><div class="battle-history"><small>It's super effective!</small><br></div><div class="battle-history"><small>(Tornadus lost <abbr title="−202/299">67.6%</abbr> of its health!)</small><br></div><div class="spacer battle-history"><br></div><div class="battle-history">Tornadus used <strong>Hurricane</strong>!<br></div><div class="battle-history"><small>(The opposing Hitomi Tanaka lost <abbr title="−83/301">27.6%</abbr> of its health!)</small><br></div><div class="spacer battle-history"><br></div><div class="battle-history">The opposing Hitomi Tanaka fainted!<br></div><div class="spacer battle-history"><br></div><div class="battle-history">Parnstar sent out Ash could of caugh (<strong>Entei</strong>)!<br></div><div class="battle-history"><small>[The opposing Ash could of caugh's Pressure]</small><br><small>The opposing Ash could of caugh is exerting its pressure!</small><br></div><div class="spacer battle-history"><br></div><h2 class="battle-history">Turn 11</h2><div class="spacer battle-history"><br></div><div class="battle-history">The opposing Ash could of caugh used <strong>Extreme Speed</strong>!<br></div><div class="battle-history"><small>(Tornadus lost <abbr title="−3/299">1.0%</abbr> of its health!)</small><br></div><div class="spacer battle-history"><br></div><div class="battle-history">Tornadus fainted!<br></div><div class="spacer battle-history"><br></div><div class="battle-history">Go! <strong>Conkeldurr</strong>!<br></div><div class="spacer battle-history"><br></div><h2 class="battle-history">Turn 12</h2><div class="spacer battle-history"><br></div><div class="battle-history">The opposing Ash could of caugh used <strong>Sacred Fire</strong>!<br></div><div class="battle-history"><small>(Conkeldurr lost <abbr title="−166/351">47.3%</abbr> of its health!)</small><br></div><div class="battle-history"><small>Conkeldurr was burned!</small><br></div><div class="spacer battle-history"><br></div><div class="battle-history">Conkeldurr used <strong>Drain Punch</strong>!<br></div><div class="battle-history"><small>(The opposing Ash could of caugh lost <abbr title="−270/371">72.8%</abbr> of its health!)</small><br></div><div class="battle-history"><small>The opposing Ash could of caugh had its energy drained!</small><br></div><div class="spacer battle-history"><br></div><div class="battle-history"><small>Conkeldurr was hurt by its burn!</small><br></div><div class="spacer battle-history"><br></div><h2 class="battle-history">Turn 13</h2><div class="spacer battle-history"><br></div><div class="battle-history">The opposing Ash could of caugh used <strong>Extreme Speed</strong>!<br></div><div class="battle-history"><small>(Conkeldurr lost <abbr title="−75/351">21.4%</abbr> of its health!)</small><br></div><div class="spacer battle-history"><br></div><div class="battle-history">Conkeldurr used <strong>Mach Punch</strong>!<br></div><div class="battle-history"><small>(The opposing Ash could of caugh lost <abbr title="−101/371">27.2%</abbr> of its health!)</small><br></div><div class="spacer battle-history"><br></div><div class="battle-history">The opposing Ash could of caugh fainted!<br></div><div class="spacer battle-history"><br></div><div class="battle-history"><small>Conkeldurr was hurt by its burn!</small><br></div><div class="spacer battle-history"><br></div><div class="battle-history">Conkeldurr fainted!<br></div><div class="spacer battle-history"><br></div><div class="battle-history">Go! <strong>Houndoom</strong>!<br></div><div class="spacer battle-history"><br></div><div class="battle-history">Parnstar sent out Mandingo (<strong>Conkeldurr</strong>)!<br></div><div class="spacer battle-history"><br></div><h2 class="battle-history">Turn 14</h2><div class="spacer battle-history"><br></div><div class="battle-history"><small>Houndoom's Houndoominite is reacting to Bailor's Mega Bracelet!</small><br>Houndoom has Mega Evolved into Mega Houndoom!<br></div><div class="spacer battle-history"><br></div><div class="battle-history">Houndoom used <strong>Protect</strong>!<br></div><div class="battle-history"><small>Houndoom protected itself!</small><br></div><div class="spacer battle-history"><br></div><div class="battle-history">The opposing Mandingo used <strong>Drain Punch</strong>!<br></div><div class="battle-history"><small>Houndoom protected itself!</small><br></div><div class="spacer battle-history"><br></div><div class="battle-history"><small>The opposing Mandingo was burned!</small><br></div><div class="spacer battle-history"><br></div><h2 class="battle-history">Turn 15</h2><div class="spacer battle-history"><br></div><div class="battle-history">Houndoom used <strong>Fire Blast</strong>!<br></div><div class="battle-history"><small>(The opposing Mandingo lost <abbr title="−303/414">73.2%</abbr> of its health!)</small><br></div><div class="spacer battle-history"><br></div><div class="battle-history">The opposing Mandingo used <strong>Drain Punch</strong>!<br></div><div class="battle-history"><small>It's super effective!</small><br></div><div class="battle-history"><small>(Houndoom lost <abbr title="−291/291">100%</abbr> of its health!)</small><br></div><div class="battle-history"><small>Houndoom had its energy drained!</small><br></div><div class="spacer battle-history"><br></div><div class="battle-history">Houndoom fainted!<br></div><div class="spacer battle-history"><br></div><div class="battle-history"><strong>Parnstar</strong> won the battle!<br></div><div class="chat chatmessage-parnstar"><strong style="color:hsl(41,84%,41.163999978976825%)"><small>☆</small><span class="username" data-name="Parnstar">Parnstar</span>:</strong> <em>Gg</em></div><div class="chat">Bailor's rating: 1155 → <strong>1147</strong><br>(-8 for losing)</div><div class="chat">Parnstar's rating: 1436 → <strong>1443</strong><br>(+7 for winning)</div><div class="chat"><small>Bailor left.</small></div></div><div class="inner-preempt"></div></div></div>
</div>
<script>
let daily = Math.floor(Date.now()/1000/60/60/24);document.write('<script src="https://play.pokemonshowdown.com/js/replay-embed.js?version'+daily+'"></'+'script>');
</script>
