<!DOCTYPE html>
<meta charset="utf-8" />
<!-- version 1 -->
<title>UU replay: Rey.F vs. ShadyKazam</title>
<style>
html,body {font-family:Verdana, sans-serif;font-size:10pt;margin:0;padding:0;}body{padding:12px 0;} .battle-log {font-family:Verdana, sans-serif;font-size:10pt;} .battle-log-inline {border:1px solid #AAAAAA;background:#EEF2F5;color:black;max-width:640px;margin:0 auto 80px;padding-bottom:5px;} .battle-log .inner {padding:4px 8px 0px 8px;} .battle-log .inner-preempt {padding:0 8px 4px 8px;} .battle-log .inner-after {margin-top:0.5em;} .battle-log h2 {margin:0.5em -8px;padding:4px 8px;border:1px solid #AAAAAA;background:#E0E7EA;border-left:0;border-right:0;font-family:Verdana, sans-serif;font-size:13pt;} .battle-log .chat {vertical-align:middle;padding:3px 0 3px 0;font-size:8pt;} .battle-log .chat strong {color:#40576A;} .battle-log .chat em {padding:1px 4px 1px 3px;color:#000000;font-style:normal;} .chat.mine {background:rgba(0,0,0,0.05);margin-left:-8px;margin-right:-8px;padding-left:8px;padding-right:8px;} .spoiler {color:#BBBBBB;background:#BBBBBB;padding:0px 3px;} .spoiler:hover, .spoiler:active, .spoiler-shown {color:#000000;background:#E2E2E2;padding:0px 3px;} .spoiler a {color:#BBBBBB;} .spoiler:hover a, .spoiler:active a, .spoiler-shown a {color:#2288CC;} .chat code, .chat .spoiler:hover code, .chat .spoiler:active code, .chat .spoiler-shown code {border:1px solid #C0C0C0;background:#EEEEEE;color:black;padding:0 2px;} .chat .spoiler code {border:1px solid #CCCCCC;background:#CCCCCC;color:#CCCCCC;} .battle-log .rated {padding:3px 4px;} .battle-log .rated strong {color:white;background:#89A;padding:1px 4px;border-radius:4px;} .spacer {margin-top:0.5em;} .message-announce {background:#6688AA;color:white;padding:1px 4px 2px;} .message-announce a, .broadcast-green a, .broadcast-blue a, .broadcast-red a {color:#DDEEFF;} .broadcast-green {background-color:#559955;color:white;padding:2px 4px;} .broadcast-blue {background-color:#6688AA;color:white;padding:2px 4px;} .infobox {border:1px solid #6688AA;padding:2px 4px;} .infobox-limited {max-height:200px;overflow:auto;overflow-x:hidden;} .broadcast-red {background-color:#AA5544;color:white;padding:2px 4px;} .message-learn-canlearn {font-weight:bold;color:#228822;text-decoration:underline;} .message-learn-cannotlearn {font-weight:bold;color:#CC2222;text-decoration:underline;} .message-effect-weak {font-weight:bold;color:#CC2222;} .message-effect-resist {font-weight:bold;color:#6688AA;} .message-effect-immune {font-weight:bold;color:#666666;} .message-learn-list {margin-top:0;margin-bottom:0;} .message-throttle-notice, .message-error {color:#992222;} .message-overflow, .chat small.message-overflow {font-size:0pt;} .message-overflow::before {font-size:9pt;content:'...';} .subtle {color:#3A4A66;}
</style>
<div class="wrapper replay-wrapper" style="max-width:1180px;margin:0 auto">
<input type="hidden" name="replayid" value="uu-565836863" />
<div class="battle"></div><div class="battle-log"></div><div class="replay-controls"></div><div class="replay-controls-2"></div>
<h1 style="font-weight:normal;text-align:center"><strong>UU</strong><br /><a href="http://pokemonshowdown.com/users/reyf" class="subtle" target="_blank">Rey.F</a> vs. <a href="http://pokemonshowdown.com/users/shadykazam" class="subtle" target="_blank">ShadyKazam</a></h1>
<script type="text/plain" class="battle-log-data">|j|Rey.F
|j|ShadyKazam
|player|p1|Rey.F|290
|player|p2|ShadyKazam|162
|gametype|singles
|gen|6
|tier|UU
|rated
|seed|20296,56179,61791,55099
|rule|Sleep Clause Mod: Limit one foe put to sleep
|rule|Species Clause: Limit one of each Pokémon
|rule|OHKO Clause: OHKO moves are banned
|rule|Moody Clause: Moody is banned
|rule|Evasion Moves Clause: Evasion moves are banned
|rule|Endless Battle Clause: Forcing endless battles is banned
|rule|HP Percentage Mod: HP is shown in percentages
|clearpoke
|poke|p1|Steelix, M|item
|poke|p1|Milotic, F|item
|poke|p1|Crobat, M|item
|poke|p1|Sylveon, F, shiny|item
|poke|p1|Celebi|item
|poke|p1|Fletchinder, M|
|poke|p2|Aerodactyl, M, shiny|item
|poke|p2|Arcanine, F, shiny|item
|poke|p2|Feraligatr, M|item
|poke|p2|Meowstic-F, F|item
|poke|p2|Florges-White, F|item
|poke|p2|Porygon-Z|item
|rule|Swagger Clause: Swagger is banned
|rule|Baton Pass Clause: Limit one Baton Passer, can't pass Spe and other stats simultaneously
|teampreview
|choice|team 2, team 1, team 3, team 4, team 5, team 6|team 3, team 2, team 1, team 4, team 5, team 6
|
|start
|switch|p1a: Milotic|Milotic, F|394\/394
|switch|p2a: Feraligatr|Feraligatr, M|374\/374
|turn|1
|choice|move toxic|move crunch
|
|move|p1a: Milotic|Toxic|p2a: Feraligatr
|-status|p2a: Feraligatr|tox
|move|p2a: Feraligatr|Crunch|p1a: Milotic
|-damage|p1a: Milotic|239\/394
|
|-heal|p1a: Milotic|263\/394|[from] item: Leftovers
|-damage|p2a: Feraligatr|351\/374 tox|[from] psn
|upkeep
|turn|2
|choice|move scald|switch 5
|
|switch|p2a: Florges|Florges-White, F|360\/360
|move|p1a: Milotic|Scald|p2a: Florges
|-damage|p2a: Florges|314\/360
|-status|p2a: Florges|brn
|
|-heal|p1a: Milotic|287\/394|[from] item: Leftovers
|-heal|p2a: Florges|336\/360 brn|[from] item: Leftovers
|-damage|p2a: Florges|291\/360 brn|[from] brn
|upkeep
|turn|3
|choice|switch 2|move wish
|
|switch|p1a: Steelix|Steelix, M|351\/351
|move|p2a: Florges|Wish|p2a: Florges
|
|-heal|p2a: Florges|313\/360 brn|[from] item: Leftovers
|-damage|p2a: Florges|268\/360 brn|[from] brn
|upkeep
|turn|4
|choice|move stealthrock mega|switch 5
|
|switch|p2a: Feraligatr|Feraligatr, M|351\/374 tox
|detailschange|p1a: Steelix|Steelix-Mega, M
|-mega|p1a: Steelix|Steelix|Steelixite
|move|p1a: Steelix|Stealth Rock|p2a: Feraligatr
|-sidestart|p2: ShadyKazam|move: Stealth Rock
|
|-heal|p2a: Feraligatr|374\/374 tox|[from] move: Wish|[wisher] Florges
|-damage|p2a: Feraligatr|351\/374 tox|[from] psn
|upkeep
|turn|5
|choice|switch 5|move waterfall
|
|switch|p1a: Celebi|Celebi|341\/341
|move|p2a: Feraligatr|Waterfall|p1a: Celebi
|-resisted|p1a: Celebi
|-damage|p1a: Celebi|212\/341
|
|-heal|p1a: Celebi|233\/341|[from] item: Leftovers
|-damage|p2a: Feraligatr|305\/374 tox|[from] psn
|upkeep
|turn|6
|choice|move gigadrain|switch 2
|
|switch|p2a: Arcanine|Arcanine, F, shiny|321\/321
|-damage|p2a: Arcanine|241\/321|[from] Stealth Rock
|-ability|p2a: Arcanine|Intimidate|boost
|-unboost|p1a: Celebi|atk|1
|move|p1a: Celebi|Giga Drain|p2a: Arcanine
|-resisted|p2a: Arcanine
|-damage|p2a: Arcanine|180\/321
|-heal|p1a: Celebi|264\/341|[from] drain|[of] p2a: Arcanine
|
|-heal|p1a: Celebi|285\/341|[from] item: Leftovers
|upkeep
|turn|7
|choice|switch 2|switch 6
|
|switch|p2a: Porygon-Z|Porygon-Z|311\/311
|-damage|p2a: Porygon-Z|273\/311|[from] Stealth Rock
|switch|p1a: Milotic|Milotic, F|287\/394
|
|-heal|p1a: Milotic|311\/394|[from] item: Leftovers
|upkeep
|turn|8
|choice|switch 4|move thunderbolt
|
|switch|p1a: Sylveon|Sylveon, F, shiny|394\/394
|move|p2a: Porygon-Z|Thunderbolt|p1a: Sylveon
|-damage|p1a: Sylveon|301\/394
|-status|p1a: Sylveon|par
|
|-heal|p1a: Sylveon|325\/394 par|[from] item: Leftovers
|upkeep
|turn|9
|choice|move healbell|switch 3
|
|switch|p2a: Aerodactyl|Aerodactyl, M, shiny|301\/301
|-damage|p2a: Aerodactyl|226\/301|[from] Stealth Rock
|move|p1a: Sylveon|Heal Bell|p1a: Sylveon
|-activate|p1a: Sylveon|move: Heal Bell
|-curestatus|p1a: Sylveon|par|[msg]
|
|-heal|p1a: Sylveon|349\/394|[from] item: Leftovers
|upkeep
|turn|10
|choice|move wish|move ironhead mega
|
|detailschange|p2a: Aerodactyl|Aerodactyl-Mega, M, shiny
|-mega|p2a: Aerodactyl|Aerodactyl|Aerodactylite
|move|p2a: Aerodactyl|Iron Head|p1a: Sylveon
|-supereffective|p1a: Sylveon
|-crit|p1a: Sylveon
|-damage|p1a: Sylveon|0 fnt
|faint|p1a: Sylveon
|
|upkeep
|choice|switch 5|
|
|switch|p1a: Steelix|Steelix-Mega, M|351\/351
|turn|11
|choice|move heavyslam|switch 2
|
|switch|p2a: Feraligatr|Feraligatr, M|305\/374 tox
|-damage|p2a: Feraligatr|259\/374 tox|[from] Stealth Rock
|move|p1a: Steelix|Heavy Slam|p2a: Feraligatr
|-resisted|p2a: Feraligatr
|-damage|p2a: Feraligatr|173\/374 tox
|
|-damage|p2a: Feraligatr|150\/374 tox|[from] psn
|upkeep
|turn|12
|choice|switch 4|switch 3
|
|switch|p2a: Porygon-Z|Porygon-Z|273\/311
|-damage|p2a: Porygon-Z|235\/311|[from] Stealth Rock
|switch|p1a: Milotic|Milotic, F|311\/394
|
|-heal|p1a: Milotic|335\/394|[from] item: Leftovers
|upkeep
|turn|13
|choice|switch 4|move triattack
|
|switch|p1a: Steelix|Steelix-Mega, M|351\/351
|move|p2a: Porygon-Z|Tri Attack|p1a: Steelix
|-resisted|p1a: Steelix
|-damage|p1a: Steelix|274\/351
|
|upkeep
|turn|14
|choice|move earthquake|switch 6
|
|switch|p2a: Arcanine|Arcanine, F, shiny|180\/321
|-damage|p2a: Arcanine|100\/321|[from] Stealth Rock
|-ability|p2a: Arcanine|Intimidate|boost
|-unboost|p1a: Steelix|atk|1
|move|p1a: Steelix|Earthquake|p2a: Arcanine
|-supereffective|p2a: Arcanine
|-damage|p2a: Arcanine|0 fnt
|faint|p2a: Arcanine
|
|upkeep
|choice||switch 3
|
|switch|p2a: Feraligatr|Feraligatr, M|150\/374 tox
|-damage|p2a: Feraligatr|104\/374 tox|[from] Stealth Rock
|turn|15
|choice|switch 2|move waterfall
|
|switch|p1a: Celebi|Celebi|285\/341
|move|p2a: Feraligatr|Waterfall|p1a: Celebi
|-resisted|p1a: Celebi
|-damage|p1a: Celebi|149\/341
|
|-heal|p1a: Celebi|170\/341|[from] item: Leftovers
|-damage|p2a: Feraligatr|81\/374 tox|[from] psn
|upkeep
|turn|16
|choice|move gigadrain|switch 4
|
|switch|p2a: Meowstic|Meowstic-F, F|290\/290
|-damage|p2a: Meowstic|254\/290|[from] Stealth Rock
|move|p1a: Celebi|Giga Drain|p2a: Meowstic
|-damage|p2a: Meowstic|127\/290
|-heal|p1a: Celebi|234\/341|[from] drain|[of] p2a: Meowstic
|
|-heal|p1a: Celebi|255\/341|[from] item: Leftovers
|upkeep
|turn|17
|choice|move gigadrain|move fakeout
|
|move|p2a: Meowstic|Fake Out|p1a: Celebi
|-damage|p1a: Celebi|240\/341
|cant|p1a: Celebi|flinch
|
|-heal|p1a: Celebi|261\/341|[from] item: Leftovers
|upkeep
|turn|18
|choice|move gigadrain|move darkpulse
|
|move|p2a: Meowstic|Dark Pulse|p1a: Celebi
|-supereffective|p1a: Celebi
|-damage|p1a: Celebi|123\/341
|move|p1a: Celebi|Giga Drain|p2a: Meowstic
|-damage|p2a: Meowstic|3\/290
|-heal|p1a: Celebi|185\/341|[from] drain|[of] p2a: Meowstic
|
|-heal|p1a: Celebi|206\/341|[from] item: Leftovers
|upkeep
|turn|19
|choice|move gigadrain|move darkpulse
|
|move|p2a: Meowstic|Dark Pulse|p1a: Celebi
|-supereffective|p1a: Celebi
|-damage|p1a: Celebi|64\/341
|move|p1a: Celebi|Giga Drain|p2a: Meowstic
|-damage|p2a: Meowstic|0 fnt
|-heal|p1a: Celebi|66\/341|[from] drain|[of] p2a: Meowstic
|faint|p2a: Meowstic
|
|-heal|p1a: Celebi|87\/341|[from] item: Leftovers
|upkeep
|choice||switch 6
|
|switch|p2a: Porygon-Z|Porygon-Z|235\/311
|-damage|p2a: Porygon-Z|197\/311|[from] Stealth Rock
|turn|20
|choice|move psychic|move icebeam
|
|move|p2a: Porygon-Z|Ice Beam|p1a: Celebi
|-supereffective|p1a: Celebi
|-damage|p1a: Celebi|0 fnt
|faint|p1a: Celebi
|
|upkeep
|J|hhhhhhhhhgk
|choice|switch 4|
|
|switch|p1a: Milotic|Milotic, F|335\/394
|turn|21
|choice|switch 2|switch 5
|
|switch|p2a: Florges|Florges-White, F|268\/360 brn
|-damage|p2a: Florges|223\/360 brn|[from] Stealth Rock
|switch|p1a: Steelix|Steelix-Mega, M|274\/351
|
|-heal|p2a: Florges|245\/360 brn|[from] item: Leftovers
|-damage|p2a: Florges|200\/360 brn|[from] brn
|upkeep
|turn|22
|choice|move heavyslam|move gigadrain
|
|move|p2a: Florges|Giga Drain|p1a: Steelix
|-damage|p1a: Steelix|227\/351
|-heal|p2a: Florges|224\/360 brn|[from] drain|[of] p1a: Steelix
|move|p1a: Steelix|Heavy Slam|p2a: Florges
|-supereffective|p2a: Florges
|-damage|p2a: Florges|0 fnt
|faint|p2a: Florges
|
|upkeep
|choice||switch 4
|
|switch|p2a: Feraligatr|Feraligatr, M|81\/374 tox
|-damage|p2a: Feraligatr|35\/374 tox|[from] Stealth Rock
|turn|23
|choice|switch 2|move crunch
|
|switch|p1a: Milotic|Milotic, F|335\/394
|move|p2a: Feraligatr|Crunch|p1a: Milotic
|-damage|p1a: Milotic|175\/394
|
|-heal|p1a: Milotic|199\/394|[from] item: Leftovers
|-damage|p2a: Feraligatr|12\/374 tox|[from] psn
|upkeep
|turn|24
|choice|move recover|move crunch
|
|move|p1a: Milotic|Recover|p1a: Milotic
|-heal|p1a: Milotic|394\/394
|move|p2a: Feraligatr|Crunch|p1a: Milotic
|-damage|p1a: Milotic|248\/394
|
|-heal|p1a: Milotic|272\/394|[from] item: Leftovers
|-damage|p2a: Feraligatr|0 fnt|[from] psn
|upkeep
|faint|p2a: Feraligatr
|choice||switch 2
|
|switch|p2a: Aerodactyl|Aerodactyl-Mega, M, shiny|226\/301
|-damage|p2a: Aerodactyl|151\/301|[from] Stealth Rock
|turn|25
|choice|move recover|move stoneedge
|
|move|p2a: Aerodactyl|Stone Edge|p1a: Milotic|[miss]
|-miss|p2a: Aerodactyl|p1a: Milotic
|move|p1a: Milotic|Recover|p1a: Milotic
|-heal|p1a: Milotic|394\/394
|
|upkeep
|turn|26
|choice|move scald|move stoneedge
|
|move|p2a: Aerodactyl|Stone Edge|p1a: Milotic
|-damage|p1a: Milotic|226\/394
|move|p1a: Milotic|Scald|p2a: Aerodactyl
|-supereffective|p2a: Aerodactyl
|-damage|p2a: Aerodactyl|0 fnt
|faint|p2a: Aerodactyl
|
|-heal|p1a: Milotic|250\/394|[from] item: Leftovers
|upkeep
|choice||switch 5
|
|switch|p2a: Porygon-Z|Porygon-Z|197\/311
|-damage|p2a: Porygon-Z|159\/311|[from] Stealth Rock
|turn|27
|choice|move scald|move triattack
|
|move|p2a: Porygon-Z|Tri Attack|p1a: Milotic
|-damage|p1a: Milotic|96\/394
|move|p1a: Milotic|Scald|p2a: Porygon-Z
|-damage|p2a: Porygon-Z|47\/311
|-status|p2a: Porygon-Z|brn
|
|-heal|p1a: Milotic|120\/394|[from] item: Leftovers
|-damage|p2a: Porygon-Z|9\/311 brn|[from] brn
|upkeep
|turn|28
|l|ShadyKazam
|player|p2|
|-message|ShadyKazam lost due to inactivity.
|
|win|Rey.F
|raw|Rey.F's rating: 1365 &rarr; <strong>1373<\/strong><br \/>(+8 for winning)
|raw|ShadyKazam's rating: 1112 &rarr; <strong>1103<\/strong><br \/>(-9 for losing)
|l|Rey.F</script>
</div>
<div class="battle-log battle-log-inline"><div class="inner"><div class="battle-options"></div><div class="inner"><div class="chat"><small>Rey.F joined.</small></div><div class="chat"><small>ShadyKazam joined.</small></div><div class=""><small>Format:</small> <br><strong>UU</strong></div><div class="rated"><strong>Rated battle</strong></div><div class=""><small><em>Sleep Clause Mod:</em> Limit one foe put to sleep</small></div><div class=""><small><em>Species Clause:</em> Limit one of each Pokémon</small></div><div class=""><small><em>OHKO Clause:</em> OHKO moves are banned</small></div><div class=""><small><em>Moody Clause:</em> Moody is banned</small></div><div class=""><small><em>Evasion Moves Clause:</em> Evasion moves are banned</small></div><div class=""><small><em>Endless Battle Clause:</em> Forcing endless battles is banned</small></div><div class=""><small><em>HP Percentage Mod:</em> HP is shown in percentages</small></div><div class=""><small><em>Swagger Clause:</em> Swagger is banned</small></div><div class=""><small><em>Baton Pass Clause:</em> Limit one Baton Passer, can't pass Spe and other stats simultaneously</small></div><div class="chat battle-history"><strong>Rey.F's team:</strong> <em style="color:#445566;display:block;">Steelix / Milotic / Crobat / Sylveon / Celebi / Fletchinder</em></div><div class="chat battle-history"><strong>ShadyKazam's team:</strong> <em style="color:#445566;display:block;">Aerodactyl / Arcanine / Feraligatr / Meowstic-F / Florges-White / Porygon-Z</em></div><div class="spacer battle-history"><br></div><div class="battle-history">Battle started between Rey.F and ShadyKazam!<br></div><div class="spacer battle-history"><br></div><div class="battle-history">Go! <strong>Milotic</strong>!<br></div><div class="spacer battle-history"><br></div><div class="battle-history">ShadyKazam sent out <strong>Feraligatr</strong>!<br></div><div class="spacer battle-history"><br></div><h2 class="battle-history">Turn 1</h2><div class="spacer battle-history"><br></div><div class="battle-history">Milotic used <strong>Toxic</strong>!<br></div><div class="battle-history"><small>The opposing Feraligatr was badly poisoned!</small><br></div><div class="spacer battle-history"><br></div><div class="battle-history">The opposing Feraligatr used <strong>Crunch</strong>!<br></div><div class="battle-history"><small>(Milotic lost <abbr title="−155/394">39.3%</abbr> of its health!)</small><br></div><div class="spacer battle-history"><br></div><div class="battle-history"><small>Milotic restored a little HP using its Leftovers!</small><br></div><div class="battle-history"><small>The opposing Feraligatr was hurt by poison!</small><br></div><div class="spacer battle-history"><br></div><h2 class="battle-history">Turn 2</h2><div class="spacer battle-history"><br></div><div class="battle-history">ShadyKazam withdrew Feraligatr!<br></div><div class="battle-history">ShadyKazam sent out Florges (<strong>Florges-White</strong>)!<br></div><div class="spacer battle-history"><br></div><div class="battle-history">Milotic used <strong>Scald</strong>!<br></div><div class="battle-history"><small>(The opposing Florges lost <abbr title="−46/360">12.8%</abbr> of its health!)</small><br></div><div class="battle-history"><small>The opposing Florges was burned!</small><br></div><div class="spacer battle-history"><br></div><div class="battle-history"><small>Milotic restored a little HP using its Leftovers!</small><br></div><div class="battle-history"><small>The opposing Florges restored a little HP using its Leftovers!</small><br></div><div class="battle-history"><small>The opposing Florges was hurt by its burn!</small><br></div><div class="spacer battle-history"><br></div><h2 class="battle-history">Turn 3</h2><div class="spacer battle-history"><br></div><div class="battle-history">Milotic, come back!<br></div><div class="battle-history">Go! <strong>Steelix</strong>!<br></div><div class="spacer battle-history"><br></div><div class="battle-history">The opposing Florges used <strong>Wish</strong>!<br></div><div class="spacer battle-history"><br></div><div class="battle-history"><small>The opposing Florges restored a little HP using its Leftovers!</small><br></div><div class="battle-history"><small>The opposing Florges was hurt by its burn!</small><br></div><div class="spacer battle-history"><br></div><h2 class="battle-history">Turn 4</h2><div class="spacer battle-history"><br></div><div class="battle-history">ShadyKazam withdrew Florges!<br></div><div class="battle-history">ShadyKazam sent out <strong>Feraligatr</strong>!<br></div><div class="spacer battle-history"><br></div><div class="battle-history"><small>Steelix's Steelixite is reacting to Rey.F's Mega Bracelet!</small><br>Steelix has Mega Evolved into Mega Steelix!<br></div><div class="spacer battle-history"><br></div><div class="battle-history">Steelix used <strong>Stealth Rock</strong>!<br></div><div class="battle-history"><small>Pointed stones float in the air around the opposing team!</small><br></div><div class="spacer battle-history"><br></div><div class="battle-history"><small>Florges's wish came true!</small><br></div><div class="battle-history"><small>The opposing Feraligatr was hurt by poison!</small><br></div><div class="spacer battle-history"><br></div><h2 class="battle-history">Turn 5</h2><div class="spacer battle-history"><br></div><div class="battle-history">Steelix, come back!<br></div><div class="battle-history">Go! <strong>Celebi</strong>!<br></div><div class="spacer battle-history"><br></div><div class="battle-history">The opposing Feraligatr used <strong>Waterfall</strong>!<br></div><div class="battle-history"><small>It's not very effective...</small><br></div><div class="battle-history"><small>(Celebi lost <abbr title="−129/341">37.8%</abbr> of its health!)</small><br></div><div class="spacer battle-history"><br></div><div class="battle-history"><small>Celebi restored a little HP using its Leftovers!</small><br></div><div class="battle-history"><small>The opposing Feraligatr was hurt by poison!</small><br></div><div class="spacer battle-history"><br></div><h2 class="battle-history">Turn 6</h2><div class="spacer battle-history"><br></div><div class="battle-history">ShadyKazam withdrew Feraligatr!<br></div><div class="battle-history">ShadyKazam sent out <strong>Arcanine</strong>!<br></div><div class="battle-history"><small>Pointed stones dug into the opposing Arcanine!</small><br></div><div class="battle-history"><small>[The opposing Arcanine's Intimidate]</small><br></div><div class="battle-history"><small>Celebi's Attack fell!</small><br></div><div class="spacer battle-history"><br></div><div class="battle-history">Celebi used <strong>Giga Drain</strong>!<br></div><div class="battle-history"><small>It's not very effective...</small><br></div><div class="battle-history"><small>(The opposing Arcanine lost <abbr title="−61/321">19.0%</abbr> of its health!)</small><br></div><div class="battle-history"><small>The opposing Arcanine had its energy drained!</small><br></div><div class="spacer battle-history"><br></div><div class="battle-history"><small>Celebi restored a little HP using its Leftovers!</small><br></div><div class="spacer battle-history"><br></div><h2 class="battle-history">Turn 7</h2><div class="spacer battle-history"><br></div><div class="battle-history">ShadyKazam withdrew Arcanine!<br></div><div class="battle-history">ShadyKazam sent out <strong>Porygon-Z</strong>!<br></div><div class="battle-history"><small>Pointed stones dug into the opposing Porygon-Z!</small><br></div><div class="spacer battle-history"><br></div><div class="battle-history">Celebi, come back!<br></div><div class="battle-history">Go! <strong>Milotic</strong>!<br></div><div class="spacer battle-history"><br></div><div class="battle-history"><small>Milotic restored a little HP using its Leftovers!</small><br></div><div class="spacer battle-history"><br></div><h2 class="battle-history">Turn 8</h2><div class="spacer battle-history"><br></div><div class="battle-history">Milotic, come back!<br></div><div class="battle-history">Go! <strong>Sylveon</strong>!<br></div><div class="spacer battle-history"><br></div><div class="battle-history">The opposing Porygon-Z used <strong>Thunderbolt</strong>!<br></div><div class="battle-history"><small>(Sylveon lost <abbr title="−93/394">23.6%</abbr> of its health!)</small><br></div><div class="battle-history"><small>Sylveon is paralyzed! It may be unable to move!</small><br></div><div class="spacer battle-history"><br></div><div class="battle-history"><small>Sylveon restored a little HP using its Leftovers!</small><br></div><div class="spacer battle-history"><br></div><h2 class="battle-history">Turn 9</h2><div class="spacer battle-history"><br></div><div class="battle-history">ShadyKazam withdrew Porygon-Z!<br></div><div class="battle-history">ShadyKazam sent out <strong>Aerodactyl</strong>!<br></div><div class="battle-history"><small>Pointed stones dug into the opposing Aerodactyl!</small><br></div><div class="spacer battle-history"><br></div><div class="battle-history">Sylveon used <strong>Heal Bell</strong>!<br></div><div class="battle-history"><small>A bell chimed!</small><br></div><div class="battle-history"><small>Sylveon was cured of paralysis.</small><br></div><div class="spacer battle-history"><br></div><div class="battle-history"><small>Sylveon restored a little HP using its Leftovers!</small><br></div><div class="spacer battle-history"><br></div><h2 class="battle-history">Turn 10</h2><div class="spacer battle-history"><br></div><div class="battle-history"><small>The opposing Aerodactyl's Aerodactylite is reacting to ShadyKazam's Mega Bracelet!</small><br>The opposing Aerodactyl has Mega Evolved into Mega Aerodactyl!<br></div><div class="spacer battle-history"><br></div><div class="battle-history">The opposing Aerodactyl used <strong>Iron Head</strong>!<br></div><div class="battle-history"><small>It's super effective!</small><br></div><div class="battle-history"><small>A critical hit!</small><br></div><div class="battle-history"><small>(Sylveon lost <abbr title="−349/394">88.6%</abbr> of its health!)</small><br></div><div class="spacer battle-history"><br></div><div class="battle-history">Sylveon fainted!<br></div><div class="spacer battle-history"><br></div><div class="battle-history">Go! Steelix (<strong>Steelix-Mega</strong>)!<br></div><div class="spacer battle-history"><br></div><h2 class="battle-history">Turn 11</h2><div class="spacer battle-history"><br></div><div class="battle-history">ShadyKazam withdrew Aerodactyl!<br></div><div class="battle-history">ShadyKazam sent out <strong>Feraligatr</strong>!<br></div><div class="battle-history"><small>Pointed stones dug into the opposing Feraligatr!</small><br></div><div class="spacer battle-history"><br></div><div class="battle-history">Steelix used <strong>Heavy Slam</strong>!<br></div><div class="battle-history"><small>It's not very effective...</small><br></div><div class="battle-history"><small>(The opposing Feraligatr lost <abbr title="−86/374">23.0%</abbr> of its health!)</small><br></div><div class="spacer battle-history"><br></div><div class="battle-history"><small>The opposing Feraligatr was hurt by poison!</small><br></div><div class="spacer battle-history"><br></div><h2 class="battle-history">Turn 12</h2><div class="spacer battle-history"><br></div><div class="battle-history">ShadyKazam withdrew Feraligatr!<br></div><div class="battle-history">ShadyKazam sent out <strong>Porygon-Z</strong>!<br></div><div class="battle-history"><small>Pointed stones dug into the opposing Porygon-Z!</small><br></div><div class="spacer battle-history"><br></div><div class="battle-history">Steelix, come back!<br></div><div class="battle-history">Go! <strong>Milotic</strong>!<br></div><div class="spacer battle-history"><br></div><div class="battle-history"><small>Milotic restored a little HP using its Leftovers!</small><br></div><div class="spacer battle-history"><br></div><h2 class="battle-history">Turn 13</h2><div class="spacer battle-history"><br></div><div class="battle-history">Milotic, come back!<br></div><div class="battle-history">Go! Steelix (<strong>Steelix-Mega</strong>)!<br></div><div class="spacer battle-history"><br></div><div class="battle-history">The opposing Porygon-Z used <strong>Tri Attack</strong>!<br></div><div class="battle-history"><small>It's not very effective...</small><br></div><div class="battle-history"><small>(Steelix lost <abbr title="−77/351">21.9%</abbr> of its health!)</small><br></div><div class="spacer battle-history"><br></div><h2 class="battle-history">Turn 14</h2><div class="spacer battle-history"><br></div><div class="battle-history">ShadyKazam withdrew Porygon-Z!<br></div><div class="battle-history">ShadyKazam sent out <strong>Arcanine</strong>!<br></div><div class="battle-history"><small>Pointed stones dug into the opposing Arcanine!</small><br></div><div class="battle-history"><small>[The opposing Arcanine's Intimidate]</small><br></div><div class="battle-history"><small>Steelix's Attack fell!</small><br></div><div class="spacer battle-history"><br></div><div class="battle-history">Steelix used <strong>Earthquake</strong>!<br></div><div class="battle-history"><small>It's super effective!</small><br></div><div class="battle-history"><small>(The opposing Arcanine lost <abbr title="−100/321">31.2%</abbr> of its health!)</small><br></div><div class="spacer battle-history"><br></div><div class="battle-history">The opposing Arcanine fainted!<br></div><div class="spacer battle-history"><br></div><div class="battle-history">ShadyKazam sent out <strong>Feraligatr</strong>!<br></div><div class="battle-history"><small>Pointed stones dug into the opposing Feraligatr!</small><br></div><div class="spacer battle-history"><br></div><h2 class="battle-history">Turn 15</h2><div class="spacer battle-history"><br></div><div class="battle-history">Steelix, come back!<br></div><div class="battle-history">Go! <strong>Celebi</strong>!<br></div><div class="spacer battle-history"><br></div><div class="battle-history">The opposing Feraligatr used <strong>Waterfall</strong>!<br></div><div class="battle-history"><small>It's not very effective...</small><br></div><div class="battle-history"><small>(Celebi lost <abbr title="−136/341">39.9%</abbr> of its health!)</small><br></div><div class="spacer battle-history"><br></div><div class="battle-history"><small>Celebi restored a little HP using its Leftovers!</small><br></div><div class="battle-history"><small>The opposing Feraligatr was hurt by poison!</small><br></div><div class="spacer battle-history"><br></div><h2 class="battle-history">Turn 16</h2><div class="spacer battle-history"><br></div><div class="battle-history">ShadyKazam withdrew Feraligatr!<br></div><div class="battle-history">ShadyKazam sent out Meowstic (<strong>Meowstic-F</strong>)!<br></div><div class="battle-history"><small>Pointed stones dug into the opposing Meowstic!</small><br></div><div class="spacer battle-history"><br></div><div class="battle-history">Celebi used <strong>Giga Drain</strong>!<br></div><div class="battle-history"><small>(The opposing Meowstic lost <abbr title="−127/290">43.8%</abbr> of its health!)</small><br></div><div class="battle-history"><small>The opposing Meowstic had its energy drained!</small><br></div><div class="spacer battle-history"><br></div><div class="battle-history"><small>Celebi restored a little HP using its Leftovers!</small><br></div><div class="spacer battle-history"><br></div><h2 class="battle-history">Turn 17</h2><div class="spacer battle-history"><br></div><div class="battle-history">The opposing Meowstic used <strong>Fake Out</strong>!<br></div><div class="battle-history"><small>(Celebi lost <abbr title="−15/341">4.4%</abbr> of its health!)</small><br></div><div class="spacer battle-history"><br></div><div class="battle-history">Celebi flinched and couldn't move!<br></div><div class="spacer battle-history"><br></div><div class="battle-history"><small>Celebi restored a little HP using its Leftovers!</small><br></div><div class="spacer battle-history"><br></div><h2 class="battle-history">Turn 18</h2><div class="spacer battle-history"><br></div><div class="battle-history">The opposing Meowstic used <strong>Dark Pulse</strong>!<br></div><div class="battle-history"><small>It's super effective!</small><br></div><div class="battle-history"><small>(Celebi lost <abbr title="−138/341">40.5%</abbr> of its health!)</small><br></div><div class="spacer battle-history"><br></div><div class="battle-history">Celebi used <strong>Giga Drain</strong>!<br></div><div class="battle-history"><small>(The opposing Meowstic lost <abbr title="−124/290">42.8%</abbr> of its health!)</small><br></div><div class="battle-history"><small>The opposing Meowstic had its energy drained!</small><br></div><div class="spacer battle-history"><br></div><div class="battle-history"><small>Celebi restored a little HP using its Leftovers!</small><br></div><div class="spacer battle-history"><br></div><h2 class="battle-history">Turn 19</h2><div class="spacer battle-history"><br></div><div class="battle-history">The opposing Meowstic used <strong>Dark Pulse</strong>!<br></div><div class="battle-history"><small>It's super effective!</small><br></div><div class="battle-history"><small>(Celebi lost <abbr title="−142/341">41.6%</abbr> of its health!)</small><br></div><div class="spacer battle-history"><br></div><div class="battle-history">Celebi used <strong>Giga Drain</strong>!<br></div><div class="battle-history"><small>(The opposing Meowstic lost <abbr title="−3/290">1.0%</abbr> of its health!)</small><br></div><div class="battle-history"><small>The opposing Meowstic had its energy drained!</small><br></div><div class="spacer battle-history"><br></div><div class="battle-history">The opposing Meowstic fainted!<br></div><div class="spacer battle-history"><br></div><div class="battle-history"><small>Celebi restored a little HP using its Leftovers!</small><br></div><div class="spacer battle-history"><br></div><div class="battle-history">ShadyKazam sent out <strong>Porygon-Z</strong>!<br></div><div class="battle-history"><small>Pointed stones dug into the opposing Porygon-Z!</small><br></div><div class="spacer battle-history"><br></div><h2 class="battle-history">Turn 20</h2><div class="spacer battle-history"><br></div><div class="battle-history">The opposing Porygon-Z used <strong>Ice Beam</strong>!<br></div><div class="battle-history"><small>It's super effective!</small><br></div><div class="battle-history"><small>(Celebi lost <abbr title="−87/341">25.5%</abbr> of its health!)</small><br></div><div class="spacer battle-history"><br></div><div class="battle-history">Celebi fainted!<br></div><div class="spacer battle-history"><br></div><div class="battle-history">Go! <strong>Milotic</strong>!<br></div><div class="spacer battle-history"><br></div><h2 class="battle-history">Turn 21</h2><div class="spacer battle-history"><br></div><div class="battle-history">ShadyKazam withdrew Porygon-Z!<br></div><div class="battle-history">ShadyKazam sent out Florges (<strong>Florges-White</strong>)!<br></div><div class="battle-history"><small>Pointed stones dug into the opposing Florges!</small><br></div><div class="spacer battle-history"><br></div><div class="battle-history">Milotic, come back!<br></div><div class="battle-history">Go! Steelix (<strong>Steelix-Mega</strong>)!<br></div><div class="spacer battle-history"><br></div><div class="battle-history"><small>The opposing Florges restored a little HP using its Leftovers!</small><br></div><div class="battle-history"><small>The opposing Florges was hurt by its burn!</small><br></div><div class="spacer battle-history"><br></div><h2 class="battle-history">Turn 22</h2><div class="spacer battle-history"><br></div><div class="battle-history">The opposing Florges used <strong>Giga Drain</strong>!<br></div><div class="battle-history"><small>(Steelix lost <abbr title="−47/351">13.4%</abbr> of its health!)</small><br></div><div class="battle-history"><small>Steelix had its energy drained!</small><br></div><div class="spacer battle-history"><br></div><div class="battle-history">Steelix used <strong>Heavy Slam</strong>!<br></div><div class="battle-history"><small>It's super effective!</small><br></div><div class="battle-history"><small>(The opposing Florges lost <abbr title="−224/360">62.2%</abbr> of its health!)</small><br></div><div class="spacer battle-history"><br></div><div class="battle-history">The opposing Florges fainted!<br></div><div class="spacer battle-history"><br></div><div class="battle-history">ShadyKazam sent out <strong>Feraligatr</strong>!<br></div><div class="battle-history"><small>Pointed stones dug into the opposing Feraligatr!</small><br></div><div class="spacer battle-history"><br></div><h2 class="battle-history">Turn 23</h2><div class="spacer battle-history"><br></div><div class="battle-history">Steelix, come back!<br></div><div class="battle-history">Go! <strong>Milotic</strong>!<br></div><div class="spacer battle-history"><br></div><div class="battle-history">The opposing Feraligatr used <strong>Crunch</strong>!<br></div><div class="battle-history"><small>(Milotic lost <abbr title="−160/394">40.6%</abbr> of its health!)</small><br></div><div class="spacer battle-history"><br></div><div class="battle-history"><small>Milotic restored a little HP using its Leftovers!</small><br></div><div class="battle-history"><small>The opposing Feraligatr was hurt by poison!</small><br></div><div class="spacer battle-history"><br></div><h2 class="battle-history">Turn 24</h2><div class="spacer battle-history"><br></div><div class="battle-history">Milotic used <strong>Recover</strong>!<br></div><div class="battle-history"><small>Milotic restored its HP.</small><br></div><div class="spacer battle-history"><br></div><div class="battle-history">The opposing Feraligatr used <strong>Crunch</strong>!<br></div><div class="battle-history"><small>(Milotic lost <abbr title="−146/394">37.1%</abbr> of its health!)</small><br></div><div class="spacer battle-history"><br></div><div class="battle-history"><small>Milotic restored a little HP using its Leftovers!</small><br></div><div class="battle-history"><small>The opposing Feraligatr was hurt by poison!</small><br></div><div class="spacer battle-history"><br></div><div class="battle-history">The opposing Feraligatr fainted!<br></div><div class="spacer battle-history"><br></div><div class="battle-history">ShadyKazam sent out Aerodactyl (<strong>Aerodactyl-Mega</strong>)!<br></div><div class="battle-history"><small>Pointed stones dug into the opposing Aerodactyl!</small><br></div><div class="spacer battle-history"><br></div><h2 class="battle-history">Turn 25</h2><div class="spacer battle-history"><br></div><div class="battle-history">The opposing Aerodactyl used <strong>Stone Edge</strong>!<br></div><div class="battle-history"><small>Milotic avoided the attack!</small><br></div><div class="spacer battle-history"><br></div><div class="battle-history">Milotic used <strong>Recover</strong>!<br></div><div class="battle-history"><small>Milotic restored its HP.</small><br></div><div class="spacer battle-history"><br></div><h2 class="battle-history">Turn 26</h2><div class="spacer battle-history"><br></div><div class="battle-history">The opposing Aerodactyl used <strong>Stone Edge</strong>!<br></div><div class="battle-history"><small>(Milotic lost <abbr title="−168/394">42.6%</abbr> of its health!)</small><br></div><div class="spacer battle-history"><br></div><div class="battle-history">Milotic used <strong>Scald</strong>!<br></div><div class="battle-history"><small>It's super effective!</small><br></div><div class="battle-history"><small>(The opposing Aerodactyl lost <abbr title="−151/301">50.2%</abbr> of its health!)</small><br></div><div class="spacer battle-history"><br></div><div class="battle-history">The opposing Aerodactyl fainted!<br></div><div class="spacer battle-history"><br></div><div class="battle-history"><small>Milotic restored a little HP using its Leftovers!</small><br></div><div class="spacer battle-history"><br></div><div class="battle-history">ShadyKazam sent out <strong>Porygon-Z</strong>!<br></div><div class="battle-history"><small>Pointed stones dug into the opposing Porygon-Z!</small><br></div><div class="spacer battle-history"><br></div><h2 class="battle-history">Turn 27</h2><div class="spacer battle-history"><br></div><div class="battle-history">The opposing Porygon-Z used <strong>Tri Attack</strong>!<br></div><div class="battle-history"><small>(Milotic lost <abbr title="−154/394">39.1%</abbr> of its health!)</small><br></div><div class="spacer battle-history"><br></div><div class="battle-history">Milotic used <strong>Scald</strong>!<br></div><div class="battle-history"><small>(The opposing Porygon-Z lost <abbr title="−112/311">36.0%</abbr> of its health!)</small><br></div><div class="battle-history"><small>The opposing Porygon-Z was burned!</small><br></div><div class="spacer battle-history"><br></div><div class="battle-history"><small>Milotic restored a little HP using its Leftovers!</small><br></div><div class="battle-history"><small>The opposing Porygon-Z was hurt by its burn!</small><br></div><div class="spacer battle-history"><br></div><h2 class="battle-history">Turn 28</h2><div class="chat"><small>ShadyKazam left.</small></div><div class="spacer battle-history"><br></div><div class="battle-history"><small>ShadyKazam lost due to inactivity.</small><br></div><div class="spacer battle-history"><br></div><div class="battle-history"><strong>Rey.F</strong> won the battle!<br></div><div class="chat">Rey.F's rating: 1365 → <strong>1373</strong><br>(+8 for winning)</div><div class="chat">ShadyKazam's rating: 1112 → <strong>1103</strong><br>(-9 for losing)</div><div class="chat"><small>Rey.F left.</small></div></div><div class="inner-preempt"></div></div></div>
</div>
<script>
let daily = Math.floor(Date.now()/1000/60/60/24);document.write('<script src="https://play.pokemonshowdown.com/js/replay-embed.js?version'+daily+'"></'+'script>');
</script>
