<!DOCTYPE html>
<meta charset="utf-8" />
<!-- version 1 -->
<title>UU replay: bweee vs. minolob</title>
<style>
html,body {font-family:Verdana, sans-serif;font-size:10pt;margin:0;padding:0;}body{padding:12px 0;} .battle-log {font-family:Verdana, sans-serif;font-size:10pt;} .battle-log-inline {border:1px solid #AAAAAA;background:#EEF2F5;color:black;max-width:640px;margin:0 auto 80px;padding-bottom:5px;} .battle-log .inner {padding:4px 8px 0px 8px;} .battle-log .inner-preempt {padding:0 8px 4px 8px;} .battle-log .inner-after {margin-top:0.5em;} .battle-log h2 {margin:0.5em -8px;padding:4px 8px;border:1px solid #AAAAAA;background:#E0E7EA;border-left:0;border-right:0;font-family:Verdana, sans-serif;font-size:13pt;} .battle-log .chat {vertical-align:middle;padding:3px 0 3px 0;font-size:8pt;} .battle-log .chat strong {color:#40576A;} .battle-log .chat em {padding:1px 4px 1px 3px;color:#000000;font-style:normal;} .chat.mine {background:rgba(0,0,0,0.05);margin-left:-8px;margin-right:-8px;padding-left:8px;padding-right:8px;} .spoiler {color:#BBBBBB;background:#BBBBBB;padding:0px 3px;} .spoiler:hover, .spoiler:active, .spoiler-shown {color:#000000;background:#E2E2E2;padding:0px 3px;} .spoiler a {color:#BBBBBB;} .spoiler:hover a, .spoiler:active a, .spoiler-shown a {color:#2288CC;} .chat code, .chat .spoiler:hover code, .chat .spoiler:active code, .chat .spoiler-shown code {border:1px solid #C0C0C0;background:#EEEEEE;color:black;padding:0 2px;} .chat .spoiler code {border:1px solid #CCCCCC;background:#CCCCCC;color:#CCCCCC;} .battle-log .rated {padding:3px 4px;} .battle-log .rated strong {color:white;background:#89A;padding:1px 4px;border-radius:4px;} .spacer {margin-top:0.5em;} .message-announce {background:#6688AA;color:white;padding:1px 4px 2px;} .message-announce a, .broadcast-green a, .broadcast-blue a, .broadcast-red a {color:#DDEEFF;} .broadcast-green {background-color:#559955;color:white;padding:2px 4px;} .broadcast-blue {background-color:#6688AA;color:white;padding:2px 4px;} .infobox {border:1px solid #6688AA;padding:2px 4px;} .infobox-limited {max-height:200px;overflow:auto;overflow-x:hidden;} .broadcast-red {background-color:#AA5544;color:white;padding:2px 4px;} .message-learn-canlearn {font-weight:bold;color:#228822;text-decoration:underline;} .message-learn-cannotlearn {font-weight:bold;color:#CC2222;text-decoration:underline;} .message-effect-weak {font-weight:bold;color:#CC2222;} .message-effect-resist {font-weight:bold;color:#6688AA;} .message-effect-immune {font-weight:bold;color:#666666;} .message-learn-list {margin-top:0;margin-bottom:0;} .message-throttle-notice, .message-error {color:#992222;} .message-overflow, .chat small.message-overflow {font-size:0pt;} .message-overflow::before {font-size:9pt;content:'...';} .subtle {color:#3A4A66;}
</style>
<div class="wrapper replay-wrapper" style="max-width:1180px;margin:0 auto">
<input type="hidden" name="replayid" value="uu-540701473" />
<div class="battle"></div><div class="battle-log"></div><div class="replay-controls"></div><div class="replay-controls-2"></div>
<h1 style="font-weight:normal;text-align:center"><strong>UU</strong><br /><a href="http://pokemonshowdown.com/users/bweee" class="subtle" target="_blank">bweee</a> vs. <a href="http://pokemonshowdown.com/users/minolob" class="subtle" target="_blank">minolob</a></h1>
<script type="text/plain" class="battle-log-data">|j|bweee
|j|minolob
|player|p1|bweee|169
|player|p2|minolob|1
|gametype|singles
|gen|6
|tier|UU
|rated
|seed|11500,12410,5625,27951
|rule|Sleep Clause Mod: Limit one foe put to sleep
|rule|Species Clause: Limit one of each Pokémon
|rule|OHKO Clause: OHKO moves are banned
|rule|Moody Clause: Moody is banned
|rule|Evasion Moves Clause: Evasion moves are banned
|rule|Endless Battle Clause: Forcing endless battles is banned
|rule|HP Percentage Mod: HP is shown in percentages
|clearpoke
|poke|p1|Noivern, M|item
|poke|p1|Zoroark, F|item
|poke|p1|Bronzong|item
|poke|p1|Drapion, F|item
|poke|p1|Sceptile, F|item
|poke|p1|Slowking, F|item
|poke|p2|Infernape, F|item
|poke|p2|Sceptile, F|item
|poke|p2|Honchkrow, F|item
|poke|p2|Cobalion|item
|poke|p2|Feraligatr, M|item
|poke|p2|Entei, shiny|item
|rule|Swagger Clause: Swagger is banned
|rule|Baton Pass Clause: Limit one Baton Passer, can't pass Spe and other stats simultaneously
|teampreview
|choice|team 1, team 2, team 3, team 4, team 5, team 6|team 1, team 2, team 3, team 4, team 5, team 6
|
|start
|switch|p1a: THE BASS|Noivern, M|311\/311
|switch|p2a: Infernape|Infernape, F|293\/293
|turn|1
|choice|move hurricane|move stealthrock
|
|move|p1a: THE BASS|Hurricane|p2a: Infernape
|-supereffective|p2a: Infernape
|-enditem|p2a: Infernape|Focus Sash
|-damage|p2a: Infernape|1\/293
|move|p2a: Infernape|Stealth Rock|p1a: THE BASS
|-sidestart|p1: bweee|move: Stealth Rock
|
|upkeep
|turn|2
|choice|move hurricane|move endeavor
|
|move|p1a: THE BASS|Hurricane|p2a: Infernape
|-supereffective|p2a: Infernape
|-damage|p2a: Infernape|0 fnt
|faint|p2a: Infernape
|
|upkeep
|choice||switch 2
|
|switch|p2a: Sceptile|Sceptile, F|281\/281
|turn|3
|choice|move hurricane|move dragonpulse mega
|
|detailschange|p2a: Sceptile|Sceptile-Mega, F
|-mega|p2a: Sceptile|Sceptile|Sceptilite
|move|p1a: THE BASS|Hurricane|p2a: Sceptile
|-supereffective|p2a: Sceptile
|-damage|p2a: Sceptile|0 fnt
|faint|p2a: Sceptile
|
|upkeep
|choice||switch 3
|
|switch|p2a: Honchkrow|Honchkrow, F|341\/341
|turn|4
|choice|switch 4|move suckerpunch
|
|switch|p1a: THECLAAAWW|Drapion, F|343\/343
|-damage|p1a: THECLAAAWW|301\/343|[from] Stealth Rock
|move|p2a: Honchkrow|Sucker Punch|p1a: THECLAAAWW|[still]
|-fail|p2a: Honchkrow
|
|-heal|p1a: THECLAAAWW|322\/343|[from] item: Black Sludge
|upkeep
|turn|5
|choice|move poisonjab|switch 4
|
|switch|p2a: Cobalion|Cobalion|324\/324
|move|p1a: THECLAAAWW|Poison Jab|p2a: Cobalion
|-immune|p2a: Cobalion|[msg]
|
|-heal|p1a: THECLAAAWW|343\/343|[from] item: Black Sludge
|upkeep
|turn|6
|choice|switch 6|move swordsdance
|
|switch|p1a: Pinhead|Slowking, F|393\/393
|-damage|p1a: Pinhead|344\/393|[from] Stealth Rock
|move|p2a: Cobalion|Swords Dance|p2a: Cobalion
|-boost|p2a: Cobalion|atk|2
|
|-heal|p1a: Pinhead|368\/393|[from] item: Leftovers
|upkeep
|turn|7
|choice|move scald|move ironhead
|
|move|p2a: Cobalion|Iron Head|p1a: Pinhead
|-resisted|p1a: Pinhead
|-damage|p1a: Pinhead|284\/393
|move|p1a: Pinhead|Scald|p2a: Cobalion
|-damage|p2a: Cobalion|210\/324
|
|-heal|p2a: Cobalion|230\/324|[from] item: Leftovers
|-heal|p1a: Pinhead|308\/393|[from] item: Leftovers
|upkeep
|turn|8
|choice|move scald|move swordsdance
|
|move|p2a: Cobalion|Swords Dance|p2a: Cobalion
|-boost|p2a: Cobalion|atk|2
|move|p1a: Pinhead|Scald|p2a: Cobalion
|-damage|p2a: Cobalion|115\/324
|-status|p2a: Cobalion|brn
|
|-heal|p2a: Cobalion|135\/324 brn|[from] item: Leftovers
|-heal|p1a: Pinhead|332\/393|[from] item: Leftovers
|-damage|p2a: Cobalion|95\/324 brn|[from] brn
|upkeep
|turn|9
|choice|move scald|move ironhead
|
|move|p2a: Cobalion|Iron Head|p1a: Pinhead
|-resisted|p1a: Pinhead
|-damage|p1a: Pinhead|266\/393
|move|p1a: Pinhead|Scald|p2a: Cobalion
|-damage|p2a: Cobalion|0 fnt
|faint|p2a: Cobalion
|
|-heal|p1a: Pinhead|290\/393|[from] item: Leftovers
|upkeep
|choice||switch 4
|
|switch|p2a: Honchkrow|Honchkrow, F|341\/341
|turn|10
|choice|switch 6|move pursuit
|
|-activate|p1a: Pinhead|move: Pursuit
|move|p2a: Honchkrow|Pursuit|p1a: Pinhead|[from]Pursuit
|-supereffective|p1a: Pinhead
|-damage|p1a: Pinhead|0 fnt
|-damage|p2a: Honchkrow|307\/341|[from] item: Life Orb
|faint|p1a: Pinhead
|-ability|p2a: Honchkrow|Moxie|boost
|-boost|p2a: Honchkrow|atk|1
|
|upkeep
|choice|switch 2|
|
|switch|p1a: THECLAAAWW|Drapion, F|261\/261
|-damage|p1a: THECLAAAWW|229\/261|[from] Stealth Rock
|turn|11
|choice|move focusblast|move bravebird
|
|move|p1a: THECLAAAWW|Focus Blast|p2a: Honchkrow
|-damage|p2a: Honchkrow|25\/341
|-damage|p1a: THECLAAAWW|203\/261|[from] item: Life Orb
|move|p2a: Honchkrow|Brave Bird|p1a: THECLAAAWW
|replace|p1a: But it was me Dio!|Zoroark, F
|-end|p1a: But it was me Dio!|Illusion
|-damage|p1a: But it was me Dio!|0 fnt
|-damage|p2a: Honchkrow|0 fnt|[from] recoil|[of] p1a: But it was me Dio!
|faint|p1a: But it was me Dio!
|faint|p2a: Honchkrow
|
|upkeep
|choice|switch 5|switch 6
|
|switch|p1a: MERRY XMAS|Sceptile, F|281\/281
|switch|p2a: Entei|Entei, shiny|371\/371
|-damage|p1a: MERRY XMAS|246\/281|[from] Stealth Rock
|-ability|p2a: Entei|Pressure
|turn|12
|choice|switch 3|move extremespeed
|
|switch|p1a: Outrageous|Bronzong|337\/337
|-damage|p1a: Outrageous|316\/337|[from] Stealth Rock
|move|p2a: Entei|Extreme Speed|p1a: Outrageous
|-resisted|p1a: Outrageous
|-damage|p1a: Outrageous|262\/337
|
|-heal|p1a: Outrageous|283\/337|[from] item: Leftovers
|upkeep
|turn|13
|choice|move stealthrock|switch 5
|
|switch|p2a: Feraligatr|Feraligatr, M|311\/311
|move|p1a: Outrageous|Stealth Rock|p2a: Feraligatr
|-sidestart|p2: minolob|move: Stealth Rock
|
|-heal|p1a: Outrageous|304\/337|[from] item: Leftovers
|upkeep
|turn|14
|choice|switch 3|move dragondance
|
|switch|p1a: MERRY XMAS|Sceptile, F|246\/281
|-damage|p1a: MERRY XMAS|211\/281|[from] Stealth Rock
|move|p2a: Feraligatr|Dragon Dance|p2a: Feraligatr
|-boost|p2a: Feraligatr|atk|1
|-boost|p2a: Feraligatr|spe|1
|
|upkeep
|turn|15
|choice|move gigadrain|move icepunch
|
|move|p2a: Feraligatr|Ice Punch|p1a: MERRY XMAS
|-supereffective|p1a: MERRY XMAS
|-damage|p1a: MERRY XMAS|0 fnt
|faint|p1a: MERRY XMAS
|
|upkeep
|choice|switch 6|
|
|switch|p1a: THECLAAAWW|Drapion, F|343\/343
|-damage|p1a: THECLAAAWW|301\/343|[from] Stealth Rock
|turn|16
|choice|move knockoff|move dragondance
|
|move|p2a: Feraligatr|Dragon Dance|p2a: Feraligatr
|-boost|p2a: Feraligatr|atk|1
|-boost|p2a: Feraligatr|spe|1
|move|p1a: THECLAAAWW|Knock Off|p2a: Feraligatr
|-damage|p2a: Feraligatr|170\/311
|-enditem|p2a: Feraligatr|Life Orb|[from] move: Knock Off|[of] p1a: THECLAAAWW
|
|-heal|p1a: THECLAAAWW|322\/343|[from] item: Black Sludge
|upkeep
|turn|17
|choice|move poisonjab|move waterfall
|
|move|p2a: Feraligatr|Waterfall|p1a: THECLAAAWW
|-damage|p1a: THECLAAAWW|46\/343
|move|p1a: THECLAAAWW|Poison Jab|p2a: Feraligatr
|-damage|p2a: Feraligatr|58\/311
|
|-heal|p1a: THECLAAAWW|67\/343|[from] item: Black Sludge
|upkeep
|turn|18
|choice|move poisonjab|move waterfall
|
|move|p2a: Feraligatr|Waterfall|p1a: THECLAAAWW
|-damage|p1a: THECLAAAWW|0 fnt
|faint|p1a: THECLAAAWW
|
|upkeep
|choice|switch 3|
|
|switch|p1a: Outrageous|Bronzong|304\/337
|-damage|p1a: Outrageous|283\/337|[from] Stealth Rock
|turn|19
|choice|move gyroball|move crunch
|
|move|p2a: Feraligatr|Crunch|p1a: Outrageous
|-supereffective|p1a: Outrageous
|-damage|p1a: Outrageous|0 fnt
|faint|p1a: Outrageous
|
|upkeep
|choice|switch 4|
|
|switch|p1a: THE BASS|Noivern, M|311\/311
|-damage|p1a: THE BASS|234\/311|[from] Stealth Rock
|turn|20
|c|☆minolob|gg
|choice|move hurricane|move icepunch
|
|move|p2a: Feraligatr|Ice Punch|p1a: THE BASS
|-supereffective|p1a: THE BASS
|-damage|p1a: THE BASS|0 fnt
|faint|p1a: THE BASS
|
|win|minolob
|player|p1
|player|p2
|raw|bweee's rating: 1126 &rarr; <strong>1111<\/strong><br \/>(-15 for losing)
|raw|minolob's rating: 1273 &rarr; <strong>1288<\/strong><br \/>(+15 for winning)
|l|bweee</script>
</div>
<div class="battle-log battle-log-inline"><div class="inner"><div class="battle-options"></div><div class="inner"><div class="chat"><small>bweee joined.</small></div><div class="chat"><small>minolob joined.</small></div><div class=""><small>Format:</small> <br><strong>UU</strong></div><div class="rated"><strong>Rated battle</strong></div><div class=""><small><em>Sleep Clause Mod:</em> Limit one foe put to sleep</small></div><div class=""><small><em>Species Clause:</em> Limit one of each Pokémon</small></div><div class=""><small><em>OHKO Clause:</em> OHKO moves are banned</small></div><div class=""><small><em>Moody Clause:</em> Moody is banned</small></div><div class=""><small><em>Evasion Moves Clause:</em> Evasion moves are banned</small></div><div class=""><small><em>Endless Battle Clause:</em> Forcing endless battles is banned</small></div><div class=""><small><em>HP Percentage Mod:</em> HP is shown in percentages</small></div><div class=""><small><em>Swagger Clause:</em> Swagger is banned</small></div><div class=""><small><em>Baton Pass Clause:</em> Limit one Baton Passer, can't pass Spe and other stats simultaneously</small></div><div class="chat battle-history"><strong>bweee's team:</strong> <em style="color:#445566;display:block;">Noivern / Zoroark / Bronzong / Drapion / Sceptile / Slowking</em></div><div class="chat battle-history"><strong>minolob's team:</strong> <em style="color:#445566;display:block;">Infernape / Sceptile / Honchkrow / Cobalion / Feraligatr / Entei</em></div><div class="spacer battle-history"><br></div><div class="battle-history">Battle started between bweee and minolob!<br></div><div class="spacer battle-history"><br></div><div class="battle-history">Go! THE BASS (<strong>Noivern</strong>)!<br></div><div class="spacer battle-history"><br></div><div class="battle-history">minolob sent out <strong>Infernape</strong>!<br></div><div class="spacer battle-history"><br></div><h2 class="battle-history">Turn 1</h2><div class="spacer battle-history"><br></div><div class="battle-history">THE BASS used <strong>Hurricane</strong>!<br></div><div class="battle-history"><small>It's super effective!</small><br></div><div class="battle-history"><small>The opposing Infernape hung on using its Focus Sash!</small><br></div><div class="battle-history"><small>(The opposing Infernape lost <abbr title="−292/293">99.7%</abbr> of its health!)</small><br></div><div class="spacer battle-history"><br></div><div class="battle-history">The opposing Infernape used <strong>Stealth Rock</strong>!<br></div><div class="battle-history"><small>Pointed stones float in the air around your team!</small><br></div><div class="spacer battle-history"><br></div><h2 class="battle-history">Turn 2</h2><div class="spacer battle-history"><br></div><div class="battle-history">THE BASS used <strong>Hurricane</strong>!<br></div><div class="battle-history"><small>It's super effective!</small><br></div><div class="battle-history"><small>(The opposing Infernape lost <abbr title="−1/293">0.3%</abbr> of its health!)</small><br></div><div class="spacer battle-history"><br></div><div class="battle-history">The opposing Infernape fainted!<br></div><div class="spacer battle-history"><br></div><div class="battle-history">minolob sent out <strong>Sceptile</strong>!<br></div><div class="spacer battle-history"><br></div><h2 class="battle-history">Turn 3</h2><div class="spacer battle-history"><br></div><div class="battle-history"><small>The opposing Sceptile's Sceptilite is reacting to minolob's Mega Bracelet!</small><br>The opposing Sceptile has Mega Evolved into Mega Sceptile!<br></div><div class="spacer battle-history"><br></div><div class="battle-history">THE BASS used <strong>Hurricane</strong>!<br></div><div class="battle-history"><small>It's super effective!</small><br></div><div class="battle-history"><small>(The opposing Sceptile lost <abbr title="−281/281">100%</abbr> of its health!)</small><br></div><div class="spacer battle-history"><br></div><div class="battle-history">The opposing Sceptile fainted!<br></div><div class="spacer battle-history"><br></div><div class="battle-history">minolob sent out <strong>Honchkrow</strong>!<br></div><div class="spacer battle-history"><br></div><h2 class="battle-history">Turn 4</h2><div class="spacer battle-history"><br></div><div class="battle-history">THE BASS, come back!<br></div><div class="battle-history">Go! THECLAAAWW (<strong>Drapion</strong>)!<br></div><div class="battle-history"><small>Pointed stones dug into THECLAAAWW!</small><br></div><div class="spacer battle-history"><br></div><div class="battle-history">The opposing Honchkrow used <strong>Sucker Punch</strong>!<br></div><div class="battle-history"><small>But it failed!</small><br></div><div class="spacer battle-history"><br></div><div class="battle-history"><small>THECLAAAWW restored a little HP using its Black Sludge!</small><br></div><div class="spacer battle-history"><br></div><h2 class="battle-history">Turn 5</h2><div class="spacer battle-history"><br></div><div class="battle-history">minolob withdrew Honchkrow!<br></div><div class="battle-history">minolob sent out <strong>Cobalion</strong>!<br></div><div class="spacer battle-history"><br></div><div class="battle-history">THECLAAAWW used <strong>Poison Jab</strong>!<br></div><div class="battle-history"><small>It doesn't affect the opposing Cobalion...</small><br></div><div class="spacer battle-history"><br></div><div class="battle-history"><small>THECLAAAWW restored a little HP using its Black Sludge!</small><br></div><div class="spacer battle-history"><br></div><h2 class="battle-history">Turn 6</h2><div class="spacer battle-history"><br></div><div class="battle-history">THECLAAAWW, come back!<br></div><div class="battle-history">Go! Pinhead (<strong>Slowking</strong>)!<br></div><div class="battle-history"><small>Pointed stones dug into Pinhead!</small><br></div><div class="spacer battle-history"><br></div><div class="battle-history">The opposing Cobalion used <strong>Swords Dance</strong>!<br></div><div class="battle-history"><small>The opposing Cobalion's Attack rose sharply!</small><br></div><div class="spacer battle-history"><br></div><div class="battle-history"><small>Pinhead restored a little HP using its Leftovers!</small><br></div><div class="spacer battle-history"><br></div><h2 class="battle-history">Turn 7</h2><div class="spacer battle-history"><br></div><div class="battle-history">The opposing Cobalion used <strong>Iron Head</strong>!<br></div><div class="battle-history"><small>It's not very effective...</small><br></div><div class="battle-history"><small>(Pinhead lost <abbr title="−84/393">21.4%</abbr> of its health!)</small><br></div><div class="spacer battle-history"><br></div><div class="battle-history">Pinhead used <strong>Scald</strong>!<br></div><div class="battle-history"><small>(The opposing Cobalion lost <abbr title="−114/324">35.2%</abbr> of its health!)</small><br></div><div class="spacer battle-history"><br></div><div class="battle-history"><small>The opposing Cobalion restored a little HP using its Leftovers!</small><br></div><div class="battle-history"><small>Pinhead restored a little HP using its Leftovers!</small><br></div><div class="spacer battle-history"><br></div><h2 class="battle-history">Turn 8</h2><div class="spacer battle-history"><br></div><div class="battle-history">The opposing Cobalion used <strong>Swords Dance</strong>!<br></div><div class="battle-history"><small>The opposing Cobalion's Attack rose sharply!</small><br></div><div class="spacer battle-history"><br></div><div class="battle-history">Pinhead used <strong>Scald</strong>!<br></div><div class="battle-history"><small>(The opposing Cobalion lost <abbr title="−115/324">35.5%</abbr> of its health!)</small><br></div><div class="battle-history"><small>The opposing Cobalion was burned!</small><br></div><div class="spacer battle-history"><br></div><div class="battle-history"><small>The opposing Cobalion restored a little HP using its Leftovers!</small><br></div><div class="battle-history"><small>Pinhead restored a little HP using its Leftovers!</small><br></div><div class="battle-history"><small>The opposing Cobalion was hurt by its burn!</small><br></div><div class="spacer battle-history"><br></div><h2 class="battle-history">Turn 9</h2><div class="spacer battle-history"><br></div><div class="battle-history">The opposing Cobalion used <strong>Iron Head</strong>!<br></div><div class="battle-history"><small>It's not very effective...</small><br></div><div class="battle-history"><small>(Pinhead lost <abbr title="−66/393">16.8%</abbr> of its health!)</small><br></div><div class="spacer battle-history"><br></div><div class="battle-history">Pinhead used <strong>Scald</strong>!<br></div><div class="battle-history"><small>(The opposing Cobalion lost <abbr title="−95/324">29.3%</abbr> of its health!)</small><br></div><div class="spacer battle-history"><br></div><div class="battle-history">The opposing Cobalion fainted!<br></div><div class="spacer battle-history"><br></div><div class="battle-history"><small>Pinhead restored a little HP using its Leftovers!</small><br></div><div class="spacer battle-history"><br></div><div class="battle-history">minolob sent out <strong>Honchkrow</strong>!<br></div><div class="spacer battle-history"><br></div><h2 class="battle-history">Turn 10</h2><div class="spacer battle-history"><br></div><div class="battle-history"><small>(Pinhead is being withdrawn...)</small><br></div><div class="spacer battle-history"><br></div><div class="battle-history">The opposing Honchkrow used <strong>Pursuit</strong>!<br></div><div class="battle-history"><small>It's super effective!</small><br></div><div class="battle-history"><small>(Pinhead lost <abbr title="−290/393">73.8%</abbr> of its health!)</small><br></div><div class="battle-history"><small>The opposing Honchkrow lost some of its HP!</small><br></div><div class="spacer battle-history"><br></div><div class="battle-history">Pinhead fainted!<br></div><div class="battle-history"><small>[The opposing Honchkrow's Moxie]</small><br></div><div class="battle-history"><small>The opposing Honchkrow's Attack rose!</small><br></div><div class="spacer battle-history"><br></div><div class="battle-history">Go! THECLAAAWW (<strong>Drapion</strong>)!<br></div><div class="battle-history"><small>Pointed stones dug into THECLAAAWW!</small><br></div><div class="spacer battle-history"><br></div><h2 class="battle-history">Turn 11</h2><div class="spacer battle-history"><br></div><div class="battle-history">THECLAAAWW used <strong>Focus Blast</strong>!<br></div><div class="battle-history"><small>(The opposing Honchkrow lost <abbr title="−282/341">82.7%</abbr> of its health!)</small><br></div><div class="battle-history"><small>THECLAAAWW lost some of its HP!</small><br></div><div class="spacer battle-history"><br></div><div class="battle-history">The opposing Honchkrow used <strong>Brave Bird</strong>!<br></div><div class="battle-history"><small>But it was me Dio!'s illusion wore off!</small><br></div><div class="battle-history"><small>(But it was me Dio! lost <abbr title="−203/261">77.8%</abbr> of its health!)</small><br></div><div class="battle-history"><small>The opposing Honchkrow is damaged by the recoil!</small><br></div><div class="spacer battle-history"><br></div><div class="battle-history">But it was me Dio! fainted!<br></div><div class="battle-history">The opposing Honchkrow fainted!<br></div><div class="spacer battle-history"><br></div><div class="battle-history">Go! MERRY XMAS (<strong>Sceptile</strong>)!<br></div><div class="spacer battle-history"><br></div><div class="battle-history">minolob sent out <strong>Entei</strong>!<br></div><div class="battle-history"><small>Pointed stones dug into MERRY XMAS!</small><br></div><div class="battle-history"><small>[The opposing Entei's Pressure]</small><br><small>The opposing Entei is exerting its pressure!</small><br></div><div class="spacer battle-history"><br></div><h2 class="battle-history">Turn 12</h2><div class="spacer battle-history"><br></div><div class="battle-history">MERRY XMAS, come back!<br></div><div class="battle-history">Go! Outrageous (<strong>Bronzong</strong>)!<br></div><div class="battle-history"><small>Pointed stones dug into Outrageous!</small><br></div><div class="spacer battle-history"><br></div><div class="battle-history">The opposing Entei used <strong>Extreme Speed</strong>!<br></div><div class="battle-history"><small>It's not very effective...</small><br></div><div class="battle-history"><small>(Outrageous lost <abbr title="−54/337">16.0%</abbr> of its health!)</small><br></div><div class="spacer battle-history"><br></div><div class="battle-history"><small>Outrageous restored a little HP using its Leftovers!</small><br></div><div class="spacer battle-history"><br></div><h2 class="battle-history">Turn 13</h2><div class="spacer battle-history"><br></div><div class="battle-history">minolob withdrew Entei!<br></div><div class="battle-history">minolob sent out <strong>Feraligatr</strong>!<br></div><div class="spacer battle-history"><br></div><div class="battle-history">Outrageous used <strong>Stealth Rock</strong>!<br></div><div class="battle-history"><small>Pointed stones float in the air around the opposing team!</small><br></div><div class="spacer battle-history"><br></div><div class="battle-history"><small>Outrageous restored a little HP using its Leftovers!</small><br></div><div class="spacer battle-history"><br></div><h2 class="battle-history">Turn 14</h2><div class="spacer battle-history"><br></div><div class="battle-history">Outrageous, come back!<br></div><div class="battle-history">Go! MERRY XMAS (<strong>Sceptile</strong>)!<br></div><div class="battle-history"><small>Pointed stones dug into MERRY XMAS!</small><br></div><div class="spacer battle-history"><br></div><div class="battle-history">The opposing Feraligatr used <strong>Dragon Dance</strong>!<br></div><div class="battle-history"><small>The opposing Feraligatr's Attack rose!</small><br></div><div class="battle-history"><small>The opposing Feraligatr's Speed rose!</small><br></div><div class="spacer battle-history"><br></div><h2 class="battle-history">Turn 15</h2><div class="spacer battle-history"><br></div><div class="battle-history">The opposing Feraligatr used <strong>Ice Punch</strong>!<br></div><div class="battle-history"><small>It's super effective!</small><br></div><div class="battle-history"><small>(MERRY XMAS lost <abbr title="−211/281">75.1%</abbr> of its health!)</small><br></div><div class="spacer battle-history"><br></div><div class="battle-history">MERRY XMAS fainted!<br></div><div class="spacer battle-history"><br></div><div class="battle-history">Go! THECLAAAWW (<strong>Drapion</strong>)!<br></div><div class="battle-history"><small>Pointed stones dug into THECLAAAWW!</small><br></div><div class="spacer battle-history"><br></div><h2 class="battle-history">Turn 16</h2><div class="spacer battle-history"><br></div><div class="battle-history">The opposing Feraligatr used <strong>Dragon Dance</strong>!<br></div><div class="battle-history"><small>The opposing Feraligatr's Attack rose!</small><br></div><div class="battle-history"><small>The opposing Feraligatr's Speed rose!</small><br></div><div class="spacer battle-history"><br></div><div class="battle-history">THECLAAAWW used <strong>Knock Off</strong>!<br></div><div class="battle-history"><small>(The opposing Feraligatr lost <abbr title="−141/311">45.3%</abbr> of its health!)</small><br></div><div class="battle-history"><small>THECLAAAWW knocked off the opposing Feraligatr's Life Orb!</small><br></div><div class="spacer battle-history"><br></div><div class="battle-history"><small>THECLAAAWW restored a little HP using its Black Sludge!</small><br></div><div class="spacer battle-history"><br></div><h2 class="battle-history">Turn 17</h2><div class="spacer battle-history"><br></div><div class="battle-history">The opposing Feraligatr used <strong>Waterfall</strong>!<br></div><div class="battle-history"><small>(THECLAAAWW lost <abbr title="−276/343">80.5%</abbr> of its health!)</small><br></div><div class="spacer battle-history"><br></div><div class="battle-history">THECLAAAWW used <strong>Poison Jab</strong>!<br></div><div class="battle-history"><small>(The opposing Feraligatr lost <abbr title="−112/311">36.0%</abbr> of its health!)</small><br></div><div class="spacer battle-history"><br></div><div class="battle-history"><small>THECLAAAWW restored a little HP using its Black Sludge!</small><br></div><div class="spacer battle-history"><br></div><h2 class="battle-history">Turn 18</h2><div class="spacer battle-history"><br></div><div class="battle-history">The opposing Feraligatr used <strong>Waterfall</strong>!<br></div><div class="battle-history"><small>(THECLAAAWW lost <abbr title="−67/343">19.5%</abbr> of its health!)</small><br></div><div class="spacer battle-history"><br></div><div class="battle-history">THECLAAAWW fainted!<br></div><div class="spacer battle-history"><br></div><div class="battle-history">Go! Outrageous (<strong>Bronzong</strong>)!<br></div><div class="battle-history"><small>Pointed stones dug into Outrageous!</small><br></div><div class="spacer battle-history"><br></div><h2 class="battle-history">Turn 19</h2><div class="spacer battle-history"><br></div><div class="battle-history">The opposing Feraligatr used <strong>Crunch</strong>!<br></div><div class="battle-history"><small>It's super effective!</small><br></div><div class="battle-history"><small>(Outrageous lost <abbr title="−283/337">84.0%</abbr> of its health!)</small><br></div><div class="spacer battle-history"><br></div><div class="battle-history">Outrageous fainted!<br></div><div class="spacer battle-history"><br></div><div class="battle-history">Go! THE BASS (<strong>Noivern</strong>)!<br></div><div class="battle-history"><small>Pointed stones dug into THE BASS!</small><br></div><div class="spacer battle-history"><br></div><h2 class="battle-history">Turn 20</h2><div class="chat chatmessage-minolob"><strong style="color:hsl(269,42%,56.37599764993771%)"><small>☆</small><span class="username" data-name="minolob">minolob</span>:</strong> <em>gg</em></div><div class="spacer battle-history"><br></div><div class="battle-history">The opposing Feraligatr used <strong>Ice Punch</strong>!<br></div><div class="battle-history"><small>It's super effective!</small><br></div><div class="battle-history"><small>(THE BASS lost <abbr title="−234/311">75.2%</abbr> of its health!)</small><br></div><div class="spacer battle-history"><br></div><div class="battle-history">THE BASS fainted!<br></div><div class="spacer battle-history"><br></div><div class="battle-history"><strong>minolob</strong> won the battle!<br></div><div class="chat">bweee's rating: 1126 → <strong>1111</strong><br>(-15 for losing)</div><div class="chat">minolob's rating: 1273 → <strong>1288</strong><br>(+15 for winning)</div><div class="chat"><small>bweee left.</small></div></div><div class="inner-preempt"></div></div></div>
</div>
<script>
let daily = Math.floor(Date.now()/1000/60/60/24);document.write('<script src="https://play.pokemonshowdown.com/js/replay-embed.js?version'+daily+'"></'+'script>');
</script>
