<!DOCTYPE html>
<meta charset="utf-8" />
<!-- version 1 -->
<title>UU replay: The Big vs. INKLING4LIFE</title>
<style>
html,body {font-family:Verdana, sans-serif;font-size:10pt;margin:0;padding:0;}body{padding:12px 0;} .battle-log {font-family:Verdana, sans-serif;font-size:10pt;} .battle-log-inline {border:1px solid #AAAAAA;background:#EEF2F5;color:black;max-width:640px;margin:0 auto 80px;padding-bottom:5px;} .battle-log .inner {padding:4px 8px 0px 8px;} .battle-log .inner-preempt {padding:0 8px 4px 8px;} .battle-log .inner-after {margin-top:0.5em;} .battle-log h2 {margin:0.5em -8px;padding:4px 8px;border:1px solid #AAAAAA;background:#E0E7EA;border-left:0;border-right:0;font-family:Verdana, sans-serif;font-size:13pt;} .battle-log .chat {vertical-align:middle;padding:3px 0 3px 0;font-size:8pt;} .battle-log .chat strong {color:#40576A;} .battle-log .chat em {padding:1px 4px 1px 3px;color:#000000;font-style:normal;} .chat.mine {background:rgba(0,0,0,0.05);margin-left:-8px;margin-right:-8px;padding-left:8px;padding-right:8px;} .spoiler {color:#BBBBBB;background:#BBBBBB;padding:0px 3px;} .spoiler:hover, .spoiler:active, .spoiler-shown {color:#000000;background:#E2E2E2;padding:0px 3px;} .spoiler a {color:#BBBBBB;} .spoiler:hover a, .spoiler:active a, .spoiler-shown a {color:#2288CC;} .chat code, .chat .spoiler:hover code, .chat .spoiler:active code, .chat .spoiler-shown code {border:1px solid #C0C0C0;background:#EEEEEE;color:black;padding:0 2px;} .chat .spoiler code {border:1px solid #CCCCCC;background:#CCCCCC;color:#CCCCCC;} .battle-log .rated {padding:3px 4px;} .battle-log .rated strong {color:white;background:#89A;padding:1px 4px;border-radius:4px;} .spacer {margin-top:0.5em;} .message-announce {background:#6688AA;color:white;padding:1px 4px 2px;} .message-announce a, .broadcast-green a, .broadcast-blue a, .broadcast-red a {color:#DDEEFF;} .broadcast-green {background-color:#559955;color:white;padding:2px 4px;} .broadcast-blue {background-color:#6688AA;color:white;padding:2px 4px;} .infobox {border:1px solid #6688AA;padding:2px 4px;} .infobox-limited {max-height:200px;overflow:auto;overflow-x:hidden;} .broadcast-red {background-color:#AA5544;color:white;padding:2px 4px;} .message-learn-canlearn {font-weight:bold;color:#228822;text-decoration:underline;} .message-learn-cannotlearn {font-weight:bold;color:#CC2222;text-decoration:underline;} .message-effect-weak {font-weight:bold;color:#CC2222;} .message-effect-resist {font-weight:bold;color:#6688AA;} .message-effect-immune {font-weight:bold;color:#666666;} .message-learn-list {margin-top:0;margin-bottom:0;} .message-throttle-notice, .message-error {color:#992222;} .message-overflow, .chat small.message-overflow {font-size:0pt;} .message-overflow::before {font-size:9pt;content:'...';} .subtle {color:#3A4A66;}
</style>
<div class="wrapper replay-wrapper" style="max-width:1180px;margin:0 auto">
<input type="hidden" name="replayid" value="uu-570848006" />
<div class="battle"></div><div class="battle-log"></div><div class="replay-controls"></div><div class="replay-controls-2"></div>
<h1 style="font-weight:normal;text-align:center"><strong>UU</strong><br /><a href="http://pokemonshowdown.com/users/thebig" class="subtle" target="_blank">The Big</a> vs. <a href="http://pokemonshowdown.com/users/inkling4life" class="subtle" target="_blank">INKLING4LIFE</a></h1>
<script type="text/plain" class="battle-log-data">|j|The Big
|j|INKLING4LIFE
|player|p1|The Big|101
|player|p2|INKLING4LIFE|125
|gametype|singles
|gen|6
|tier|UU
|rated
|seed|17676,31133,41087,10194
|rule|Sleep Clause Mod: Limit one foe put to sleep
|rule|Species Clause: Limit one of each Pokémon
|rule|OHKO Clause: OHKO moves are banned
|rule|Moody Clause: Moody is banned
|rule|Evasion Moves Clause: Evasion moves are banned
|rule|Endless Battle Clause: Forcing endless battles is banned
|rule|HP Percentage Mod: HP is shown in percentages
|clearpoke
|poke|p1|Chandelure, M|item
|poke|p1|Donphan, M|item
|poke|p1|Arcanine, M|item
|poke|p1|Feraligatr, M|item
|poke|p1|Galvantula, M|item
|poke|p1|Absol, M|item
|poke|p2|Sylveon, F, shiny|item
|poke|p2|Krookodile, F, shiny|item
|poke|p2|Celebi|item
|poke|p2|Swampert, F, shiny|item
|poke|p2|Crobat, F, shiny|item
|poke|p2|Lucario, F, shiny|item
|rule|Swagger Clause: Swagger is banned
|rule|Baton Pass Clause: Limit one Baton Passer, can't pass Spe and other stats simultaneously
|teampreview
|c|☆The Big|gl
|c|☆INKLING4LIFE|topped the ladder at 71-1 with this team
|c|☆INKLING4LIFE|i dont need luck
|inactive|Battle timer is ON: inactive players will automatically lose when time's up. (requested by The Big)
|choice|team 5, team 2, team 3, team 4, team 1, team 6|team 3, team 2, team 1, team 4, team 5, team 6
|
|start
|switch|p1a: Galvantula|Galvantula, M|281\/281
|switch|p2a: Celebi|Celebi|341\/341
|turn|1
|choice|move stickyweb|move uturn
|
|move|p2a: Celebi|U-turn|p1a: Galvantula
|-damage|p1a: Galvantula|204\/281
|choice||switch 5
|
|switch|p2a: Crobat|Crobat, F, shiny|311\/311
|move|p1a: Galvantula|Sticky Web|p2a: Crobat
|-sidestart|p2: INKLING4LIFE|move: Sticky Web
|
|upkeep
|turn|2
|choice|move thunder|move bravebird
|
|move|p2a: Crobat|Brave Bird|p1a: Galvantula
|-damage|p1a: Galvantula|0 fnt
|-damage|p2a: Crobat|244\/311|[from] recoil|[of] p1a: Galvantula
|faint|p1a: Galvantula
|
|upkeep
|choice|switch 2|
|
|switch|p1a: Donphan|Donphan, M|384\/384
|turn|3
|choice|move stealthrock|move defog
|
|move|p2a: Crobat|Defog|p1a: Donphan
|-unboost|p1a: Donphan|evasion|1
|-sideend|p2: INKLING4LIFE|Sticky Web|[from] move: Defog|[of] p2a: Crobat
|move|p1a: Donphan|Stealth Rock|p2a: Crobat
|-sidestart|p2: INKLING4LIFE|move: Stealth Rock
|
|upkeep
|turn|4
|choice|move ancientpower|move defog
|
|move|p2a: Crobat|Defog|p1a: Donphan
|-unboost|p1a: Donphan|evasion|1
|-sideend|p2: INKLING4LIFE|Stealth Rock|[from] move: Defog|[of] p2a: Crobat
|move|p1a: Donphan|Ancient Power|p2a: Crobat
|-supereffective|p2a: Crobat
|-damage|p2a: Crobat|170\/311
|
|upkeep
|turn|5
|c|☆INKLING4LIFE|lol what a noob set
|choice|move knockoff|switch 2
|
|switch|p2a: Krookodile|Krookodile, F, shiny|331\/331
|-ability|p2a: Krookodile|Intimidate|boost
|-unboost|p1a: Donphan|atk|1
|move|p1a: Donphan|Knock Off|p2a: Krookodile
|-resisted|p2a: Krookodile
|-damage|p2a: Krookodile|286\/331
|-damage|p1a: Donphan|320\/384|[from] item: Rocky Helmet|[of] p2a: Krookodile
|-enditem|p2a: Krookodile|Rocky Helmet|[from] move: Knock Off|[of] p1a: Donphan
|
|-heal|p1a: Donphan|344\/384|[from] item: Leftovers
|upkeep
|turn|6
|c|☆INKLING4LIFE|reported for timestalling
|choice|move knockoff|move taunt
|
|move|p2a: Krookodile|Taunt|p1a: Donphan
|-start|p1a: Donphan|move: Taunt
|move|p1a: Donphan|Knock Off|p2a: Krookodile
|-resisted|p2a: Krookodile
|-damage|p2a: Krookodile|254\/331
|
|-heal|p1a: Donphan|368\/384|[from] item: Leftovers
|upkeep
|turn|7
|choice|move earthquake|move knockoff
|
|move|p2a: Krookodile|Knock Off|p1a: Donphan
|-damage|p1a: Donphan|232\/384
|-enditem|p1a: Donphan|Leftovers|[from] move: Knock Off|[of] p2a: Krookodile
|move|p1a: Donphan|Earthquake|p2a: Krookodile
|-damage|p2a: Krookodile|113\/331
|
|upkeep
|turn|8
|choice|move earthquake|move stealthrock
|
|move|p2a: Krookodile|Stealth Rock|p1a: Donphan
|-sidestart|p1: The Big|move: Stealth Rock
|move|p1a: Donphan|Earthquake|p2a: Krookodile
|-damage|p2a: Krookodile|0 fnt
|faint|p2a: Krookodile
|
|-end|p1a: Donphan|move: Taunt
|upkeep
|choice||switch 3
|
|switch|p2a: Sylveon|Sylveon, F, shiny|331\/331
|turn|9
|choice|move ancientpower|move hypervoice
|
|move|p2a: Sylveon|Hyper Voice|p1a: Donphan
|-damage|p1a: Donphan|0 fnt
|faint|p1a: Donphan
|
|upkeep
|c|☆The Big|!weak sylveon
|html|<div class="infobox">Sylveon (ignoring abilities):<br \/><span class="message-effect-weak">Weaknesses<\/span>: Poison, Steel<br \/><span class="message-effect-resist">Resistances<\/span>: Bug, Dark, Fighting<br \/><span class="message-effect-immune">Immunities<\/span>: Dragon<\/div>
|choice|switch 4|
|
|switch|p1a: Feraligatr|Feraligatr, M|374\/374
|-damage|p1a: Feraligatr|328\/374|[from] Stealth Rock
|turn|10
|choice|move swordsdance|move hypervoice
|
|move|p2a: Sylveon|Hyper Voice|p1a: Feraligatr
|-damage|p1a: Feraligatr|0 fnt
|faint|p1a: Feraligatr
|
|upkeep
|choice|switch 5|
|
|switch|p1a: Chandelure|Chandelure, M|323\/323
|-damage|p1a: Chandelure|243\/323|[from] Stealth Rock
|turn|11
|c|☆INKLING4LIFE|no..
|choice|move shadowball|move hypervoice
|
|move|p2a: Sylveon|Hyper Voice|p1a: Chandelure
|-resisted|p1a: Chandelure
|-damage|p1a: Chandelure|82\/323
|move|p1a: Chandelure|Shadow Ball|p2a: Sylveon
|-damage|p2a: Sylveon|145\/331
|-unboost|p2a: Sylveon|spd|1
|
|upkeep
|turn|12
|choice|move shadowball|move hypervoice
|
|move|p2a: Sylveon|Hyper Voice|p1a: Chandelure
|-resisted|p1a: Chandelure
|-crit|p1a: Chandelure
|-damage|p1a: Chandelure|0 fnt
|faint|p1a: Chandelure
|
|upkeep
|choice|switch 3|
|
|switch|p1a: Arcanine|Arcanine, M|321\/321
|-damage|p1a: Arcanine|241\/321|[from] Stealth Rock
|-ability|p1a: Arcanine|Intimidate|boost
|-unboost|p2a: Sylveon|atk|1
|turn|13
|choice|move doubleedge|move hypervoice
|
|move|p1a: Arcanine|Double-Edge|p2a: Sylveon
|-damage|p2a: Sylveon|0 fnt
|-damage|p1a: Arcanine|193\/321|[from] recoil|[of] p2a: Sylveon
|faint|p2a: Sylveon
|
|upkeep
|choice||switch 4
|
|switch|p2a: Swampert|Swampert, F, shiny|341\/341
|turn|14
|choice|move doubleedge|move earthquake mega
|
|detailschange|p2a: Swampert|Swampert-Mega, F, shiny
|-mega|p2a: Swampert|Swampert|Swampertite
|move|p1a: Arcanine|Double-Edge|p2a: Swampert
|-damage|p2a: Swampert|209\/341
|-damage|p1a: Arcanine|149\/321|[from] recoil|[of] p2a: Swampert
|move|p2a: Swampert|Earthquake|p1a: Arcanine
|-supereffective|p1a: Arcanine
|-damage|p1a: Arcanine|0 fnt
|faint|p1a: Arcanine
|
|upkeep
|choice|switch 6|
|
|switch|p1a: Absol|Absol, M|271\/271
|-damage|p1a: Absol|238\/271|[from] Stealth Rock
|turn|15
|choice|move swordsdance mega|move earthquake
|
|detailschange|p1a: Absol|Absol-Mega, M
|-mega|p1a: Absol|Absol|Absolite
|move|p1a: Absol|Swords Dance|p1a: Absol
|-boost|p1a: Absol|atk|2
|move|p2a: Swampert|Earthquake|p1a: Absol
|-damage|p1a: Absol|0 fnt
|faint|p1a: Absol
|
|win|INKLING4LIFE
|raw|The Big's rating: 1070 &rarr; <strong>1050<\/strong><br \/>(-20 for losing)
|raw|INKLING4LIFE's rating: 1077 &rarr; <strong>1105<\/strong><br \/>(+28 for winning)
|c|☆The Big|gg</script>
</div>
<div class="battle-log battle-log-inline"><div class="inner"><div class="battle-options"></div><div class="inner"><div class="chat"><small>The Big joined.</small></div><div class="chat"><small>INKLING4LIFE joined.</small></div><div class=""><small>Format:</small> <br><strong>UU</strong></div><div class="rated"><strong>Rated battle</strong></div><div class=""><small><em>Sleep Clause Mod:</em> Limit one foe put to sleep</small></div><div class=""><small><em>Species Clause:</em> Limit one of each Pokémon</small></div><div class=""><small><em>OHKO Clause:</em> OHKO moves are banned</small></div><div class=""><small><em>Moody Clause:</em> Moody is banned</small></div><div class=""><small><em>Evasion Moves Clause:</em> Evasion moves are banned</small></div><div class=""><small><em>Endless Battle Clause:</em> Forcing endless battles is banned</small></div><div class=""><small><em>HP Percentage Mod:</em> HP is shown in percentages</small></div><div class=""><small><em>Swagger Clause:</em> Swagger is banned</small></div><div class=""><small><em>Baton Pass Clause:</em> Limit one Baton Passer, can't pass Spe and other stats simultaneously</small></div><div class="chat battle-history"><strong>The Big's team:</strong> <em style="color:#445566;display:block;">Chandelure / Donphan / Arcanine / Feraligatr / Galvantula / Absol</em></div><div class="chat battle-history"><strong>INKLING4LIFE's team:</strong> <em style="color:#445566;display:block;">Sylveon / Krookodile / Celebi / Swampert / Crobat / Lucario</em></div><div class="chat chatmessage-thebig"><strong style="color:hsl(248,71%,61.699819682449316%)"><small>☆</small><span class="username" data-name="The Big">The Big</span>:</strong> <em>gl</em></div><div class="chat chatmessage-inkling4life"><strong style="color:hsl(98,45%,44.624975229317045%)"><small>☆</small><span class="username" data-name="INKLING4LIFE">INKLING4LIFE</span>:</strong> <em>topped the ladder at 71-1 with this team</em></div><div class="chat chatmessage-inkling4life"><strong style="color:hsl(98,45%,44.624975229317045%)"><small>☆</small><span class="username" data-name="INKLING4LIFE">INKLING4LIFE</span>:</strong> <em>i dont need luck</em></div><div class="chat message-error">Battle timer is ON: inactive players will automatically lose when time's up. (requested by The Big)</div><div class="spacer battle-history"><br></div><div class="battle-history">Battle started between The Big and INKLING4LIFE!<br></div><div class="spacer battle-history"><br></div><div class="battle-history">Go! <strong>Galvantula</strong>!<br></div><div class="spacer battle-history"><br></div><div class="battle-history">INKLING4LIFE sent out <strong>Celebi</strong>!<br></div><div class="spacer battle-history"><br></div><h2 class="battle-history">Turn 1</h2><div class="spacer battle-history"><br></div><div class="battle-history">The opposing Celebi used <strong>U-turn</strong>!<br></div><div class="battle-history"><small>(Galvantula lost <abbr title="−77/281">27.4%</abbr> of its health!)</small><br></div><div class="spacer battle-history"><br></div><div class="battle-history">The opposing Celebi went back to INKLING4LIFE!<br></div><div class="battle-history">INKLING4LIFE sent out <strong>Crobat</strong>!<br></div><div class="spacer battle-history"><br></div><div class="battle-history">Galvantula used <strong>Sticky Web</strong>!<br></div><div class="battle-history"><small>A sticky web spreads out on the ground around the opposing team!</small><br></div><div class="spacer battle-history"><br></div><h2 class="battle-history">Turn 2</h2><div class="spacer battle-history"><br></div><div class="battle-history">The opposing Crobat used <strong>Brave Bird</strong>!<br></div><div class="battle-history"><small>(Galvantula lost <abbr title="−204/281">72.6%</abbr> of its health!)</small><br></div><div class="battle-history"><small>The opposing Crobat is damaged by the recoil!</small><br></div><div class="spacer battle-history"><br></div><div class="battle-history">Galvantula fainted!<br></div><div class="spacer battle-history"><br></div><div class="battle-history">Go! <strong>Donphan</strong>!<br></div><div class="spacer battle-history"><br></div><h2 class="battle-history">Turn 3</h2><div class="spacer battle-history"><br></div><div class="battle-history">The opposing Crobat used <strong>Defog</strong>!<br></div><div class="battle-history"><small>Donphan's evasiveness fell!</small><br></div><div class="battle-history"><small>The sticky web has disappeared from the ground around the opposing team!</small><br></div><div class="spacer battle-history"><br></div><div class="battle-history">Donphan used <strong>Stealth Rock</strong>!<br></div><div class="battle-history"><small>Pointed stones float in the air around the opposing team!</small><br></div><div class="spacer battle-history"><br></div><h2 class="battle-history">Turn 4</h2><div class="spacer battle-history"><br></div><div class="battle-history">The opposing Crobat used <strong>Defog</strong>!<br></div><div class="battle-history"><small>Donphan's evasiveness fell!</small><br></div><div class="battle-history"><small>The pointed stones disappeared from around the opposing team!</small><br></div><div class="spacer battle-history"><br></div><div class="battle-history">Donphan used <strong>Ancient Power</strong>!<br></div><div class="battle-history"><small>It's super effective!</small><br></div><div class="battle-history"><small>(The opposing Crobat lost <abbr title="−74/311">23.8%</abbr> of its health!)</small><br></div><div class="spacer battle-history"><br></div><h2 class="battle-history">Turn 5</h2><div class="chat chatmessage-inkling4life"><strong style="color:hsl(98,45%,44.624975229317045%)"><small>☆</small><span class="username" data-name="INKLING4LIFE">INKLING4LIFE</span>:</strong> <em>lol what a noob set</em></div><div class="spacer battle-history"><br></div><div class="battle-history">INKLING4LIFE withdrew Crobat!<br></div><div class="battle-history">INKLING4LIFE sent out <strong>Krookodile</strong>!<br></div><div class="battle-history"><small>[The opposing Krookodile's Intimidate]</small><br></div><div class="battle-history"><small>Donphan's Attack fell!</small><br></div><div class="spacer battle-history"><br></div><div class="battle-history">Donphan used <strong>Knock Off</strong>!<br></div><div class="battle-history"><small>It's not very effective...</small><br></div><div class="battle-history"><small>(The opposing Krookodile lost <abbr title="−45/331">13.6%</abbr> of its health!)</small><br></div><div class="battle-history"><small>Donphan was hurt by the Rocky Helmet!</small><br></div><div class="battle-history"><small>Donphan knocked off the opposing Krookodile's Rocky Helmet!</small><br></div><div class="spacer battle-history"><br></div><div class="battle-history"><small>Donphan restored a little HP using its Leftovers!</small><br></div><div class="spacer battle-history"><br></div><h2 class="battle-history">Turn 6</h2><div class="chat chatmessage-inkling4life"><strong style="color:hsl(98,45%,44.624975229317045%)"><small>☆</small><span class="username" data-name="INKLING4LIFE">INKLING4LIFE</span>:</strong> <em>reported for timestalling</em></div><div class="spacer battle-history"><br></div><div class="battle-history">The opposing Krookodile used <strong>Taunt</strong>!<br></div><div class="battle-history"><small>Donphan fell for the taunt!</small><br></div><div class="spacer battle-history"><br></div><div class="battle-history">Donphan used <strong>Knock Off</strong>!<br></div><div class="battle-history"><small>It's not very effective...</small><br></div><div class="battle-history"><small>(The opposing Krookodile lost <abbr title="−32/331">9.7%</abbr> of its health!)</small><br></div><div class="spacer battle-history"><br></div><div class="battle-history"><small>Donphan restored a little HP using its Leftovers!</small><br></div><div class="spacer battle-history"><br></div><h2 class="battle-history">Turn 7</h2><div class="spacer battle-history"><br></div><div class="battle-history">The opposing Krookodile used <strong>Knock Off</strong>!<br></div><div class="battle-history"><small>(Donphan lost <abbr title="−136/384">35.4%</abbr> of its health!)</small><br></div><div class="battle-history"><small>The opposing Krookodile knocked off Donphan's Leftovers!</small><br></div><div class="spacer battle-history"><br></div><div class="battle-history">Donphan used <strong>Earthquake</strong>!<br></div><div class="battle-history"><small>(The opposing Krookodile lost <abbr title="−141/331">42.6%</abbr> of its health!)</small><br></div><div class="spacer battle-history"><br></div><h2 class="battle-history">Turn 8</h2><div class="spacer battle-history"><br></div><div class="battle-history">The opposing Krookodile used <strong>Stealth Rock</strong>!<br></div><div class="battle-history"><small>Pointed stones float in the air around your team!</small><br></div><div class="spacer battle-history"><br></div><div class="battle-history">Donphan used <strong>Earthquake</strong>!<br></div><div class="battle-history"><small>(The opposing Krookodile lost <abbr title="−113/331">34.1%</abbr> of its health!)</small><br></div><div class="spacer battle-history"><br></div><div class="battle-history">The opposing Krookodile fainted!<br></div><div class="spacer battle-history"><br></div><div class="battle-history"><small>Donphan's taunt wore off!</small><br></div><div class="spacer battle-history"><br></div><div class="battle-history">INKLING4LIFE sent out <strong>Sylveon</strong>!<br></div><div class="spacer battle-history"><br></div><h2 class="battle-history">Turn 9</h2><div class="spacer battle-history"><br></div><div class="battle-history">The opposing Sylveon used <strong>Hyper Voice</strong>!<br></div><div class="battle-history"><small>(Donphan lost <abbr title="−232/384">60.4%</abbr> of its health!)</small><br></div><div class="spacer battle-history"><br></div><div class="battle-history">Donphan fainted!<br></div><div class="chat chatmessage-thebig"><strong style="color:hsl(248,71%,61.699819682449316%)"><small>☆</small><span class="username" data-name="The Big">The Big</span>:</strong> <em>!weak sylveon</em></div><div class="chat"><div class="infobox">Sylveon (ignoring abilities):<br><span class="message-effect-weak">Weaknesses</span>: Poison, Steel<br><span class="message-effect-resist">Resistances</span>: Bug, Dark, Fighting<br><span class="message-effect-immune">Immunities</span>: Dragon</div></div><div class="spacer battle-history"><br></div><div class="battle-history">Go! <strong>Feraligatr</strong>!<br></div><div class="battle-history"><small>Pointed stones dug into Feraligatr!</small><br></div><div class="spacer battle-history"><br></div><h2 class="battle-history">Turn 10</h2><div class="spacer battle-history"><br></div><div class="battle-history">The opposing Sylveon used <strong>Hyper Voice</strong>!<br></div><div class="battle-history"><small>(Feraligatr lost <abbr title="−328/374">87.7%</abbr> of its health!)</small><br></div><div class="spacer battle-history"><br></div><div class="battle-history">Feraligatr fainted!<br></div><div class="spacer battle-history"><br></div><div class="battle-history">Go! <strong>Chandelure</strong>!<br></div><div class="battle-history"><small>Pointed stones dug into Chandelure!</small><br></div><div class="spacer battle-history"><br></div><h2 class="battle-history">Turn 11</h2><div class="chat chatmessage-inkling4life"><strong style="color:hsl(98,45%,44.624975229317045%)"><small>☆</small><span class="username" data-name="INKLING4LIFE">INKLING4LIFE</span>:</strong> <em>no..</em></div><div class="spacer battle-history"><br></div><div class="battle-history">The opposing Sylveon used <strong>Hyper Voice</strong>!<br></div><div class="battle-history"><small>It's not very effective...</small><br></div><div class="battle-history"><small>(Chandelure lost <abbr title="−161/323">49.8%</abbr> of its health!)</small><br></div><div class="spacer battle-history"><br></div><div class="battle-history">Chandelure used <strong>Shadow Ball</strong>!<br></div><div class="battle-history"><small>(The opposing Sylveon lost <abbr title="−186/331">56.2%</abbr> of its health!)</small><br></div><div class="battle-history"><small>The opposing Sylveon's Special Defense fell!</small><br></div><div class="spacer battle-history"><br></div><h2 class="battle-history">Turn 12</h2><div class="spacer battle-history"><br></div><div class="battle-history">The opposing Sylveon used <strong>Hyper Voice</strong>!<br></div><div class="battle-history"><small>It's not very effective...</small><br></div><div class="battle-history"><small>A critical hit!</small><br></div><div class="battle-history"><small>(Chandelure lost <abbr title="−82/323">25.4%</abbr> of its health!)</small><br></div><div class="spacer battle-history"><br></div><div class="battle-history">Chandelure fainted!<br></div><div class="spacer battle-history"><br></div><div class="battle-history">Go! <strong>Arcanine</strong>!<br></div><div class="battle-history"><small>Pointed stones dug into Arcanine!</small><br></div><div class="battle-history"><small>[Arcanine's Intimidate]</small><br></div><div class="battle-history"><small>The opposing Sylveon's Attack fell!</small><br></div><div class="spacer battle-history"><br></div><h2 class="battle-history">Turn 13</h2><div class="spacer battle-history"><br></div><div class="battle-history">Arcanine used <strong>Double-Edge</strong>!<br></div><div class="battle-history"><small>(The opposing Sylveon lost <abbr title="−145/331">43.8%</abbr> of its health!)</small><br></div><div class="battle-history"><small>Arcanine is damaged by the recoil!</small><br></div><div class="spacer battle-history"><br></div><div class="battle-history">The opposing Sylveon fainted!<br></div><div class="spacer battle-history"><br></div><div class="battle-history">INKLING4LIFE sent out <strong>Swampert</strong>!<br></div><div class="spacer battle-history"><br></div><h2 class="battle-history">Turn 14</h2><div class="spacer battle-history"><br></div><div class="battle-history"><small>The opposing Swampert's Swampertite is reacting to INKLING4LIFE's Mega Bracelet!</small><br>The opposing Swampert has Mega Evolved into Mega Swampert!<br></div><div class="spacer battle-history"><br></div><div class="battle-history">Arcanine used <strong>Double-Edge</strong>!<br></div><div class="battle-history"><small>(The opposing Swampert lost <abbr title="−132/341">38.7%</abbr> of its health!)</small><br></div><div class="battle-history"><small>Arcanine is damaged by the recoil!</small><br></div><div class="spacer battle-history"><br></div><div class="battle-history">The opposing Swampert used <strong>Earthquake</strong>!<br></div><div class="battle-history"><small>It's super effective!</small><br></div><div class="battle-history"><small>(Arcanine lost <abbr title="−149/321">46.4%</abbr> of its health!)</small><br></div><div class="spacer battle-history"><br></div><div class="battle-history">Arcanine fainted!<br></div><div class="spacer battle-history"><br></div><div class="battle-history">Go! <strong>Absol</strong>!<br></div><div class="battle-history"><small>Pointed stones dug into Absol!</small><br></div><div class="spacer battle-history"><br></div><h2 class="battle-history">Turn 15</h2><div class="spacer battle-history"><br></div><div class="battle-history"><small>Absol's Absolite is reacting to The Big's Mega Bracelet!</small><br>Absol has Mega Evolved into Mega Absol!<br></div><div class="spacer battle-history"><br></div><div class="battle-history">Absol used <strong>Swords Dance</strong>!<br></div><div class="battle-history"><small>Absol's Attack rose sharply!</small><br></div><div class="spacer battle-history"><br></div><div class="battle-history">The opposing Swampert used <strong>Earthquake</strong>!<br></div><div class="battle-history"><small>(Absol lost <abbr title="−238/271">87.8%</abbr> of its health!)</small><br></div><div class="spacer battle-history"><br></div><div class="battle-history">Absol fainted!<br></div><div class="spacer battle-history"><br></div><div class="battle-history"><strong>INKLING4LIFE</strong> won the battle!<br></div><div class="chat">The Big's rating: 1070 → <strong>1050</strong><br>(-20 for losing)</div><div class="chat">INKLING4LIFE's rating: 1077 → <strong>1105</strong><br>(+28 for winning)</div><div class="chat chatmessage-thebig"><strong style="color:hsl(248,71%,61.699819682449316%)"><small>☆</small><span class="username" data-name="The Big">The Big</span>:</strong> <em>gg</em></div></div><div class="inner-preempt"></div></div></div>
</div>
<script>
let daily = Math.floor(Date.now()/1000/60/60/24);document.write('<script src="https://play.pokemonshowdown.com/js/replay-embed.js?version'+daily+'"></'+'script>');
</script>
