<!DOCTYPE html>
<meta charset="utf-8" />
<!-- version 1 -->
<title>UU replay: Parnstar vs. stonymelony</title>
<style>
html,body {font-family:Verdana, sans-serif;font-size:10pt;margin:0;padding:0;}body{padding:12px 0;} .battle-log {font-family:Verdana, sans-serif;font-size:10pt;} .battle-log-inline {border:1px solid #AAAAAA;background:#EEF2F5;color:black;max-width:640px;margin:0 auto 80px;padding-bottom:5px;} .battle-log .inner {padding:4px 8px 0px 8px;} .battle-log .inner-preempt {padding:0 8px 4px 8px;} .battle-log .inner-after {margin-top:0.5em;} .battle-log h2 {margin:0.5em -8px;padding:4px 8px;border:1px solid #AAAAAA;background:#E0E7EA;border-left:0;border-right:0;font-family:Verdana, sans-serif;font-size:13pt;} .battle-log .chat {vertical-align:middle;padding:3px 0 3px 0;font-size:8pt;} .battle-log .chat strong {color:#40576A;} .battle-log .chat em {padding:1px 4px 1px 3px;color:#000000;font-style:normal;} .chat.mine {background:rgba(0,0,0,0.05);margin-left:-8px;margin-right:-8px;padding-left:8px;padding-right:8px;} .spoiler {color:#BBBBBB;background:#BBBBBB;padding:0px 3px;} .spoiler:hover, .spoiler:active, .spoiler-shown {color:#000000;background:#E2E2E2;padding:0px 3px;} .spoiler a {color:#BBBBBB;} .spoiler:hover a, .spoiler:active a, .spoiler-shown a {color:#2288CC;} .chat code, .chat .spoiler:hover code, .chat .spoiler:active code, .chat .spoiler-shown code {border:1px solid #C0C0C0;background:#EEEEEE;color:black;padding:0 2px;} .chat .spoiler code {border:1px solid #CCCCCC;background:#CCCCCC;color:#CCCCCC;} .battle-log .rated {padding:3px 4px;} .battle-log .rated strong {color:white;background:#89A;padding:1px 4px;border-radius:4px;} .spacer {margin-top:0.5em;} .message-announce {background:#6688AA;color:white;padding:1px 4px 2px;} .message-announce a, .broadcast-green a, .broadcast-blue a, .broadcast-red a {color:#DDEEFF;} .broadcast-green {background-color:#559955;color:white;padding:2px 4px;} .broadcast-blue {background-color:#6688AA;color:white;padding:2px 4px;} .infobox {border:1px solid #6688AA;padding:2px 4px;} .infobox-limited {max-height:200px;overflow:auto;overflow-x:hidden;} .broadcast-red {background-color:#AA5544;color:white;padding:2px 4px;} .message-learn-canlearn {font-weight:bold;color:#228822;text-decoration:underline;} .message-learn-cannotlearn {font-weight:bold;color:#CC2222;text-decoration:underline;} .message-effect-weak {font-weight:bold;color:#CC2222;} .message-effect-resist {font-weight:bold;color:#6688AA;} .message-effect-immune {font-weight:bold;color:#666666;} .message-learn-list {margin-top:0;margin-bottom:0;} .message-throttle-notice, .message-error {color:#992222;} .message-overflow, .chat small.message-overflow {font-size:0pt;} .message-overflow::before {font-size:9pt;content:'...';} .subtle {color:#3A4A66;}
</style>
<div class="wrapper replay-wrapper" style="max-width:1180px;margin:0 auto">
<input type="hidden" name="replayid" value="uu-581926187" />
<div class="battle"></div><div class="battle-log"></div><div class="replay-controls"></div><div class="replay-controls-2"></div>
<h1 style="font-weight:normal;text-align:center"><strong>UU</strong><br /><a href="http://pokemonshowdown.com/users/parnstar" class="subtle" target="_blank">Parnstar</a> vs. <a href="http://pokemonshowdown.com/users/stonymelony" class="subtle" target="_blank">stonymelony</a></h1>
<script type="text/plain" class="battle-log-data">|j|Parnstar
|j|stonymelony
|player|p1|Parnstar|21
|teamsize|p1|6
|player|p2|stonymelony|121
|teamsize|p2|6
|gametype|singles
|gen|6
|tier|UU
|rated
|seed|53929,24441,47903,19773
|rule|Sleep Clause Mod: Limit one foe put to sleep
|rule|Species Clause: Limit one of each Pokémon
|rule|OHKO Clause: OHKO moves are banned
|rule|Moody Clause: Moody is banned
|rule|Evasion Moves Clause: Evasion moves are banned
|rule|Endless Battle Clause: Forcing endless battles is banned
|rule|HP Percentage Mod: HP is shown in percentages
|clearpoke
|poke|p1|Crawdaunt, F|item
|poke|p1|Mamoswine, M|item
|poke|p1|Whimsicott, F|item
|poke|p1|Heliolisk, F|item
|poke|p1|Toxicroak, M|item
|poke|p1|Donphan, M|item
|poke|p2|Forretress, F|item
|poke|p2|Cresselia, F|item
|poke|p2|Blastoise, M|item
|poke|p2|Crawdaunt, F|item
|poke|p2|Haxorus, M|item
|poke|p2|Blissey, F|item
|rule|Swagger Clause: Swagger is banned
|rule|Baton Pass Clause: Limit one Baton Passer, can't pass Spe and other stats simultaneously
|teampreview
|choice|team 5, team 2, team 3, team 4, team 1, team 6|team 1, team 2, team 3, team 4, team 5, team 6
|
|start
|switch|p1a: arse gaper|Toxicroak, M|307\/307
|switch|p2a: Forretress|Forretress, F|354\/354
|turn|1
|choice|move swordsdance|move stealthrock
|
|move|p1a: arse gaper|Swords Dance|p1a: arse gaper
|-boost|p1a: arse gaper|atk|2
|move|p2a: Forretress|Stealth Rock|p1a: arse gaper
|-sidestart|p1: Parnstar|move: Stealth Rock
|
|upkeep
|turn|2
|choice|move drainpunch|move spikes
|
|move|p1a: arse gaper|Drain Punch|p2a: Forretress
|-damage|p2a: Forretress|163\/354
|-damage|p1a: arse gaper|277\/307|[from] item: Life Orb
|move|p2a: Forretress|Spikes|p1a: arse gaper
|-sidestart|p1: Parnstar|Spikes
|
|-heal|p2a: Forretress|185\/354|[from] item: Leftovers
|upkeep
|turn|3
|choice|move swordsdance|move painsplit
|
|move|p1a: arse gaper|Swords Dance|p1a: arse gaper
|-boost|p1a: arse gaper|atk|2
|move|p2a: Forretress|Pain Split|p1a: arse gaper
|-sethp|p1a: arse gaper|231\/307|p2a: Forretress|231\/354|[from] move: Pain Split
|
|-heal|p2a: Forretress|253\/354|[from] item: Leftovers
|upkeep
|turn|4
|choice|move drainpunch|move gyroball
|
|move|p1a: arse gaper|Drain Punch|p2a: Forretress
|-damage|p2a: Forretress|0 fnt
|-heal|p1a: arse gaper|307\/307|[from] drain|[of] p2a: Forretress
|-damage|p1a: arse gaper|277\/307|[from] item: Life Orb
|faint|p2a: Forretress
|
|upkeep
|choice||switch 3
|
|switch|p2a: Blastoise|Blastoise, M|300\/300
|turn|5
|choice|move gunkshot|move waterpulse mega
|
|detailschange|p2a: Blastoise|Blastoise-Mega, M
|-mega|p2a: Blastoise|Blastoise|Blastoisinite
|move|p2a: Blastoise|Water Pulse|p1a: arse gaper
|-heal|p1a: arse gaper|307\/307|[from] ability: Dry Skin|[of] p2a: Blastoise
|move|p1a: arse gaper|Gunk Shot|p2a: Blastoise
|-damage|p2a: Blastoise|0 fnt
|-damage|p1a: arse gaper|277\/307|[from] item: Life Orb
|faint|p2a: Blastoise
|
|upkeep
|choice||switch 4
|
|switch|p2a: Crawdaunt|Crawdaunt, F|267\/267
|turn|6
|choice|move drainpunch|move crunch
|
|move|p2a: Crawdaunt|Crunch|p1a: arse gaper
|-resisted|p1a: arse gaper
|-crit|p1a: arse gaper
|-damage|p1a: arse gaper|99\/307
|move|p1a: arse gaper|Drain Punch|p2a: Crawdaunt
|-supereffective|p2a: Crawdaunt
|-damage|p2a: Crawdaunt|0 fnt
|-heal|p1a: arse gaper|233\/307|[from] drain|[of] p2a: Crawdaunt
|-damage|p1a: arse gaper|203\/307|[from] item: Life Orb
|faint|p2a: Crawdaunt
|
|upkeep
|choice||switch 5
|
|switch|p2a: Haxorus|Haxorus, M|294\/294
|-ability|p2a: Haxorus|Mold Breaker
|turn|7
|c|☆Parnstar|!dt crawdawnt
No Pokémon, item, move, ability or nature named 'crawdawnt' was found. Showing the data of 'Crawdaunt' instead.
|c|~|\/data-pokemon Crawdaunt
|raw|<font size="1"><font color="#686868">Dex#:<\/font> 342&nbsp;|&ThickSpace;<font color="#686868">Gen:<\/font> 3&nbsp;|&ThickSpace;<font color="#686868">Height:<\/font> 1.1 m&nbsp;|&ThickSpace;<font color="#686868">Weight:<\/font> 32.8 kg <em>(60 BP)<\/em>&nbsp;|&ThickSpace;<font color="#686868">Dex Colour:<\/font> Red&nbsp;|&ThickSpace;<font color="#686868">Egg Group(s):<\/font> Water 1, Water 3&nbsp;|&ThickSpace;<font color="#686868">Does Not Evolve<\/font><\/font>
|choice|move suckerpunch|move outrage
|
|move|p1a: arse gaper|Sucker Punch|p2a: Haxorus
|-damage|p2a: Haxorus|0 fnt
|-damage|p1a: arse gaper|173\/307|[from] item: Life Orb
|faint|p2a: Haxorus
|
|upkeep
|choice||switch 2
|
|switch|p2a: Cresselia|Cresselia, F|444\/444
|turn|8
|choice|move suckerpunch|move psychic
|
|move|p1a: arse gaper|Sucker Punch|p2a: Cresselia
|-supereffective|p2a: Cresselia
|-damage|p2a: Cresselia|0 fnt
|-damage|p1a: arse gaper|143\/307|[from] item: Life Orb
|faint|p2a: Cresselia
|
|upkeep
|choice||switch 6
|
|switch|p2a: Blissey|Blissey, F|700\/700
|turn|9
|c|☆Parnstar|gg
|choice|move drainpunch|move defensecurl
|
|move|p1a: arse gaper|Drain Punch|p2a: Blissey
|-supereffective|p2a: Blissey
|-damage|p2a: Blissey|0 fnt
|-heal|p1a: arse gaper|307\/307|[from] drain|[of] p2a: Blissey
|-damage|p1a: arse gaper|277\/307|[from] item: Life Orb
|faint|p2a: Blissey
|
|win|Parnstar
|l|stonymelony</script>
</div>
<div class="battle-log battle-log-inline"><div class="inner"><div class="battle-options"></div><div class="inner"><div class="chat"><small>Parnstar joined.</small></div><div class="chat"><small>stonymelony joined.</small></div><div class=""><small>Format:</small> <br><strong>UU</strong></div><div class="rated"><strong>Rated battle</strong></div><div class=""><small><em>Sleep Clause Mod:</em> Limit one foe put to sleep</small></div><div class=""><small><em>Species Clause:</em> Limit one of each Pokémon</small></div><div class=""><small><em>OHKO Clause:</em> OHKO moves are banned</small></div><div class=""><small><em>Moody Clause:</em> Moody is banned</small></div><div class=""><small><em>Evasion Moves Clause:</em> Evasion moves are banned</small></div><div class=""><small><em>Endless Battle Clause:</em> Forcing endless battles is banned</small></div><div class=""><small><em>HP Percentage Mod:</em> HP is shown in percentages</small></div><div class=""><small><em>Swagger Clause:</em> Swagger is banned</small></div><div class=""><small><em>Baton Pass Clause:</em> Limit one Baton Passer, can't pass Spe and other stats simultaneously</small></div><div class="chat battle-history"><strong>Parnstar's team:</strong> <em style="color:#445566;display:block;">Crawdaunt / Mamoswine / Whimsicott / Heliolisk / Toxicroak / Donphan</em></div><div class="chat battle-history"><strong>stonymelony's team:</strong> <em style="color:#445566;display:block;">Forretress / Cresselia / Blastoise / Crawdaunt / Haxorus / Blissey</em></div><div class="spacer battle-history"><br></div><div class="battle-history">Battle started between Parnstar and stonymelony!<br></div><div class="spacer battle-history"><br></div><div class="battle-history">Go! arse gaper (<strong>Toxicroak</strong>)!<br></div><div class="spacer battle-history"><br></div><div class="battle-history">stonymelony sent out <strong>Forretress</strong>!<br></div><div class="spacer battle-history"><br></div><h2 class="battle-history">Turn 1</h2><div class="spacer battle-history"><br></div><div class="battle-history">arse gaper used <strong>Swords Dance</strong>!<br></div><div class="battle-history"><small>arse gaper's Attack rose sharply!</small><br></div><div class="spacer battle-history"><br></div><div class="battle-history">The opposing Forretress used <strong>Stealth Rock</strong>!<br></div><div class="battle-history"><small>Pointed stones float in the air around your team!</small><br></div><div class="spacer battle-history"><br></div><h2 class="battle-history">Turn 2</h2><div class="spacer battle-history"><br></div><div class="battle-history">arse gaper used <strong>Drain Punch</strong>!<br></div><div class="battle-history"><small>(The opposing Forretress lost <abbr title="−191/354">54.0%</abbr> of its health!)</small><br></div><div class="battle-history"><small>arse gaper lost some of its HP!</small><br></div><div class="spacer battle-history"><br></div><div class="battle-history">The opposing Forretress used <strong>Spikes</strong>!<br></div><div class="battle-history"><small>Spikes were scattered on the ground all around your team!</small><br></div><div class="spacer battle-history"><br></div><div class="battle-history"><small>The opposing Forretress restored a little HP using its Leftovers!</small><br></div><div class="spacer battle-history"><br></div><h2 class="battle-history">Turn 3</h2><div class="spacer battle-history"><br></div><div class="battle-history">arse gaper used <strong>Swords Dance</strong>!<br></div><div class="battle-history"><small>arse gaper's Attack rose sharply!</small><br></div><div class="spacer battle-history"><br></div><div class="battle-history">The opposing Forretress used <strong>Pain Split</strong>!<br></div><div class="battle-history"><small>The battlers shared their pain!</small><br></div><div class="spacer battle-history"><br></div><div class="battle-history"><small>The opposing Forretress restored a little HP using its Leftovers!</small><br></div><div class="spacer battle-history"><br></div><h2 class="battle-history">Turn 4</h2><div class="spacer battle-history"><br></div><div class="battle-history">arse gaper used <strong>Drain Punch</strong>!<br></div><div class="battle-history"><small>(The opposing Forretress lost <abbr title="−253/354">71.5%</abbr> of its health!)</small><br></div><div class="battle-history"><small>The opposing Forretress had its energy drained!</small><br></div><div class="battle-history"><small>arse gaper lost some of its HP!</small><br></div><div class="spacer battle-history"><br></div><div class="battle-history">The opposing Forretress fainted!<br></div><div class="spacer battle-history"><br></div><div class="battle-history">stonymelony sent out <strong>Blastoise</strong>!<br></div><div class="spacer battle-history"><br></div><h2 class="battle-history">Turn 5</h2><div class="spacer battle-history"><br></div><div class="battle-history"><small>The opposing Blastoise's Blastoisinite is reacting to stonymelony's Mega Bracelet!</small><br>The opposing Blastoise has Mega Evolved into Mega Blastoise!<br></div><div class="spacer battle-history"><br></div><div class="battle-history">The opposing Blastoise used <strong>Water Pulse</strong>!<br></div><div class="battle-history"><small>[arse gaper's Dry Skin]</small><br><small>arse gaper restored its HP.</small><br></div><div class="spacer battle-history"><br></div><div class="battle-history">arse gaper used <strong>Gunk Shot</strong>!<br></div><div class="battle-history"><small>(The opposing Blastoise lost <abbr title="−300/300">100%</abbr> of its health!)</small><br></div><div class="battle-history"><small>arse gaper lost some of its HP!</small><br></div><div class="spacer battle-history"><br></div><div class="battle-history">The opposing Blastoise fainted!<br></div><div class="spacer battle-history"><br></div><div class="battle-history">stonymelony sent out <strong>Crawdaunt</strong>!<br></div><div class="spacer battle-history"><br></div><h2 class="battle-history">Turn 6</h2><div class="spacer battle-history"><br></div><div class="battle-history">The opposing Crawdaunt used <strong>Crunch</strong>!<br></div><div class="battle-history"><small>It's not very effective...</small><br></div><div class="battle-history"><small>A critical hit!</small><br></div><div class="battle-history"><small>(arse gaper lost <abbr title="−178/307">58.0%</abbr> of its health!)</small><br></div><div class="spacer battle-history"><br></div><div class="battle-history">arse gaper used <strong>Drain Punch</strong>!<br></div><div class="battle-history"><small>It's super effective!</small><br></div><div class="battle-history"><small>(The opposing Crawdaunt lost <abbr title="−267/267">100%</abbr> of its health!)</small><br></div><div class="battle-history"><small>The opposing Crawdaunt had its energy drained!</small><br></div><div class="battle-history"><small>arse gaper lost some of its HP!</small><br></div><div class="spacer battle-history"><br></div><div class="battle-history">The opposing Crawdaunt fainted!<br></div><div class="spacer battle-history"><br></div><div class="battle-history">stonymelony sent out <strong>Haxorus</strong>!<br></div><div class="battle-history"><small>[The opposing Haxorus's Mold Breaker]</small><br><small>The opposing Haxorus breaks the mold!</small><br></div><div class="spacer battle-history"><br></div><h2 class="battle-history">Turn 7</h2><div class="chat chatmessage-parnstar"><strong style="color:hsl(41,84%,41.163999978976825%)"><small>☆</small><span class="username" data-name="Parnstar">Parnstar</span>:</strong> <em>!dt crawdawnt</em></div><div class="chat">No Pokémon, item, move, ability or nature named 'crawdawnt' was found. Showing the data of 'Crawdaunt' instead.</div><div class="chat message-error">[outdated code no longer supported]</div><div class="chat"><font size="1"><font color="#686868">Dex#:</font> 342&nbsp;|  <font color="#686868">Gen:</font> 3&nbsp;|  <font color="#686868">Height:</font> 1.1 m&nbsp;|  <font color="#686868">Weight:</font> 32.8 kg <em>(60 BP)</em>&nbsp;|  <font color="#686868">Dex Colour:</font> Red&nbsp;|  <font color="#686868">Egg Group(s):</font> Water 1, Water 3&nbsp;|  <font color="#686868">Does Not Evolve</font></font></div><div class="spacer battle-history"><br></div><div class="battle-history">arse gaper used <strong>Sucker Punch</strong>!<br></div><div class="battle-history"><small>(The opposing Haxorus lost <abbr title="−294/294">100%</abbr> of its health!)</small><br></div><div class="battle-history"><small>arse gaper lost some of its HP!</small><br></div><div class="spacer battle-history"><br></div><div class="battle-history">The opposing Haxorus fainted!<br></div><div class="spacer battle-history"><br></div><div class="battle-history">stonymelony sent out <strong>Cresselia</strong>!<br></div><div class="spacer battle-history"><br></div><h2 class="battle-history">Turn 8</h2><div class="spacer battle-history"><br></div><div class="battle-history">arse gaper used <strong>Sucker Punch</strong>!<br></div><div class="battle-history"><small>It's super effective!</small><br></div><div class="battle-history"><small>(The opposing Cresselia lost <abbr title="−444/444">100%</abbr> of its health!)</small><br></div><div class="battle-history"><small>arse gaper lost some of its HP!</small><br></div><div class="spacer battle-history"><br></div><div class="battle-history">The opposing Cresselia fainted!<br></div><div class="spacer battle-history"><br></div><div class="battle-history">stonymelony sent out <strong>Blissey</strong>!<br></div><div class="spacer battle-history"><br></div><h2 class="battle-history">Turn 9</h2><div class="chat chatmessage-parnstar"><strong style="color:hsl(41,84%,41.163999978976825%)"><small>☆</small><span class="username" data-name="Parnstar">Parnstar</span>:</strong> <em>gg</em></div><div class="spacer battle-history"><br></div><div class="battle-history">arse gaper used <strong>Drain Punch</strong>!<br></div><div class="battle-history"><small>It's super effective!</small><br></div><div class="battle-history"><small>(The opposing Blissey lost <abbr title="−700/700">100%</abbr> of its health!)</small><br></div><div class="battle-history"><small>The opposing Blissey had its energy drained!</small><br></div><div class="battle-history"><small>arse gaper lost some of its HP!</small><br></div><div class="spacer battle-history"><br></div><div class="battle-history">The opposing Blissey fainted!<br></div><div class="spacer battle-history"><br></div><div class="battle-history"><strong>Parnstar</strong> won the battle!<br></div><div class="chat"><small>stonymelony left.</small></div></div><div class="inner-preempt"></div></div></div>
</div>
<script>
let daily = Math.floor(Date.now()/1000/60/60/24);document.write('<script src="https://play.pokemonshowdown.com/js/replay-embed.js?version'+daily+'"></'+'script>');
</script>
