<!DOCTYPE html>
<meta charset="utf-8" />
<!-- version 1 -->
<title>RU replay: LIVE LOVE LIVIO vs. Luispeikou ツ</title>
<style>
html,body {font-family:Verdana, sans-serif;font-size:10pt;margin:0;padding:0;}body{padding:12px 0;} .battle-log {font-family:Verdana, sans-serif;font-size:10pt;} .battle-log-inline {border:1px solid #AAAAAA;background:#EEF2F5;color:black;max-width:640px;margin:0 auto 80px;padding-bottom:5px;} .battle-log .inner {padding:4px 8px 0px 8px;} .battle-log .inner-preempt {padding:0 8px 4px 8px;} .battle-log .inner-after {margin-top:0.5em;} .battle-log h2 {margin:0.5em -8px;padding:4px 8px;border:1px solid #AAAAAA;background:#E0E7EA;border-left:0;border-right:0;font-family:Verdana, sans-serif;font-size:13pt;} .battle-log .chat {vertical-align:middle;padding:3px 0 3px 0;font-size:8pt;} .battle-log .chat strong {color:#40576A;} .battle-log .chat em {padding:1px 4px 1px 3px;color:#000000;font-style:normal;} .chat.mine {background:rgba(0,0,0,0.05);margin-left:-8px;margin-right:-8px;padding-left:8px;padding-right:8px;} .spoiler {color:#BBBBBB;background:#BBBBBB;padding:0px 3px;} .spoiler:hover, .spoiler:active, .spoiler-shown {color:#000000;background:#E2E2E2;padding:0px 3px;} .spoiler a {color:#BBBBBB;} .spoiler:hover a, .spoiler:active a, .spoiler-shown a {color:#2288CC;} .chat code, .chat .spoiler:hover code, .chat .spoiler:active code, .chat .spoiler-shown code {border:1px solid #C0C0C0;background:#EEEEEE;color:black;padding:0 2px;} .chat .spoiler code {border:1px solid #CCCCCC;background:#CCCCCC;color:#CCCCCC;} .battle-log .rated {padding:3px 4px;} .battle-log .rated strong {color:white;background:#89A;padding:1px 4px;border-radius:4px;} .spacer {margin-top:0.5em;} .message-announce {background:#6688AA;color:white;padding:1px 4px 2px;} .message-announce a, .broadcast-green a, .broadcast-blue a, .broadcast-red a {color:#DDEEFF;} .broadcast-green {background-color:#559955;color:white;padding:2px 4px;} .broadcast-blue {background-color:#6688AA;color:white;padding:2px 4px;} .infobox {border:1px solid #6688AA;padding:2px 4px;} .infobox-limited {max-height:200px;overflow:auto;overflow-x:hidden;} .broadcast-red {background-color:#AA5544;color:white;padding:2px 4px;} .message-learn-canlearn {font-weight:bold;color:#228822;text-decoration:underline;} .message-learn-cannotlearn {font-weight:bold;color:#CC2222;text-decoration:underline;} .message-effect-weak {font-weight:bold;color:#CC2222;} .message-effect-resist {font-weight:bold;color:#6688AA;} .message-effect-immune {font-weight:bold;color:#666666;} .message-learn-list {margin-top:0;margin-bottom:0;} .message-throttle-notice, .message-error {color:#992222;} .message-overflow, .chat small.message-overflow {font-size:0pt;} .message-overflow::before {font-size:9pt;content:'...';} .subtle {color:#3A4A66;}
</style>
<div class="wrapper replay-wrapper" style="max-width:1180px;margin:0 auto">
<input type="hidden" name="replayid" value="smogtours-ru-281169" />
<div class="battle"></div><div class="battle-log"></div><div class="replay-controls"></div><div class="replay-controls-2"></div>
<h1 style="font-weight:normal;text-align:center"><strong>RU</strong><br /><a href="http://pokemonshowdown.com/users/livelovelivio" class="subtle" target="_blank">LIVE LOVE LIVIO</a> vs. <a href="http://pokemonshowdown.com/users/luispeikou" class="subtle" target="_blank">Luispeikou ツ</a></h1>
<script type="text/plain" class="battle-log-data">|inactive|Battle timer is ON: inactive players will automatically lose when time's up.
|J|LIVE LOVE LIVIO
|J|Luispeikou ツ
|player|p1|LIVE LOVE LIVIO|#sylielyyneheym
|player|p2|Luispeikou ツ|99
|gametype|singles
|gen|6
|tier|RU
|seed|26924,60302,3900,22192
|rule|Sleep Clause Mod: Limit one foe put to sleep
|rule|Species Clause: Limit one of each Pokémon
|rule|OHKO Clause: OHKO moves are banned
|rule|Moody Clause: Moody is banned
|rule|Evasion Moves Clause: Evasion moves are banned
|rule|Endless Battle Clause: Forcing endless battles is banned
|rule|HP Percentage Mod: HP is shown in percentages
|clearpoke
|poke|p1|Drapion, F, shiny|item
|poke|p1|Flygon, F|item
|poke|p1|Altaria, F|item
|poke|p1|Alomomola, F|item
|poke|p1|Uxie|item
|poke|p1|Registeel|item
|poke|p2|Druddigon, F|item
|poke|p2|Magneton|item
|poke|p2|Slowking, F|item
|poke|p2|Diancie|item
|poke|p2|Virizion|item
|poke|p2|Drapion, F|item
|rule|Swagger Clause: Swagger is banned
|rule|Baton Pass Clause: Limit one Baton Passer, can't pass Spe and other stats simultaneously
|teampreview
|c|☆Luispeikou ツ|hf
|c|☆LIVE LOVE LIVIO|u2.
|J|dk
|J|Mr. Aldo
|J|R!cardo
|J|Simiatic ⚠
|c|+dk|is this for smthn
|choice|team 6, team 2, team 3, team 4, team 5, team 1|team 6, team 2, team 3, team 4, team 5, team 1
|
|start
|switch|p1a: Snow White|Registeel|364\/364
|switch|p2a: Drapion|Drapion, F|281\/281
|turn|1
|L|Simiatic ⚠
|J|TDK
|J|Advantage
|L|TDK
|c|+Advantage|LIVE
|c|+Advantage|LOVE
|c|+Advantage|LIVIO
|c|☆Luispeikou ツ|oras ru cup
|choice|move seismictoss|move knockoff
|
|move|p2a: Drapion|Knock Off|p1a: Snow White
|-damage|p1a: Snow White|274\/364
|-enditem|p1a: Snow White|Leftovers|[from] move: Knock Off|[of] p2a: Drapion
|move|p1a: Snow White|Seismic Toss|p2a: Drapion
|-damage|p2a: Drapion|181\/281
|
|upkeep
|turn|2
|J|Nineage
|choice|move stealthrock|switch 3
|
|switch|p2a: Slowking|Slowking, F|393\/393
|move|p1a: Snow White|Stealth Rock|p2a: Slowking
|-sidestart|p2: Luispeikou ツ|move: Stealth Rock
|
|upkeep
|turn|3
|choice|move toxic|move scald
|
|move|p1a: Snow White|Toxic|p2a: Slowking
|-status|p2a: Slowking|tox
|move|p2a: Slowking|Scald|p1a: Snow White
|-damage|p1a: Snow White|225\/364
|
|-damage|p2a: Slowking|369\/393 tox|[from] psn
|upkeep
|turn|4
|J|p2$$$$$$$$$$$$$$$$
|J|anime character
|L|p2$$$$$$$$$$$$$$$$
|choice|switch 2|move scald
|
|switch|p1a: Seiren|Flygon, F|364\/364
|move|p2a: Slowking|Scald|p1a: Seiren
|-damage|p1a: Seiren|252\/364
|
|-heal|p1a: Seiren|274\/364|[from] item: Leftovers
|-heal|p2a: Slowking|393\/393 tox|[from] item: Leftovers
|-damage|p2a: Slowking|345\/393 tox|[from] psn
|upkeep
|turn|5
|choice|move uturn|move scald
|
|move|p1a: Seiren|U-turn|p2a: Slowking
|-supereffective|p2a: Slowking
|-damage|p2a: Slowking|247\/393 tox
|choice|switch 6|
|
|switch|p1a: Crimson Rose|Drapion, F, shiny|281\/281
|move|p2a: Slowking|Scald|p1a: Crimson Rose
|-damage|p1a: Crimson Rose|167\/281
|-status|p1a: Crimson Rose|brn
|
|-heal|p2a: Slowking|271\/393 tox|[from] item: Leftovers
|-damage|p1a: Crimson Rose|132\/281 brn|[from] brn
|-damage|p2a: Slowking|199\/393 tox|[from] psn
|upkeep
|turn|6
|choice|move knockoff|switch 4
|
|switch|p2a: Diancie|Diancie|303\/303
|-damage|p2a: Diancie|266\/303|[from] Stealth Rock
|move|p1a: Crimson Rose|Knock Off|p2a: Diancie
|-resisted|p2a: Diancie
|-damage|p2a: Diancie|242\/303
|-enditem|p2a: Diancie|Leftovers|[from] move: Knock Off|[of] p1a: Crimson Rose
|
|-damage|p1a: Crimson Rose|97\/281 brn|[from] brn
|upkeep
|turn|7
|choice|switch 5|move stealthrock
|
|switch|p1a: Queen of Roses|Uxie|353\/353
|move|p2a: Diancie|Stealth Rock|p1a: Queen of Roses
|-sidestart|p1: LIVE LOVE LIVIO|move: Stealth Rock
|
|upkeep
|turn|8
|J|The MJ show
|choice|move healbell|move moonblast
|
|move|p1a: Queen of Roses|Heal Bell|p1a: Queen of Roses
|-activate|p1a: Queen of Roses|move: Heal Bell
|-curestatus|p1: Crimson Rose|brn|[msg]
|move|p2a: Diancie|Moonblast|p1a: Queen of Roses
|-damage|p1a: Queen of Roses|260\/353
|
|-heal|p1a: Queen of Roses|282\/353|[from] item: Leftovers
|upkeep
|turn|9
|J|slurmz
|J|marrano ♻
|L|marrano ♻
|c|+The MJ show|this for oras ru cup?
|c|☆Luispeikou ツ|y
|L|Nineage
|c|+The MJ show|ah
|L|The MJ show
|choice|move protect|switch 2
|
|switch|p2a: Magneton|Magneton|243\/243
|-damage|p2a: Magneton|228\/243|[from] Stealth Rock
|move|p1a: Queen of Roses|Protect|p1a: Queen of Roses
|-fail|p1a: Queen of Roses
|
|-heal|p1a: Queen of Roses|304\/353|[from] item: Leftovers
|upkeep
|turn|10
|J|starmaster
|choice|move protect|move flashcannon
|
|move|p1a: Queen of Roses|Protect|p1a: Queen of Roses
|-singleturn|p1a: Queen of Roses|Protect
|move|p2a: Magneton|Flash Cannon|p1a: Queen of Roses
|-activate|p1a: Queen of Roses|move: Protect
|
|-heal|p1a: Queen of Roses|326\/353|[from] item: Leftovers
|upkeep
|turn|11
|choice|switch 2|move flashcannon
|
|switch|p1a: Snow White|Registeel|225\/364
|-damage|p1a: Snow White|203\/364|[from] Stealth Rock
|move|p2a: Magneton|Flash Cannon|p1a: Snow White
|-resisted|p1a: Snow White
|-damage|p1a: Snow White|127\/364
|
|upkeep
|turn|12
|choice|move seismictoss|move flashcannon
|
|move|p2a: Magneton|Flash Cannon|p1a: Snow White
|-resisted|p1a: Snow White
|-damage|p1a: Snow White|62\/364
|move|p1a: Snow White|Seismic Toss|p2a: Magneton
|-damage|p2a: Magneton|128\/243
|
|upkeep
|turn|13
|choice|move seismictoss|move flashcannon
|
|move|p2a: Magneton|Flash Cannon|p1a: Snow White
|-resisted|p1a: Snow White
|-damage|p1a: Snow White|0 fnt
|faint|p1a: Snow White
|
|upkeep
|J|blunder barrington
|choice|switch 6|
|
|switch|p1a: Seiren|Flygon, F|274\/364
|-damage|p1a: Seiren|252\/364|[from] Stealth Rock
|turn|14
|L|slurmz
|choice|move earthquake|switch 4
|
|switch|p2a: Slowking|Slowking, F|330\/393 tox
|-damage|p2a: Slowking|281\/393 tox|[from] Stealth Rock
|move|p1a: Seiren|Earthquake|p2a: Slowking
|-damage|p2a: Slowking|179\/393 tox
|
|-heal|p1a: Seiren|274\/364|[from] item: Leftovers
|-heal|p2a: Slowking|203\/393 tox|[from] item: Leftovers
|-damage|p2a: Slowking|179\/393 tox|[from] psn
|upkeep
|turn|15
|J|Overburdened
|choice|move earthquake|switch 4
|
|switch|p2a: Magneton|Magneton|128\/243
|-damage|p2a: Magneton|113\/243|[from] Stealth Rock
|move|p1a: Seiren|Earthquake|p2a: Magneton
|-supereffective|p2a: Magneton
|-damage|p2a: Magneton|0 fnt
|faint|p2a: Magneton
|
|-heal|p1a: Seiren|296\/364|[from] item: Leftovers
|upkeep
|J|ABR^^^^^
|choice||switch 2
|
|switch|p2a: Diancie|Diancie|242\/303
|-damage|p2a: Diancie|205\/303|[from] Stealth Rock
|turn|16
|L|ABR^^^^^
|choice|move uturn|move moonblast
|
|move|p1a: Seiren|U-turn|p2a: Diancie
|-resisted|p2a: Diancie
|-damage|p2a: Diancie|187\/303
|choice|switch 4|
|
|switch|p1a: Distant Blue|Alomomola, F|501\/501
|-damage|p1a: Distant Blue|439\/501|[from] Stealth Rock
|move|p2a: Diancie|Moonblast|p1a: Distant Blue
|-damage|p1a: Distant Blue|277\/501
|-unboost|p1a: Distant Blue|spa|1
|
|-heal|p1a: Distant Blue|308\/501|[from] item: Leftovers
|upkeep
|turn|17
|J|Znain✖✖
|L|Znain✖✖
|choice|move wish|move healbell
|
|move|p1a: Distant Blue|Wish|p1a: Distant Blue
|move|p2a: Diancie|Heal Bell|p2a: Diancie
|-activate|p2a: Diancie|move: Heal Bell
|-curestatus|p2: Slowking|tox|[msg]
|
|-heal|p1a: Distant Blue|339\/501|[from] item: Leftovers
|upkeep
|turn|18
|J|Strealet❄
|choice|move scald|move moonblast
|
|move|p1a: Distant Blue|Scald|p2a: Diancie
|-supereffective|p2a: Diancie
|-damage|p2a: Diancie|151\/303
|move|p2a: Diancie|Moonblast|p1a: Distant Blue
|-crit|p1a: Distant Blue
|-damage|p1a: Distant Blue|89\/501
|
|-heal|p1a: Distant Blue|339\/501|[from] move: Wish|[wisher] Distant Blue
|-heal|p1a: Distant Blue|370\/501|[from] item: Leftovers
|upkeep
|turn|19
|J|TSR
|L|Mr. Aldo
|choice|move wish|move moonblast
|
|move|p1a: Distant Blue|Wish|p1a: Distant Blue
|move|p2a: Diancie|Moonblast|p1a: Distant Blue
|-damage|p1a: Distant Blue|205\/501
|
|-heal|p1a: Distant Blue|236\/501|[from] item: Leftovers
|upkeep
|turn|20
|J|Mewtwo927 ♫
|choice|move protect|switch 6
|
|switch|p2a: Druddigon|Druddigon, F|321\/321
|-damage|p2a: Druddigon|281\/321|[from] Stealth Rock
|move|p1a: Distant Blue|Protect|p1a: Distant Blue
|-fail|p1a: Distant Blue
|
|-heal|p1a: Distant Blue|486\/501|[from] move: Wish|[wisher] Distant Blue
|-heal|p1a: Distant Blue|501\/501|[from] item: Leftovers
|upkeep
|turn|21
|L|blunder barrington
|choice|move wish|move thunderpunch
|
|move|p2a: Druddigon|Thunder Punch|p1a: Distant Blue
|-supereffective|p1a: Distant Blue
|-damage|p1a: Distant Blue|259\/501
|move|p1a: Distant Blue|Wish|p1a: Distant Blue
|
|-heal|p1a: Distant Blue|290\/501|[from] item: Leftovers
|upkeep
|turn|22
|choice|move scald|move thunderpunch
|
|move|p2a: Druddigon|Thunder Punch|p1a: Distant Blue
|-supereffective|p1a: Distant Blue
|-damage|p1a: Distant Blue|17\/501
|move|p1a: Distant Blue|Scald|p2a: Druddigon
|-resisted|p2a: Druddigon
|-damage|p2a: Druddigon|263\/321
|-status|p2a: Druddigon|brn
|
|-heal|p1a: Distant Blue|267\/501|[from] move: Wish|[wisher] Distant Blue
|-heal|p1a: Distant Blue|298\/501|[from] item: Leftovers
|-damage|p2a: Druddigon|223\/321 brn|[from] brn
|upkeep
|turn|23
|J|yjh971203
|choice|move wish|switch 6
|
|switch|p2a: Diancie|Diancie|151\/303
|-damage|p2a: Diancie|114\/303|[from] Stealth Rock
|move|p1a: Distant Blue|Wish|p1a: Distant Blue
|
|-heal|p1a: Distant Blue|329\/501|[from] item: Leftovers
|upkeep
|turn|24
|choice|switch 5|move healbell
|
|switch|p1a: Crimson Rose|Drapion, F, shiny|97\/281
|-damage|p1a: Crimson Rose|62\/281|[from] Stealth Rock
|move|p2a: Diancie|Heal Bell|p2a: Diancie
|-activate|p2a: Diancie|move: Heal Bell
|-curestatus|p2: Druddigon|brn|[msg]
|
|-heal|p1a: Crimson Rose|281\/281|[from] move: Wish|[wisher] Distant Blue
|upkeep
|turn|25
|choice|move earthquake|move moonblast
|
|move|p1a: Crimson Rose|Earthquake|p2a: Diancie
|-supereffective|p2a: Diancie
|-damage|p2a: Diancie|0 fnt
|faint|p2a: Diancie
|
|upkeep
|choice||switch 5
|
|switch|p2a: Virizion|Virizion|323\/323
|-damage|p2a: Virizion|303\/323|[from] Stealth Rock
|turn|26
|choice|switch 2|move swordsdance
|
|switch|p1a: Queen of Roses|Uxie|326\/353
|-damage|p1a: Queen of Roses|282\/353|[from] Stealth Rock
|move|p2a: Virizion|Swords Dance|p2a: Virizion
|-boost|p2a: Virizion|atk|2
|
|-heal|p1a: Queen of Roses|304\/353|[from] item: Leftovers
|upkeep
|turn|27
|choice|move psyshock|move leafblade
|
|move|p2a: Virizion|Leaf Blade|p1a: Queen of Roses
|-damage|p1a: Queen of Roses|153\/353
|move|p1a: Queen of Roses|Psyshock|p2a: Virizion
|-supereffective|p2a: Virizion
|-damage|p2a: Virizion|115\/323
|
|-heal|p1a: Queen of Roses|175\/353|[from] item: Leftovers
|upkeep
|turn|28
|choice|move psyshock|switch 3
|
|switch|p2a: Drapion|Drapion, F|181\/281
|-damage|p2a: Drapion|146\/281|[from] Stealth Rock
|move|p1a: Queen of Roses|Psyshock|p2a: Drapion
|-immune|p2a: Drapion|[msg]
|
|-heal|p1a: Queen of Roses|197\/353|[from] item: Leftovers
|upkeep
|turn|29
|choice|move protect|move pursuit
|
|move|p1a: Queen of Roses|Protect|p1a: Queen of Roses
|-singleturn|p1a: Queen of Roses|Protect
|move|p2a: Drapion|Pursuit|p1a: Queen of Roses
|-activate|p1a: Queen of Roses|move: Protect
|
|-heal|p1a: Queen of Roses|219\/353|[from] item: Leftovers
|upkeep
|turn|30
|choice|move uturn|move pursuit
|
|move|p2a: Drapion|Pursuit|p1a: Queen of Roses
|-supereffective|p1a: Queen of Roses
|-damage|p1a: Queen of Roses|157\/353
|move|p1a: Queen of Roses|U-turn|p2a: Drapion
|-damage|p2a: Drapion|112\/281
|choice|switch 2|
|
|switch|p1a: Crimson Rose|Drapion, F, shiny|281\/281
|-damage|p1a: Crimson Rose|246\/281|[from] Stealth Rock
|
|upkeep
|turn|31
|c|☆Luispeikou ツ|lel
|c|☆Luispeikou ツ|0
|choice|move pursuit|switch 6
|
|-activate|p2a: Drapion|move: Pursuit
|move|p1a: Crimson Rose|Pursuit|p2a: Drapion|[from]Pursuit
|-resisted|p2a: Drapion
|-damage|p2a: Drapion|60\/281
|switch|p2a: Druddigon|Druddigon, F|223\/321
|-damage|p2a: Druddigon|183\/321|[from] Stealth Rock
|
|upkeep
|turn|32
|choice|move pursuit|move dragonclaw
|
|move|p1a: Crimson Rose|Pursuit|p2a: Druddigon
|-damage|p2a: Druddigon|117\/321
|move|p2a: Druddigon|Dragon Claw|p1a: Crimson Rose
|-damage|p1a: Crimson Rose|61\/281
|-damage|p2a: Druddigon|85\/321|[from] item: Life Orb
|
|upkeep
|turn|33
|choice|move pursuit|move thunderpunch
|
|move|p1a: Crimson Rose|Pursuit|p2a: Druddigon
|-damage|p2a: Druddigon|15\/321
|move|p2a: Druddigon|Thunder Punch|p1a: Crimson Rose
|-damage|p1a: Crimson Rose|0 fnt
|faint|p1a: Crimson Rose
|
|upkeep
|choice|switch 4|
|
|switch|p1a: Seiren|Flygon, F|296\/364
|-damage|p1a: Seiren|274\/364|[from] Stealth Rock
|turn|34
|choice|move uturn|move dragonclaw
|
|move|p1a: Seiren|U-turn|p2a: Druddigon
|-damage|p2a: Druddigon|0 fnt
|faint|p2a: Druddigon
|choice|switch 2|
|
|switch|p1a: Queen of Roses|Uxie|157\/353
|-damage|p1a: Queen of Roses|113\/353|[from] Stealth Rock
|
|-heal|p1a: Queen of Roses|135\/353|[from] item: Leftovers
|upkeep
|choice||switch 6
|
|switch|p2a: Drapion|Drapion, F|60\/281
|-damage|p2a: Drapion|25\/281|[from] Stealth Rock
|turn|35
|choice|move protect|move knockoff
|
|move|p1a: Queen of Roses|Protect|p1a: Queen of Roses
|-singleturn|p1a: Queen of Roses|Protect
|move|p2a: Drapion|Knock Off|p1a: Queen of Roses
|-activate|p1a: Queen of Roses|move: Protect
|
|-heal|p1a: Queen of Roses|157\/353|[from] item: Leftovers
|upkeep
|turn|36
|choice|switch 5|move knockoff
|
|switch|p1a: Distant Blue|Alomomola, F|496\/501
|-damage|p1a: Distant Blue|434\/501|[from] Stealth Rock
|move|p2a: Drapion|Knock Off|p1a: Distant Blue
|-damage|p1a: Distant Blue|311\/501
|-enditem|p1a: Distant Blue|Leftovers|[from] move: Knock Off|[of] p2a: Drapion
|
|upkeep
|turn|37
|choice|move wish|move knockoff
|
|move|p2a: Drapion|Knock Off|p1a: Distant Blue
|-damage|p1a: Distant Blue|239\/501
|move|p1a: Distant Blue|Wish|p1a: Distant Blue
|
|upkeep
|turn|38
|choice|move protect|move knockoff
|
|move|p1a: Distant Blue|Protect|p1a: Distant Blue
|-singleturn|p1a: Distant Blue|Protect
|move|p2a: Drapion|Knock Off|p1a: Distant Blue
|-activate|p1a: Distant Blue|move: Protect
|
|-heal|p1a: Distant Blue|489\/501|[from] move: Wish|[wisher] Distant Blue
|upkeep
|turn|39
|choice|move tickle|move knockoff
|
|move|p2a: Drapion|Knock Off|p1a: Distant Blue
|-damage|p1a: Distant Blue|419\/501
|move|p1a: Distant Blue|Tickle|p2a: Drapion
|-unboost|p2a: Drapion|atk|1
|-unboost|p2a: Drapion|def|1
|
|upkeep
|turn|40
|choice|move wish|move knockoff
|
|move|p2a: Drapion|Knock Off|p1a: Distant Blue
|-damage|p1a: Distant Blue|367\/501
|move|p1a: Distant Blue|Wish|p1a: Distant Blue
|
|upkeep
|turn|41
|choice|move tickle|move knockoff
|
|move|p2a: Drapion|Knock Off|p1a: Distant Blue
|-crit|p1a: Distant Blue
|-damage|p1a: Distant Blue|213\/501
|move|p1a: Distant Blue|Tickle|p2a: Drapion
|-unboost|p2a: Drapion|atk|1
|-unboost|p2a: Drapion|def|1
|
|-heal|p1a: Distant Blue|463\/501|[from] move: Wish|[wisher] Distant Blue
|upkeep
|turn|42
|choice|move wish|move knockoff
|
|move|p2a: Drapion|Knock Off|p1a: Distant Blue
|-damage|p1a: Distant Blue|427\/501
|move|p1a: Distant Blue|Wish|p1a: Distant Blue
|
|upkeep
|turn|43
|choice|switch 5|move knockoff
|
|switch|p1a: Queen of Roses|Uxie|157\/353
|-damage|p1a: Queen of Roses|113\/353|[from] Stealth Rock
|move|p2a: Drapion|Knock Off|p1a: Queen of Roses
|-supereffective|p1a: Queen of Roses
|-damage|p1a: Queen of Roses|35\/353
|-enditem|p1a: Queen of Roses|Leftovers|[from] move: Knock Off|[of] p2a: Drapion
|
|-heal|p1a: Queen of Roses|285\/353|[from] move: Wish|[wisher] Distant Blue
|upkeep
|turn|44
|choice|move uturn|move knockoff
|
|move|p2a: Drapion|Knock Off|p1a: Queen of Roses
|-supereffective|p1a: Queen of Roses
|-damage|p1a: Queen of Roses|231\/353
|move|p1a: Queen of Roses|U-turn|p2a: Drapion
|-damage|p2a: Drapion|0 fnt
|faint|p2a: Drapion
|choice|switch 3|
|
|switch|p1a: Twilight Princess|Altaria, F|353\/353
|-damage|p1a: Twilight Princess|265\/353|[from] Stealth Rock
|
|-heal|p1a: Twilight Princess|287\/353|[from] item: Leftovers
|upkeep
|choice||switch 4
|
|switch|p2a: Slowking|Slowking, F|310\/393
|-damage|p2a: Slowking|261\/393|[from] Stealth Rock
|turn|45
|choice|move toxic|move thunderwave
|
|move|p1a: Twilight Princess|Toxic|p2a: Slowking|[miss]
|-miss|p1a: Twilight Princess|p2a: Slowking
|move|p2a: Slowking|Thunder Wave|p1a: Twilight Princess
|-status|p1a: Twilight Princess|par
|
|-heal|p2a: Slowking|285\/393|[from] item: Leftovers
|-heal|p1a: Twilight Princess|309\/353 par|[from] item: Leftovers
|upkeep
|turn|46
|L|Overburdened
|choice|move toxic|move psyshock
|
|move|p2a: Slowking|Psyshock|p1a: Twilight Princess
|-damage|p1a: Twilight Princess|242\/353 par
|move|p1a: Twilight Princess|Toxic|p2a: Slowking
|-status|p2a: Slowking|tox
|
|-heal|p2a: Slowking|309\/393 tox|[from] item: Leftovers
|-heal|p1a: Twilight Princess|264\/353 par|[from] item: Leftovers
|-damage|p2a: Slowking|285\/393 tox|[from] psn
|upkeep
|turn|47
|choice|switch 2|move psyshock
|
|-curestatus|p1a: Twilight Princess|par|[from] ability: Natural Cure
|switch|p1a: Seiren|Flygon, F|274\/364
|-damage|p1a: Seiren|252\/364|[from] Stealth Rock
|move|p2a: Slowking|Psyshock|p1a: Seiren
|-damage|p1a: Seiren|140\/364
|
|-heal|p1a: Seiren|162\/364|[from] item: Leftovers
|-heal|p2a: Slowking|309\/393 tox|[from] item: Leftovers
|-damage|p2a: Slowking|261\/393 tox|[from] psn
|upkeep
|turn|48
|choice|move roost|move scald
|
|move|p1a: Seiren|Roost|p1a: Seiren
|-heal|p1a: Seiren|344\/364
|move|p2a: Slowking|Scald|p1a: Seiren
|-damage|p1a: Seiren|238\/364
|
|-heal|p1a: Seiren|260\/364|[from] item: Leftovers
|-heal|p2a: Slowking|285\/393 tox|[from] item: Leftovers
|-damage|p2a: Slowking|213\/393 tox|[from] psn
|upkeep
|turn|49
|choice|move defog|move scald
|
|move|p1a: Seiren|Defog|p2a: Slowking
|-unboost|p2a: Slowking|evasion|1
|-sideend|p2: Luispeikou ツ|Stealth Rock|[from] move: Defog|[of] p2a: Slowking
|-sideend|p1: LIVE LOVE LIVIO|Stealth Rock|[from] move: Defog|[of] p1a: Seiren
|move|p2a: Slowking|Scald|p1a: Seiren
|-damage|p1a: Seiren|140\/364
|
|-heal|p1a: Seiren|162\/364|[from] item: Leftovers
|-heal|p2a: Slowking|237\/393 tox|[from] item: Leftovers
|-damage|p2a: Slowking|141\/393 tox|[from] psn
|upkeep
|turn|50
|L|yjh971203
|choice|move uturn|move scald
|
|move|p1a: Seiren|U-turn|p2a: Slowking
|-supereffective|p2a: Slowking
|-damage|p2a: Slowking|49\/393 tox
|J|Overburdened
|choice|switch 2|
|
|switch|p1a: Twilight Princess|Altaria, F|264\/353
|move|p2a: Slowking|Scald|p1a: Twilight Princess
|-resisted|p1a: Twilight Princess
|-damage|p1a: Twilight Princess|219\/353
|
|-heal|p1a: Twilight Princess|241\/353|[from] item: Leftovers
|-heal|p2a: Slowking|73\/393 tox|[from] item: Leftovers
|-damage|p2a: Slowking|0 fnt|[from] psn
|upkeep
|faint|p2a: Slowking
|choice||switch 3
|
|switch|p2a: Virizion|Virizion|115\/323
|turn|51
|choice|move moonblast|move swordsdance
|
|move|p2a: Virizion|Swords Dance|p2a: Virizion
|-boost|p2a: Virizion|atk|2
|move|p1a: Twilight Princess|Moonblast|p2a: Virizion
|-supereffective|p2a: Virizion
|-damage|p2a: Virizion|29\/323
|
|-heal|p1a: Twilight Princess|263\/353|[from] item: Leftovers
|upkeep
|turn|52
|choice|move moonblast|move zenheadbutt
|
|move|p2a: Virizion|Zen Headbutt|p1a: Twilight Princess|[miss]
|-miss|p2a: Virizion|p1a: Twilight Princess
|move|p1a: Twilight Princess|Moonblast|p2a: Virizion
|-supereffective|p2a: Virizion
|-crit|p2a: Virizion
|-damage|p2a: Virizion|0 fnt
|faint|p2a: Virizion
|
|win|LIVE LOVE LIVIO</script>
</div>
<div class="battle-log battle-log-inline"><div class="inner"><div class="battle-options"></div><div class="inner"><div class="chat message-error">Battle timer is ON: inactive players will automatically lose when time's up.</div><div class=""><small>Format:</small> <br><strong>RU</strong></div><div class=""><small><em>Sleep Clause Mod:</em> Limit one foe put to sleep</small></div><div class=""><small><em>Species Clause:</em> Limit one of each Pokémon</small></div><div class=""><small><em>OHKO Clause:</em> OHKO moves are banned</small></div><div class=""><small><em>Moody Clause:</em> Moody is banned</small></div><div class=""><small><em>Evasion Moves Clause:</em> Evasion moves are banned</small></div><div class=""><small><em>Endless Battle Clause:</em> Forcing endless battles is banned</small></div><div class=""><small><em>HP Percentage Mod:</em> HP is shown in percentages</small></div><div class=""><small><em>Swagger Clause:</em> Swagger is banned</small></div><div class=""><small><em>Baton Pass Clause:</em> Limit one Baton Passer, can't pass Spe and other stats simultaneously</small></div><div class="chat battle-history"><strong>LIVE LOVE LIVIO's team:</strong> <em style="color:#445566;display:block;">Drapion / Flygon / Altaria / Alomomola / Uxie / Registeel</em></div><div class="chat battle-history"><strong>Luispeikou ツ's team:</strong> <em style="color:#445566;display:block;">Druddigon / Magneton / Slowking / Diancie / Virizion / Drapion</em></div><div class="chat chatmessage-luispeikou"><strong style="color:hsl(42,41%,45%)"><small>☆</small><span class="username" data-name="Luispeikou ツ">Luispeikou ツ</span>:</strong> <em>hf</em></div><div class="chat chatmessage-livelovelivio"><strong style="color:hsl(320,62%,47.27977267699201%)"><small>☆</small><span class="username" data-name="LIVE LOVE LIVIO">LIVE LOVE LIVIO</span>:</strong> <em>u2.</em></div><div class="chat chatmessage-dk"><strong style="color:hsl(90,77%,34.414717296587455%)"><small>+</small><span class="username" data-name="dk">dk</span>:</strong> <em>is this for smthn</em></div><div class="spacer battle-history"><br></div><div class="battle-history">Battle started between LIVE LOVE LIVIO and Luispeikou ツ!<br></div><div class="spacer battle-history"><br></div><div class="battle-history">Go! Snow White (<strong>Registeel</strong>)!<br></div><div class="spacer battle-history"><br></div><div class="battle-history">Luispeikou ツ sent out <strong>Drapion</strong>!<br></div><div class="spacer battle-history"><br></div><h2 class="battle-history">Turn 1</h2><div class="chat chatmessage-advantage"><strong style="color:hsl(307,88%,47%)"><small>+</small><span class="username" data-name="Advantage">Advantage</span>:</strong> <em>LIVE</em></div><div class="chat chatmessage-advantage"><strong style="color:hsl(307,88%,47%)"><small>+</small><span class="username" data-name="Advantage">Advantage</span>:</strong> <em>LOVE</em></div><div class="chat chatmessage-advantage"><strong style="color:hsl(307,88%,47%)"><small>+</small><span class="username" data-name="Advantage">Advantage</span>:</strong> <em>LIVIO</em></div><div class="chat chatmessage-luispeikou"><strong style="color:hsl(42,41%,45%)"><small>☆</small><span class="username" data-name="Luispeikou ツ">Luispeikou ツ</span>:</strong> <em>oras ru cup</em></div><div class="spacer battle-history"><br></div><div class="battle-history">The opposing Drapion used <strong>Knock Off</strong>!<br></div><div class="battle-history"><small>(Snow White lost <abbr title="−90/364">24.7%</abbr> of its health!)</small><br></div><div class="battle-history"><small>The opposing Drapion knocked off Snow White's Leftovers!</small><br></div><div class="spacer battle-history"><br></div><div class="battle-history">Snow White used <strong>Seismic Toss</strong>!<br></div><div class="battle-history"><small>(The opposing Drapion lost <abbr title="−100/281">35.6%</abbr> of its health!)</small><br></div><div class="spacer battle-history"><br></div><h2 class="battle-history">Turn 2</h2><div class="spacer battle-history"><br></div><div class="battle-history">Luispeikou ツ withdrew Drapion!<br></div><div class="battle-history">Luispeikou ツ sent out <strong>Slowking</strong>!<br></div><div class="spacer battle-history"><br></div><div class="battle-history">Snow White used <strong>Stealth Rock</strong>!<br></div><div class="battle-history"><small>Pointed stones float in the air around the opposing team!</small><br></div><div class="spacer battle-history"><br></div><h2 class="battle-history">Turn 3</h2><div class="spacer battle-history"><br></div><div class="battle-history">Snow White used <strong>Toxic</strong>!<br></div><div class="battle-history"><small>The opposing Slowking was badly poisoned!</small><br></div><div class="spacer battle-history"><br></div><div class="battle-history">The opposing Slowking used <strong>Scald</strong>!<br></div><div class="battle-history"><small>(Snow White lost <abbr title="−49/364">13.5%</abbr> of its health!)</small><br></div><div class="spacer battle-history"><br></div><div class="battle-history"><small>The opposing Slowking was hurt by poison!</small><br></div><div class="spacer battle-history"><br></div><h2 class="battle-history">Turn 4</h2><div class="spacer battle-history"><br></div><div class="battle-history">Snow White, come back!<br></div><div class="battle-history">Go! Seiren (<strong>Flygon</strong>)!<br></div><div class="spacer battle-history"><br></div><div class="battle-history">The opposing Slowking used <strong>Scald</strong>!<br></div><div class="battle-history"><small>(Seiren lost <abbr title="−112/364">30.8%</abbr> of its health!)</small><br></div><div class="spacer battle-history"><br></div><div class="battle-history"><small>Seiren restored a little HP using its Leftovers!</small><br></div><div class="battle-history"><small>The opposing Slowking restored a little HP using its Leftovers!</small><br></div><div class="battle-history"><small>The opposing Slowking was hurt by poison!</small><br></div><div class="spacer battle-history"><br></div><h2 class="battle-history">Turn 5</h2><div class="spacer battle-history"><br></div><div class="battle-history">Seiren used <strong>U-turn</strong>!<br></div><div class="battle-history"><small>It's super effective!</small><br></div><div class="battle-history"><small>(The opposing Slowking lost <abbr title="−98/393">24.9%</abbr> of its health!)</small><br></div><div class="spacer battle-history"><br></div><div class="battle-history">Seiren went back to LIVE LOVE LIVIO!<br></div><div class="battle-history">Go! Crimson Rose (<strong>Drapion</strong>)!<br></div><div class="spacer battle-history"><br></div><div class="battle-history">The opposing Slowking used <strong>Scald</strong>!<br></div><div class="battle-history"><small>(Crimson Rose lost <abbr title="−114/281">40.6%</abbr> of its health!)</small><br></div><div class="battle-history"><small>Crimson Rose was burned!</small><br></div><div class="spacer battle-history"><br></div><div class="battle-history"><small>The opposing Slowking restored a little HP using its Leftovers!</small><br></div><div class="battle-history"><small>Crimson Rose was hurt by its burn!</small><br></div><div class="battle-history"><small>The opposing Slowking was hurt by poison!</small><br></div><div class="spacer battle-history"><br></div><h2 class="battle-history">Turn 6</h2><div class="spacer battle-history"><br></div><div class="battle-history">Luispeikou ツ withdrew Slowking!<br></div><div class="battle-history">Luispeikou ツ sent out <strong>Diancie</strong>!<br></div><div class="battle-history"><small>Pointed stones dug into the opposing Diancie!</small><br></div><div class="spacer battle-history"><br></div><div class="battle-history">Crimson Rose used <strong>Knock Off</strong>!<br></div><div class="battle-history"><small>It's not very effective...</small><br></div><div class="battle-history"><small>(The opposing Diancie lost <abbr title="−24/303">7.9%</abbr> of its health!)</small><br></div><div class="battle-history"><small>Crimson Rose knocked off the opposing Diancie's Leftovers!</small><br></div><div class="spacer battle-history"><br></div><div class="battle-history"><small>Crimson Rose was hurt by its burn!</small><br></div><div class="spacer battle-history"><br></div><h2 class="battle-history">Turn 7</h2><div class="spacer battle-history"><br></div><div class="battle-history">Crimson Rose, come back!<br></div><div class="battle-history">Go! Queen of Roses (<strong>Uxie</strong>)!<br></div><div class="spacer battle-history"><br></div><div class="battle-history">The opposing Diancie used <strong>Stealth Rock</strong>!<br></div><div class="battle-history"><small>Pointed stones float in the air around your team!</small><br></div><div class="spacer battle-history"><br></div><h2 class="battle-history">Turn 8</h2><div class="spacer battle-history"><br></div><div class="battle-history">Queen of Roses used <strong>Heal Bell</strong>!<br></div><div class="battle-history"><small>A bell chimed!</small><br></div><div class="battle-history"><small>Crimson Rose's burn was healed.</small><br></div><div class="spacer battle-history"><br></div><div class="battle-history">The opposing Diancie used <strong>Moonblast</strong>!<br></div><div class="battle-history"><small>(Queen of Roses lost <abbr title="−93/353">26.3%</abbr> of its health!)</small><br></div><div class="spacer battle-history"><br></div><div class="battle-history"><small>Queen of Roses restored a little HP using its Leftovers!</small><br></div><div class="spacer battle-history"><br></div><h2 class="battle-history">Turn 9</h2><div class="chat chatmessage-themjshow"><strong style="color:hsl(58,56%,39.36346542750015%)"><small>+</small><span class="username" data-name="The MJ show">The MJ show</span>:</strong> <em>this for oras ru cup?</em></div><div class="chat chatmessage-luispeikou"><strong style="color:hsl(42,41%,45%)"><small>☆</small><span class="username" data-name="Luispeikou ツ">Luispeikou ツ</span>:</strong> <em>y</em></div><div class="chat chatmessage-themjshow"><strong style="color:hsl(58,56%,39.36346542750015%)"><small>+</small><span class="username" data-name="The MJ show">The MJ show</span>:</strong> <em>ah</em></div><div class="spacer battle-history"><br></div><div class="battle-history">Luispeikou ツ withdrew Diancie!<br></div><div class="battle-history">Luispeikou ツ sent out <strong>Magneton</strong>!<br></div><div class="battle-history"><small>Pointed stones dug into the opposing Magneton!</small><br></div><div class="spacer battle-history"><br></div><div class="battle-history">Queen of Roses used <strong>Protect</strong>!<br></div><div class="battle-history"><small>But it failed!</small><br></div><div class="spacer battle-history"><br></div><div class="battle-history"><small>Queen of Roses restored a little HP using its Leftovers!</small><br></div><div class="spacer battle-history"><br></div><h2 class="battle-history">Turn 10</h2><div class="spacer battle-history"><br></div><div class="battle-history">Queen of Roses used <strong>Protect</strong>!<br></div><div class="battle-history"><small>Queen of Roses protected itself!</small><br></div><div class="spacer battle-history"><br></div><div class="battle-history">The opposing Magneton used <strong>Flash Cannon</strong>!<br></div><div class="battle-history"><small>Queen of Roses protected itself!</small><br></div><div class="spacer battle-history"><br></div><div class="battle-history"><small>Queen of Roses restored a little HP using its Leftovers!</small><br></div><div class="spacer battle-history"><br></div><h2 class="battle-history">Turn 11</h2><div class="spacer battle-history"><br></div><div class="battle-history">Queen of Roses, come back!<br></div><div class="battle-history">Go! Snow White (<strong>Registeel</strong>)!<br></div><div class="battle-history"><small>Pointed stones dug into Snow White!</small><br></div><div class="spacer battle-history"><br></div><div class="battle-history">The opposing Magneton used <strong>Flash Cannon</strong>!<br></div><div class="battle-history"><small>It's not very effective...</small><br></div><div class="battle-history"><small>(Snow White lost <abbr title="−76/364">20.9%</abbr> of its health!)</small><br></div><div class="spacer battle-history"><br></div><h2 class="battle-history">Turn 12</h2><div class="spacer battle-history"><br></div><div class="battle-history">The opposing Magneton used <strong>Flash Cannon</strong>!<br></div><div class="battle-history"><small>It's not very effective...</small><br></div><div class="battle-history"><small>(Snow White lost <abbr title="−65/364">17.9%</abbr> of its health!)</small><br></div><div class="spacer battle-history"><br></div><div class="battle-history">Snow White used <strong>Seismic Toss</strong>!<br></div><div class="battle-history"><small>(The opposing Magneton lost <abbr title="−100/243">41.2%</abbr> of its health!)</small><br></div><div class="spacer battle-history"><br></div><h2 class="battle-history">Turn 13</h2><div class="spacer battle-history"><br></div><div class="battle-history">The opposing Magneton used <strong>Flash Cannon</strong>!<br></div><div class="battle-history"><small>It's not very effective...</small><br></div><div class="battle-history"><small>(Snow White lost <abbr title="−62/364">17.0%</abbr> of its health!)</small><br></div><div class="spacer battle-history"><br></div><div class="battle-history">Snow White fainted!<br></div><div class="spacer battle-history"><br></div><div class="battle-history">Go! Seiren (<strong>Flygon</strong>)!<br></div><div class="battle-history"><small>Pointed stones dug into Seiren!</small><br></div><div class="spacer battle-history"><br></div><h2 class="battle-history">Turn 14</h2><div class="spacer battle-history"><br></div><div class="battle-history">Luispeikou ツ withdrew Magneton!<br></div><div class="battle-history">Luispeikou ツ sent out <strong>Slowking</strong>!<br></div><div class="battle-history"><small>Pointed stones dug into the opposing Slowking!</small><br></div><div class="spacer battle-history"><br></div><div class="battle-history">Seiren used <strong>Earthquake</strong>!<br></div><div class="battle-history"><small>(The opposing Slowking lost <abbr title="−102/393">26.0%</abbr> of its health!)</small><br></div><div class="spacer battle-history"><br></div><div class="battle-history"><small>Seiren restored a little HP using its Leftovers!</small><br></div><div class="battle-history"><small>The opposing Slowking restored a little HP using its Leftovers!</small><br></div><div class="battle-history"><small>The opposing Slowking was hurt by poison!</small><br></div><div class="spacer battle-history"><br></div><h2 class="battle-history">Turn 15</h2><div class="spacer battle-history"><br></div><div class="battle-history">Luispeikou ツ withdrew Slowking!<br></div><div class="battle-history">Luispeikou ツ sent out <strong>Magneton</strong>!<br></div><div class="battle-history"><small>Pointed stones dug into the opposing Magneton!</small><br></div><div class="spacer battle-history"><br></div><div class="battle-history">Seiren used <strong>Earthquake</strong>!<br></div><div class="battle-history"><small>It's super effective!</small><br></div><div class="battle-history"><small>(The opposing Magneton lost <abbr title="−113/243">46.5%</abbr> of its health!)</small><br></div><div class="spacer battle-history"><br></div><div class="battle-history">The opposing Magneton fainted!<br></div><div class="spacer battle-history"><br></div><div class="battle-history"><small>Seiren restored a little HP using its Leftovers!</small><br></div><div class="spacer battle-history"><br></div><div class="battle-history">Luispeikou ツ sent out <strong>Diancie</strong>!<br></div><div class="battle-history"><small>Pointed stones dug into the opposing Diancie!</small><br></div><div class="spacer battle-history"><br></div><h2 class="battle-history">Turn 16</h2><div class="spacer battle-history"><br></div><div class="battle-history">Seiren used <strong>U-turn</strong>!<br></div><div class="battle-history"><small>It's not very effective...</small><br></div><div class="battle-history"><small>(The opposing Diancie lost <abbr title="−18/303">5.9%</abbr> of its health!)</small><br></div><div class="spacer battle-history"><br></div><div class="battle-history">Seiren went back to LIVE LOVE LIVIO!<br></div><div class="battle-history">Go! Distant Blue (<strong>Alomomola</strong>)!<br></div><div class="battle-history"><small>Pointed stones dug into Distant Blue!</small><br></div><div class="spacer battle-history"><br></div><div class="battle-history">The opposing Diancie used <strong>Moonblast</strong>!<br></div><div class="battle-history"><small>(Distant Blue lost <abbr title="−162/501">32.3%</abbr> of its health!)</small><br></div><div class="battle-history"><small>Distant Blue's Special Attack fell!</small><br></div><div class="spacer battle-history"><br></div><div class="battle-history"><small>Distant Blue restored a little HP using its Leftovers!</small><br></div><div class="spacer battle-history"><br></div><h2 class="battle-history">Turn 17</h2><div class="spacer battle-history"><br></div><div class="battle-history">Distant Blue used <strong>Wish</strong>!<br></div><div class="spacer battle-history"><br></div><div class="battle-history">The opposing Diancie used <strong>Heal Bell</strong>!<br></div><div class="battle-history"><small>A bell chimed!</small><br></div><div class="battle-history"><small>The opposing Slowking was cured of its poisoning.</small><br></div><div class="spacer battle-history"><br></div><div class="battle-history"><small>Distant Blue restored a little HP using its Leftovers!</small><br></div><div class="spacer battle-history"><br></div><h2 class="battle-history">Turn 18</h2><div class="spacer battle-history"><br></div><div class="battle-history">Distant Blue used <strong>Scald</strong>!<br></div><div class="battle-history"><small>It's super effective!</small><br></div><div class="battle-history"><small>(The opposing Diancie lost <abbr title="−36/303">11.9%</abbr> of its health!)</small><br></div><div class="spacer battle-history"><br></div><div class="battle-history">The opposing Diancie used <strong>Moonblast</strong>!<br></div><div class="battle-history"><small>A critical hit!</small><br></div><div class="battle-history"><small>(Distant Blue lost <abbr title="−250/501">49.9%</abbr> of its health!)</small><br></div><div class="spacer battle-history"><br></div><div class="battle-history"><small>Distant Blue's wish came true!</small><br></div><div class="battle-history"><small>Distant Blue restored a little HP using its Leftovers!</small><br></div><div class="spacer battle-history"><br></div><h2 class="battle-history">Turn 19</h2><div class="spacer battle-history"><br></div><div class="battle-history">Distant Blue used <strong>Wish</strong>!<br></div><div class="spacer battle-history"><br></div><div class="battle-history">The opposing Diancie used <strong>Moonblast</strong>!<br></div><div class="battle-history"><small>(Distant Blue lost <abbr title="−165/501">32.9%</abbr> of its health!)</small><br></div><div class="spacer battle-history"><br></div><div class="battle-history"><small>Distant Blue restored a little HP using its Leftovers!</small><br></div><div class="spacer battle-history"><br></div><h2 class="battle-history">Turn 20</h2><div class="spacer battle-history"><br></div><div class="battle-history">Luispeikou ツ withdrew Diancie!<br></div><div class="battle-history">Luispeikou ツ sent out <strong>Druddigon</strong>!<br></div><div class="battle-history"><small>Pointed stones dug into the opposing Druddigon!</small><br></div><div class="spacer battle-history"><br></div><div class="battle-history">Distant Blue used <strong>Protect</strong>!<br></div><div class="battle-history"><small>But it failed!</small><br></div><div class="spacer battle-history"><br></div><div class="battle-history"><small>Distant Blue's wish came true!</small><br></div><div class="battle-history"><small>Distant Blue restored a little HP using its Leftovers!</small><br></div><div class="spacer battle-history"><br></div><h2 class="battle-history">Turn 21</h2><div class="spacer battle-history"><br></div><div class="battle-history">The opposing Druddigon used <strong>Thunder Punch</strong>!<br></div><div class="battle-history"><small>It's super effective!</small><br></div><div class="battle-history"><small>(Distant Blue lost <abbr title="−242/501">48.3%</abbr> of its health!)</small><br></div><div class="spacer battle-history"><br></div><div class="battle-history">Distant Blue used <strong>Wish</strong>!<br></div><div class="spacer battle-history"><br></div><div class="battle-history"><small>Distant Blue restored a little HP using its Leftovers!</small><br></div><div class="spacer battle-history"><br></div><h2 class="battle-history">Turn 22</h2><div class="spacer battle-history"><br></div><div class="battle-history">The opposing Druddigon used <strong>Thunder Punch</strong>!<br></div><div class="battle-history"><small>It's super effective!</small><br></div><div class="battle-history"><small>(Distant Blue lost <abbr title="−273/501">54.5%</abbr> of its health!)</small><br></div><div class="spacer battle-history"><br></div><div class="battle-history">Distant Blue used <strong>Scald</strong>!<br></div><div class="battle-history"><small>It's not very effective...</small><br></div><div class="battle-history"><small>(The opposing Druddigon lost <abbr title="−18/321">5.6%</abbr> of its health!)</small><br></div><div class="battle-history"><small>The opposing Druddigon was burned!</small><br></div><div class="spacer battle-history"><br></div><div class="battle-history"><small>Distant Blue's wish came true!</small><br></div><div class="battle-history"><small>Distant Blue restored a little HP using its Leftovers!</small><br></div><div class="battle-history"><small>The opposing Druddigon was hurt by its burn!</small><br></div><div class="spacer battle-history"><br></div><h2 class="battle-history">Turn 23</h2><div class="spacer battle-history"><br></div><div class="battle-history">Luispeikou ツ withdrew Druddigon!<br></div><div class="battle-history">Luispeikou ツ sent out <strong>Diancie</strong>!<br></div><div class="battle-history"><small>Pointed stones dug into the opposing Diancie!</small><br></div><div class="spacer battle-history"><br></div><div class="battle-history">Distant Blue used <strong>Wish</strong>!<br></div><div class="spacer battle-history"><br></div><div class="battle-history"><small>Distant Blue restored a little HP using its Leftovers!</small><br></div><div class="spacer battle-history"><br></div><h2 class="battle-history">Turn 24</h2><div class="spacer battle-history"><br></div><div class="battle-history">Distant Blue, come back!<br></div><div class="battle-history">Go! Crimson Rose (<strong>Drapion</strong>)!<br></div><div class="battle-history"><small>Pointed stones dug into Crimson Rose!</small><br></div><div class="spacer battle-history"><br></div><div class="battle-history">The opposing Diancie used <strong>Heal Bell</strong>!<br></div><div class="battle-history"><small>A bell chimed!</small><br></div><div class="battle-history"><small>The opposing Druddigon's burn was healed.</small><br></div><div class="spacer battle-history"><br></div><div class="battle-history"><small>Distant Blue's wish came true!</small><br></div><div class="spacer battle-history"><br></div><h2 class="battle-history">Turn 25</h2><div class="spacer battle-history"><br></div><div class="battle-history">Crimson Rose used <strong>Earthquake</strong>!<br></div><div class="battle-history"><small>It's super effective!</small><br></div><div class="battle-history"><small>(The opposing Diancie lost <abbr title="−114/303">37.6%</abbr> of its health!)</small><br></div><div class="spacer battle-history"><br></div><div class="battle-history">The opposing Diancie fainted!<br></div><div class="spacer battle-history"><br></div><div class="battle-history">Luispeikou ツ sent out <strong>Virizion</strong>!<br></div><div class="battle-history"><small>Pointed stones dug into the opposing Virizion!</small><br></div><div class="spacer battle-history"><br></div><h2 class="battle-history">Turn 26</h2><div class="spacer battle-history"><br></div><div class="battle-history">Crimson Rose, come back!<br></div><div class="battle-history">Go! Queen of Roses (<strong>Uxie</strong>)!<br></div><div class="battle-history"><small>Pointed stones dug into Queen of Roses!</small><br></div><div class="spacer battle-history"><br></div><div class="battle-history">The opposing Virizion used <strong>Swords Dance</strong>!<br></div><div class="battle-history"><small>The opposing Virizion's Attack rose sharply!</small><br></div><div class="spacer battle-history"><br></div><div class="battle-history"><small>Queen of Roses restored a little HP using its Leftovers!</small><br></div><div class="spacer battle-history"><br></div><h2 class="battle-history">Turn 27</h2><div class="spacer battle-history"><br></div><div class="battle-history">The opposing Virizion used <strong>Leaf Blade</strong>!<br></div><div class="battle-history"><small>(Queen of Roses lost <abbr title="−151/353">42.8%</abbr> of its health!)</small><br></div><div class="spacer battle-history"><br></div><div class="battle-history">Queen of Roses used <strong>Psyshock</strong>!<br></div><div class="battle-history"><small>It's super effective!</small><br></div><div class="battle-history"><small>(The opposing Virizion lost <abbr title="−188/323">58.2%</abbr> of its health!)</small><br></div><div class="spacer battle-history"><br></div><div class="battle-history"><small>Queen of Roses restored a little HP using its Leftovers!</small><br></div><div class="spacer battle-history"><br></div><h2 class="battle-history">Turn 28</h2><div class="spacer battle-history"><br></div><div class="battle-history">Luispeikou ツ withdrew Virizion!<br></div><div class="battle-history">Luispeikou ツ sent out <strong>Drapion</strong>!<br></div><div class="battle-history"><small>Pointed stones dug into the opposing Drapion!</small><br></div><div class="spacer battle-history"><br></div><div class="battle-history">Queen of Roses used <strong>Psyshock</strong>!<br></div><div class="battle-history"><small>It doesn't affect the opposing Drapion...</small><br></div><div class="spacer battle-history"><br></div><div class="battle-history"><small>Queen of Roses restored a little HP using its Leftovers!</small><br></div><div class="spacer battle-history"><br></div><h2 class="battle-history">Turn 29</h2><div class="spacer battle-history"><br></div><div class="battle-history">Queen of Roses used <strong>Protect</strong>!<br></div><div class="battle-history"><small>Queen of Roses protected itself!</small><br></div><div class="spacer battle-history"><br></div><div class="battle-history">The opposing Drapion used <strong>Pursuit</strong>!<br></div><div class="battle-history"><small>Queen of Roses protected itself!</small><br></div><div class="spacer battle-history"><br></div><div class="battle-history"><small>Queen of Roses restored a little HP using its Leftovers!</small><br></div><div class="spacer battle-history"><br></div><h2 class="battle-history">Turn 30</h2><div class="spacer battle-history"><br></div><div class="battle-history">The opposing Drapion used <strong>Pursuit</strong>!<br></div><div class="battle-history"><small>It's super effective!</small><br></div><div class="battle-history"><small>(Queen of Roses lost <abbr title="−62/353">17.6%</abbr> of its health!)</small><br></div><div class="spacer battle-history"><br></div><div class="battle-history">Queen of Roses used <strong>U-turn</strong>!<br></div><div class="battle-history"><small>(The opposing Drapion lost <abbr title="−34/281">12.1%</abbr> of its health!)</small><br></div><div class="spacer battle-history"><br></div><div class="battle-history">Queen of Roses went back to LIVE LOVE LIVIO!<br></div><div class="battle-history">Go! Crimson Rose (<strong>Drapion</strong>)!<br></div><div class="battle-history"><small>Pointed stones dug into Crimson Rose!</small><br></div><div class="spacer battle-history"><br></div><h2 class="battle-history">Turn 31</h2><div class="chat chatmessage-luispeikou"><strong style="color:hsl(42,41%,45%)"><small>☆</small><span class="username" data-name="Luispeikou ツ">Luispeikou ツ</span>:</strong> <em>lel</em></div><div class="chat chatmessage-luispeikou"><strong style="color:hsl(42,41%,45%)"><small>☆</small><span class="username" data-name="Luispeikou ツ">Luispeikou ツ</span>:</strong> <em>0</em></div><div class="spacer battle-history"><br></div><div class="battle-history"><small>(The opposing Drapion is being withdrawn...)</small><br></div><div class="spacer battle-history"><br></div><div class="battle-history">Crimson Rose used <strong>Pursuit</strong>!<br></div><div class="battle-history"><small>It's not very effective...</small><br></div><div class="battle-history"><small>(The opposing Drapion lost <abbr title="−52/281">18.5%</abbr> of its health!)</small><br></div><div class="spacer battle-history"><br></div><div class="battle-history">Luispeikou ツ withdrew Drapion!<br></div><div class="battle-history">Luispeikou ツ sent out <strong>Druddigon</strong>!<br></div><div class="battle-history"><small>Pointed stones dug into the opposing Druddigon!</small><br></div><div class="spacer battle-history"><br></div><h2 class="battle-history">Turn 32</h2><div class="spacer battle-history"><br></div><div class="battle-history">Crimson Rose used <strong>Pursuit</strong>!<br></div><div class="battle-history"><small>(The opposing Druddigon lost <abbr title="−66/321">20.6%</abbr> of its health!)</small><br></div><div class="spacer battle-history"><br></div><div class="battle-history">The opposing Druddigon used <strong>Dragon Claw</strong>!<br></div><div class="battle-history"><small>(Crimson Rose lost <abbr title="−185/281">65.8%</abbr> of its health!)</small><br></div><div class="battle-history"><small>The opposing Druddigon lost some of its HP!</small><br></div><div class="spacer battle-history"><br></div><h2 class="battle-history">Turn 33</h2><div class="spacer battle-history"><br></div><div class="battle-history">Crimson Rose used <strong>Pursuit</strong>!<br></div><div class="battle-history"><small>(The opposing Druddigon lost <abbr title="−70/321">21.8%</abbr> of its health!)</small><br></div><div class="spacer battle-history"><br></div><div class="battle-history">The opposing Druddigon used <strong>Thunder Punch</strong>!<br></div><div class="battle-history"><small>(Crimson Rose lost <abbr title="−61/281">21.7%</abbr> of its health!)</small><br></div><div class="spacer battle-history"><br></div><div class="battle-history">Crimson Rose fainted!<br></div><div class="spacer battle-history"><br></div><div class="battle-history">Go! Seiren (<strong>Flygon</strong>)!<br></div><div class="battle-history"><small>Pointed stones dug into Seiren!</small><br></div><div class="spacer battle-history"><br></div><h2 class="battle-history">Turn 34</h2><div class="spacer battle-history"><br></div><div class="battle-history">Seiren used <strong>U-turn</strong>!<br></div><div class="battle-history"><small>(The opposing Druddigon lost <abbr title="−15/321">4.7%</abbr> of its health!)</small><br></div><div class="spacer battle-history"><br></div><div class="battle-history">The opposing Druddigon fainted!<br></div><div class="spacer battle-history"><br></div><div class="battle-history">Seiren went back to LIVE LOVE LIVIO!<br></div><div class="battle-history">Go! Queen of Roses (<strong>Uxie</strong>)!<br></div><div class="battle-history"><small>Pointed stones dug into Queen of Roses!</small><br></div><div class="spacer battle-history"><br></div><div class="battle-history"><small>Queen of Roses restored a little HP using its Leftovers!</small><br></div><div class="spacer battle-history"><br></div><div class="battle-history">Luispeikou ツ sent out <strong>Drapion</strong>!<br></div><div class="battle-history"><small>Pointed stones dug into the opposing Drapion!</small><br></div><div class="spacer battle-history"><br></div><h2 class="battle-history">Turn 35</h2><div class="spacer battle-history"><br></div><div class="battle-history">Queen of Roses used <strong>Protect</strong>!<br></div><div class="battle-history"><small>Queen of Roses protected itself!</small><br></div><div class="spacer battle-history"><br></div><div class="battle-history">The opposing Drapion used <strong>Knock Off</strong>!<br></div><div class="battle-history"><small>Queen of Roses protected itself!</small><br></div><div class="spacer battle-history"><br></div><div class="battle-history"><small>Queen of Roses restored a little HP using its Leftovers!</small><br></div><div class="spacer battle-history"><br></div><h2 class="battle-history">Turn 36</h2><div class="spacer battle-history"><br></div><div class="battle-history">Queen of Roses, come back!<br></div><div class="battle-history">Go! Distant Blue (<strong>Alomomola</strong>)!<br></div><div class="battle-history"><small>Pointed stones dug into Distant Blue!</small><br></div><div class="spacer battle-history"><br></div><div class="battle-history">The opposing Drapion used <strong>Knock Off</strong>!<br></div><div class="battle-history"><small>(Distant Blue lost <abbr title="−123/501">24.6%</abbr> of its health!)</small><br></div><div class="battle-history"><small>The opposing Drapion knocked off Distant Blue's Leftovers!</small><br></div><div class="spacer battle-history"><br></div><h2 class="battle-history">Turn 37</h2><div class="spacer battle-history"><br></div><div class="battle-history">The opposing Drapion used <strong>Knock Off</strong>!<br></div><div class="battle-history"><small>(Distant Blue lost <abbr title="−72/501">14.4%</abbr> of its health!)</small><br></div><div class="spacer battle-history"><br></div><div class="battle-history">Distant Blue used <strong>Wish</strong>!<br></div><div class="spacer battle-history"><br></div><h2 class="battle-history">Turn 38</h2><div class="spacer battle-history"><br></div><div class="battle-history">Distant Blue used <strong>Protect</strong>!<br></div><div class="battle-history"><small>Distant Blue protected itself!</small><br></div><div class="spacer battle-history"><br></div><div class="battle-history">The opposing Drapion used <strong>Knock Off</strong>!<br></div><div class="battle-history"><small>Distant Blue protected itself!</small><br></div><div class="spacer battle-history"><br></div><div class="battle-history"><small>Distant Blue's wish came true!</small><br></div><div class="spacer battle-history"><br></div><h2 class="battle-history">Turn 39</h2><div class="spacer battle-history"><br></div><div class="battle-history">The opposing Drapion used <strong>Knock Off</strong>!<br></div><div class="battle-history"><small>(Distant Blue lost <abbr title="−70/501">14.0%</abbr> of its health!)</small><br></div><div class="spacer battle-history"><br></div><div class="battle-history">Distant Blue used <strong>Tickle</strong>!<br></div><div class="battle-history"><small>The opposing Drapion's Attack fell!</small><br></div><div class="battle-history"><small>The opposing Drapion's Defense fell!</small><br></div><div class="spacer battle-history"><br></div><h2 class="battle-history">Turn 40</h2><div class="spacer battle-history"><br></div><div class="battle-history">The opposing Drapion used <strong>Knock Off</strong>!<br></div><div class="battle-history"><small>(Distant Blue lost <abbr title="−52/501">10.4%</abbr> of its health!)</small><br></div><div class="spacer battle-history"><br></div><div class="battle-history">Distant Blue used <strong>Wish</strong>!<br></div><div class="spacer battle-history"><br></div><h2 class="battle-history">Turn 41</h2><div class="spacer battle-history"><br></div><div class="battle-history">The opposing Drapion used <strong>Knock Off</strong>!<br></div><div class="battle-history"><small>A critical hit!</small><br></div><div class="battle-history"><small>(Distant Blue lost <abbr title="−154/501">30.7%</abbr> of its health!)</small><br></div><div class="spacer battle-history"><br></div><div class="battle-history">Distant Blue used <strong>Tickle</strong>!<br></div><div class="battle-history"><small>The opposing Drapion's Attack fell!</small><br></div><div class="battle-history"><small>The opposing Drapion's Defense fell!</small><br></div><div class="spacer battle-history"><br></div><div class="battle-history"><small>Distant Blue's wish came true!</small><br></div><div class="spacer battle-history"><br></div><h2 class="battle-history">Turn 42</h2><div class="spacer battle-history"><br></div><div class="battle-history">The opposing Drapion used <strong>Knock Off</strong>!<br></div><div class="battle-history"><small>(Distant Blue lost <abbr title="−36/501">7.2%</abbr> of its health!)</small><br></div><div class="spacer battle-history"><br></div><div class="battle-history">Distant Blue used <strong>Wish</strong>!<br></div><div class="spacer battle-history"><br></div><h2 class="battle-history">Turn 43</h2><div class="spacer battle-history"><br></div><div class="battle-history">Distant Blue, come back!<br></div><div class="battle-history">Go! Queen of Roses (<strong>Uxie</strong>)!<br></div><div class="battle-history"><small>Pointed stones dug into Queen of Roses!</small><br></div><div class="spacer battle-history"><br></div><div class="battle-history">The opposing Drapion used <strong>Knock Off</strong>!<br></div><div class="battle-history"><small>It's super effective!</small><br></div><div class="battle-history"><small>(Queen of Roses lost <abbr title="−78/353">22.1%</abbr> of its health!)</small><br></div><div class="battle-history"><small>The opposing Drapion knocked off Queen of Roses's Leftovers!</small><br></div><div class="spacer battle-history"><br></div><div class="battle-history"><small>Distant Blue's wish came true!</small><br></div><div class="spacer battle-history"><br></div><h2 class="battle-history">Turn 44</h2><div class="spacer battle-history"><br></div><div class="battle-history">The opposing Drapion used <strong>Knock Off</strong>!<br></div><div class="battle-history"><small>It's super effective!</small><br></div><div class="battle-history"><small>(Queen of Roses lost <abbr title="−54/353">15.3%</abbr> of its health!)</small><br></div><div class="spacer battle-history"><br></div><div class="battle-history">Queen of Roses used <strong>U-turn</strong>!<br></div><div class="battle-history"><small>(The opposing Drapion lost <abbr title="−25/281">8.9%</abbr> of its health!)</small><br></div><div class="spacer battle-history"><br></div><div class="battle-history">The opposing Drapion fainted!<br></div><div class="spacer battle-history"><br></div><div class="battle-history">Queen of Roses went back to LIVE LOVE LIVIO!<br></div><div class="battle-history">Go! Twilight Princess (<strong>Altaria</strong>)!<br></div><div class="battle-history"><small>Pointed stones dug into Twilight Princess!</small><br></div><div class="spacer battle-history"><br></div><div class="battle-history"><small>Twilight Princess restored a little HP using its Leftovers!</small><br></div><div class="spacer battle-history"><br></div><div class="battle-history">Luispeikou ツ sent out <strong>Slowking</strong>!<br></div><div class="battle-history"><small>Pointed stones dug into the opposing Slowking!</small><br></div><div class="spacer battle-history"><br></div><h2 class="battle-history">Turn 45</h2><div class="spacer battle-history"><br></div><div class="battle-history">Twilight Princess used <strong>Toxic</strong>!<br></div><div class="battle-history"><small>The opposing Slowking avoided the attack!</small><br></div><div class="spacer battle-history"><br></div><div class="battle-history">The opposing Slowking used <strong>Thunder Wave</strong>!<br></div><div class="battle-history"><small>Twilight Princess is paralyzed! It may be unable to move!</small><br></div><div class="spacer battle-history"><br></div><div class="battle-history"><small>The opposing Slowking restored a little HP using its Leftovers!</small><br></div><div class="battle-history"><small>Twilight Princess restored a little HP using its Leftovers!</small><br></div><div class="spacer battle-history"><br></div><h2 class="battle-history">Turn 46</h2><div class="spacer battle-history"><br></div><div class="battle-history">The opposing Slowking used <strong>Psyshock</strong>!<br></div><div class="battle-history"><small>(Twilight Princess lost <abbr title="−67/353">19.0%</abbr> of its health!)</small><br></div><div class="spacer battle-history"><br></div><div class="battle-history">Twilight Princess used <strong>Toxic</strong>!<br></div><div class="battle-history"><small>The opposing Slowking was badly poisoned!</small><br></div><div class="spacer battle-history"><br></div><div class="battle-history"><small>The opposing Slowking restored a little HP using its Leftovers!</small><br></div><div class="battle-history"><small>Twilight Princess restored a little HP using its Leftovers!</small><br></div><div class="battle-history"><small>The opposing Slowking was hurt by poison!</small><br></div><div class="spacer battle-history"><br></div><h2 class="battle-history">Turn 47</h2><div class="spacer battle-history"><br></div><div class="battle-history"><small>(Twilight Princess is cured by its Natural Cure!)</small><br></div><div class="battle-history">Twilight Princess, come back!<br></div><div class="battle-history">Go! Seiren (<strong>Flygon</strong>)!<br></div><div class="battle-history"><small>Pointed stones dug into Seiren!</small><br></div><div class="spacer battle-history"><br></div><div class="battle-history">The opposing Slowking used <strong>Psyshock</strong>!<br></div><div class="battle-history"><small>(Seiren lost <abbr title="−112/364">30.8%</abbr> of its health!)</small><br></div><div class="spacer battle-history"><br></div><div class="battle-history"><small>Seiren restored a little HP using its Leftovers!</small><br></div><div class="battle-history"><small>The opposing Slowking restored a little HP using its Leftovers!</small><br></div><div class="battle-history"><small>The opposing Slowking was hurt by poison!</small><br></div><div class="spacer battle-history"><br></div><h2 class="battle-history">Turn 48</h2><div class="spacer battle-history"><br></div><div class="battle-history">Seiren used <strong>Roost</strong>!<br></div><div class="battle-history"><small>Seiren restored its HP.</small><br></div><div class="spacer battle-history"><br></div><div class="battle-history">The opposing Slowking used <strong>Scald</strong>!<br></div><div class="battle-history"><small>(Seiren lost <abbr title="−106/364">29.1%</abbr> of its health!)</small><br></div><div class="spacer battle-history"><br></div><div class="battle-history"><small>Seiren restored a little HP using its Leftovers!</small><br></div><div class="battle-history"><small>The opposing Slowking restored a little HP using its Leftovers!</small><br></div><div class="battle-history"><small>The opposing Slowking was hurt by poison!</small><br></div><div class="spacer battle-history"><br></div><h2 class="battle-history">Turn 49</h2><div class="spacer battle-history"><br></div><div class="battle-history">Seiren used <strong>Defog</strong>!<br></div><div class="battle-history"><small>The opposing Slowking's evasiveness fell!</small><br></div><div class="battle-history"><small>The pointed stones disappeared from around the opposing team!</small><br></div><div class="battle-history"><small>The pointed stones disappeared from around your team!</small><br></div><div class="spacer battle-history"><br></div><div class="battle-history">The opposing Slowking used <strong>Scald</strong>!<br></div><div class="battle-history"><small>(Seiren lost <abbr title="−120/364">33.0%</abbr> of its health!)</small><br></div><div class="spacer battle-history"><br></div><div class="battle-history"><small>Seiren restored a little HP using its Leftovers!</small><br></div><div class="battle-history"><small>The opposing Slowking restored a little HP using its Leftovers!</small><br></div><div class="battle-history"><small>The opposing Slowking was hurt by poison!</small><br></div><div class="spacer battle-history"><br></div><h2 class="battle-history">Turn 50</h2><div class="spacer battle-history"><br></div><div class="battle-history">Seiren used <strong>U-turn</strong>!<br></div><div class="battle-history"><small>It's super effective!</small><br></div><div class="battle-history"><small>(The opposing Slowking lost <abbr title="−92/393">23.4%</abbr> of its health!)</small><br></div><div class="spacer battle-history"><br></div><div class="battle-history">Seiren went back to LIVE LOVE LIVIO!<br></div><div class="battle-history">Go! Twilight Princess (<strong>Altaria</strong>)!<br></div><div class="spacer battle-history"><br></div><div class="battle-history">The opposing Slowking used <strong>Scald</strong>!<br></div><div class="battle-history"><small>It's not very effective...</small><br></div><div class="battle-history"><small>(Twilight Princess lost <abbr title="−45/353">12.7%</abbr> of its health!)</small><br></div><div class="spacer battle-history"><br></div><div class="battle-history"><small>Twilight Princess restored a little HP using its Leftovers!</small><br></div><div class="battle-history"><small>The opposing Slowking restored a little HP using its Leftovers!</small><br></div><div class="battle-history"><small>The opposing Slowking was hurt by poison!</small><br></div><div class="spacer battle-history"><br></div><div class="battle-history">The opposing Slowking fainted!<br></div><div class="spacer battle-history"><br></div><div class="battle-history">Luispeikou ツ sent out <strong>Virizion</strong>!<br></div><div class="spacer battle-history"><br></div><h2 class="battle-history">Turn 51</h2><div class="spacer battle-history"><br></div><div class="battle-history">The opposing Virizion used <strong>Swords Dance</strong>!<br></div><div class="battle-history"><small>The opposing Virizion's Attack rose sharply!</small><br></div><div class="spacer battle-history"><br></div><div class="battle-history">Twilight Princess used <strong>Moonblast</strong>!<br></div><div class="battle-history"><small>It's super effective!</small><br></div><div class="battle-history"><small>(The opposing Virizion lost <abbr title="−86/323">26.6%</abbr> of its health!)</small><br></div><div class="spacer battle-history"><br></div><div class="battle-history"><small>Twilight Princess restored a little HP using its Leftovers!</small><br></div><div class="spacer battle-history"><br></div><h2 class="battle-history">Turn 52</h2><div class="spacer battle-history"><br></div><div class="battle-history">The opposing Virizion used <strong>Zen Headbutt</strong>!<br></div><div class="battle-history"><small>Twilight Princess avoided the attack!</small><br></div><div class="spacer battle-history"><br></div><div class="battle-history">Twilight Princess used <strong>Moonblast</strong>!<br></div><div class="battle-history"><small>It's super effective!</small><br></div><div class="battle-history"><small>A critical hit!</small><br></div><div class="battle-history"><small>(The opposing Virizion lost <abbr title="−29/323">9.0%</abbr> of its health!)</small><br></div><div class="spacer battle-history"><br></div><div class="battle-history">The opposing Virizion fainted!<br></div><div class="spacer battle-history"><br></div><div class="battle-history"><strong>LIVE LOVE LIVIO</strong> won the battle!<br></div></div><div class="inner-preempt"></div></div></div>
</div>
<script>
let daily = Math.floor(Date.now()/1000/60/60/24);document.write('<script src="https://play.pokemonshowdown.com/js/replay-embed.js?version'+daily+'"></'+'script>');
</script>
