<!DOCTYPE html>
<meta charset="utf-8" />
<!-- version 1 -->
<title>RU replay: Coeur de cedre vs. marmotte bn</title>
<style>
html,body {font-family:Verdana, sans-serif;font-size:10pt;margin:0;padding:0;}body{padding:12px 0;} .battle-log {font-family:Verdana, sans-serif;font-size:10pt;} .battle-log-inline {border:1px solid #AAAAAA;background:#EEF2F5;color:black;max-width:640px;margin:0 auto 80px;padding-bottom:5px;} .battle-log .inner {padding:4px 8px 0px 8px;} .battle-log .inner-preempt {padding:0 8px 4px 8px;} .battle-log .inner-after {margin-top:0.5em;} .battle-log h2 {margin:0.5em -8px;padding:4px 8px;border:1px solid #AAAAAA;background:#E0E7EA;border-left:0;border-right:0;font-family:Verdana, sans-serif;font-size:13pt;} .battle-log .chat {vertical-align:middle;padding:3px 0 3px 0;font-size:8pt;} .battle-log .chat strong {color:#40576A;} .battle-log .chat em {padding:1px 4px 1px 3px;color:#000000;font-style:normal;} .chat.mine {background:rgba(0,0,0,0.05);margin-left:-8px;margin-right:-8px;padding-left:8px;padding-right:8px;} .spoiler {color:#BBBBBB;background:#BBBBBB;padding:0px 3px;} .spoiler:hover, .spoiler:active, .spoiler-shown {color:#000000;background:#E2E2E2;padding:0px 3px;} .spoiler a {color:#BBBBBB;} .spoiler:hover a, .spoiler:active a, .spoiler-shown a {color:#2288CC;} .chat code, .chat .spoiler:hover code, .chat .spoiler:active code, .chat .spoiler-shown code {border:1px solid #C0C0C0;background:#EEEEEE;color:black;padding:0 2px;} .chat .spoiler code {border:1px solid #CCCCCC;background:#CCCCCC;color:#CCCCCC;} .battle-log .rated {padding:3px 4px;} .battle-log .rated strong {color:white;background:#89A;padding:1px 4px;border-radius:4px;} .spacer {margin-top:0.5em;} .message-announce {background:#6688AA;color:white;padding:1px 4px 2px;} .message-announce a, .broadcast-green a, .broadcast-blue a, .broadcast-red a {color:#DDEEFF;} .broadcast-green {background-color:#559955;color:white;padding:2px 4px;} .broadcast-blue {background-color:#6688AA;color:white;padding:2px 4px;} .infobox {border:1px solid #6688AA;padding:2px 4px;} .infobox-limited {max-height:200px;overflow:auto;overflow-x:hidden;} .broadcast-red {background-color:#AA5544;color:white;padding:2px 4px;} .message-learn-canlearn {font-weight:bold;color:#228822;text-decoration:underline;} .message-learn-cannotlearn {font-weight:bold;color:#CC2222;text-decoration:underline;} .message-effect-weak {font-weight:bold;color:#CC2222;} .message-effect-resist {font-weight:bold;color:#6688AA;} .message-effect-immune {font-weight:bold;color:#666666;} .message-learn-list {margin-top:0;margin-bottom:0;} .message-throttle-notice, .message-error {color:#992222;} .message-overflow, .chat small.message-overflow {font-size:0pt;} .message-overflow::before {font-size:9pt;content:'...';} .subtle {color:#3A4A66;}
</style>
<div class="wrapper replay-wrapper" style="max-width:1180px;margin:0 auto">
<input type="hidden" name="replayid" value="ru-514655975" />
<div class="battle"></div><div class="battle-log"></div><div class="replay-controls"></div><div class="replay-controls-2"></div>
<h1 style="font-weight:normal;text-align:center"><strong>RU</strong><br /><a href="http://pokemonshowdown.com/users/coeurdecedre" class="subtle" target="_blank">Coeur de cedre</a> vs. <a href="http://pokemonshowdown.com/users/marmottebn" class="subtle" target="_blank">marmotte bn</a></h1>
<script type="text/plain" class="battle-log-data">|j|Coeur de cedre
|j|marmotte bn
|player|p1|Coeur de cedre|170
|player|p2|marmotte bn|209
|gametype|singles
|gen|6
|tier|RU
|seed|18839,30212,35717,49402
|rule|Sleep Clause Mod: Limit one foe put to sleep
|rule|Species Clause: Limit one of each Pokémon
|rule|OHKO Clause: OHKO moves are banned
|rule|Moody Clause: Moody is banned
|rule|Evasion Moves Clause: Evasion moves are banned
|rule|Endless Battle Clause: Forcing endless battles is banned
|rule|HP Percentage Mod: HP is shown in percentages
|clearpoke
|poke|p1|Typhlosion, F|item
|poke|p1|Qwilfish, F|item
|poke|p1|Trevenant, M|item
|poke|p1|Flygon, M|item
|poke|p1|Glalie, M|item
|poke|p1|Jolteon, M|item
|poke|p2|Camerupt, M|item
|poke|p2|Alomomola, M|item
|poke|p2|Cofagrigus, M|item
|poke|p2|Venusaur, M|item
|poke|p2|Diancie|item
|poke|p2|Escavalier, M|item
|rule|Swagger Clause: Swagger is banned
|rule|Baton Pass Clause: Limit one Baton Passer, can't pass Spe and other stats simultaneously
|teampreview
|c|★Coeur de cedre|ok
|c|★marmotte bn|glhf
|choice|team 5, team 2, team 3, team 4, team 1, team 6|team 5, team 2, team 3, team 4, team 1, team 6
|
|start
|switch|p1a: Pizza congelé|Glalie, M|301\/301
|switch|p2a: Mont St Michel|Diancie|303\/303
|turn|1
|choice|move earthquake mega|move trickroom
|
|detailschange|p1a: Pizza congelé|Glalie-Mega, M
|-mega|p1a: Pizza congelé|Glalie|Glalitite
|move|p1a: Pizza congelé|Earthquake|p2a: Mont St Michel
|-supereffective|p2a: Mont St Michel
|-damage|p2a: Mont St Michel|147\/303
|move|p2a: Mont St Michel|Trick Room|p2a: Mont St Michel
|-fieldstart|move: Trick Room|[of] p2a: Mont St Michel
|
|upkeep
|turn|2
|choice|move earthquake|move diamondstorm
|
|move|p2a: Mont St Michel|Diamond Storm|p1a: Pizza congelé
|-supereffective|p1a: Pizza congelé
|-damage|p1a: Pizza congelé|0 fnt
|faint|p1a: Pizza congelé
|
|upkeep
|choice|switch 2|
|
|switch|p1a: CIZAYOXY CC ;-)|Qwilfish, F|334\/334
|-ability|p1a: CIZAYOXY CC ;-)|Intimidate|boost
|-fail|p2a: Mont St Michel|unboost|[from] ability: Clear Body|[of] p2a: Mont St Michel
|turn|3
|choice|move poisonjab|switch 3
|
|switch|p2a: Ta Tombe !|Cofagrigus, M|320\/320
|move|p1a: CIZAYOXY CC ;-)|Poison Jab|p2a: Ta Tombe !
|-resisted|p2a: Ta Tombe !
|-damage|p2a: Ta Tombe !|290\/320
|-activate|p2a: Ta Tombe !|ability: Mummy|Intimidate|[of] p1a: CIZAYOXY CC ;-)
|
|-heal|p2a: Ta Tombe !|310\/320|[from] item: Leftovers
|upkeep
|turn|4
|choice|move thunderwave|move nastyplot
|
|move|p2a: Ta Tombe !|Nasty Plot|p2a: Ta Tombe !
|-boost|p2a: Ta Tombe !|spa|2
|move|p1a: CIZAYOXY CC ;-)|Thunder Wave|p2a: Ta Tombe !
|-status|p2a: Ta Tombe !|par
|
|-heal|p2a: Ta Tombe !|320\/320 par|[from] item: Leftovers
|upkeep
|turn|5
|choice|move toxicspikes|move psychic
|
|move|p2a: Ta Tombe !|Psychic|p1a: CIZAYOXY CC ;-)
|-supereffective|p1a: CIZAYOXY CC ;-)
|-damage|p1a: CIZAYOXY CC ;-)|0 fnt
|faint|p1a: CIZAYOXY CC ;-)
|
|-fieldend|move: Trick Room
|upkeep
|c|★Coeur de cedre|ho nan xD
|choice|switch 6|
|
|switch|p1a: volth|Jolteon, M|271\/271
|turn|6
|c|★marmotte bn|lol c'est une disto
|choice|move shadowball|move shadowball
|
|move|p1a: volth|Shadow Ball|p2a: Ta Tombe !
|-supereffective|p2a: Ta Tombe !
|-damage|p2a: Ta Tombe !|120\/320 par
|-damage|p1a: volth|244\/271|[from] item: Life Orb
|move|p2a: Ta Tombe !|Shadow Ball|p1a: volth
|-damage|p1a: volth|0 fnt
|faint|p1a: volth
|
|-heal|p2a: Ta Tombe !|140\/320 par|[from] item: Leftovers
|upkeep
|choice|switch 5|
|
|switch|p1a: Explosion|Typhlosion, F|297\/297
|turn|7
|c|★Coeur de cedre|pour placer florizard xD
|choice|move eruption|switch 2
|
|switch|p2a: alomoolA|Alomomola, M|534\/534
|move|p1a: Explosion|Eruption|p2a: alomoolA
|-resisted|p2a: alomoolA
|-damage|p2a: alomoolA|327\/534
|
|-heal|p2a: alomoolA|360\/534|[from] item: Leftovers
|upkeep
|turn|8
|c|★marmotte bn|non florizard est trop rapide pour ça
|choice|switch 4|move toxic
|
|switch|p1a: Butter who fly ?|Flygon, M|301\/301
|move|p2a: alomoolA|Toxic|p1a: Butter who fly ?
|-status|p1a: Butter who fly ?|tox
|
|-heal|p2a: alomoolA|393\/534|[from] item: Leftovers
|-damage|p1a: Butter who fly ?|283\/301 tox|[from] psn
|upkeep
|turn|9
|choice|move uturn|move protect
|
|move|p2a: alomoolA|Protect|p2a: alomoolA
|-singleturn|p2a: alomoolA|Protect
|move|p1a: Butter who fly ?|U-turn|p2a: alomoolA
|-activate|p2a: alomoolA|move: Protect
|
|-heal|p2a: alomoolA|426\/534|[from] item: Leftovers
|-damage|p1a: Butter who fly ?|247\/301 tox|[from] psn
|upkeep
|turn|10
|choice|switch 3|move knockoff
|
|switch|p1a: L'arbre|Trevenant, M|373\/373
|move|p2a: alomoolA|Knock Off|p1a: L'arbre
|-supereffective|p1a: L'arbre
|-damage|p1a: L'arbre|225\/373
|-enditem|p1a: L'arbre|Sitrus Berry|[from] move: Knock Off|[of] p2a: alomoolA
|
|-heal|p2a: alomoolA|459\/534|[from] item: Leftovers
|upkeep
|turn|11
|choice|move leechseed|move toxic
|
|move|p2a: alomoolA|Toxic|p1a: L'arbre
|-status|p1a: L'arbre|tox
|move|p1a: L'arbre|Leech Seed|p2a: alomoolA|[miss]
|-miss|p1a: L'arbre|p2a: alomoolA
|
|-heal|p2a: alomoolA|492\/534|[from] item: Leftovers
|-damage|p1a: L'arbre|202\/373 tox|[from] psn
|upkeep
|turn|12
|choice|move leechseed|switch 4
|
|switch|p2a: Scarif=palmier|Venusaur, M|364\/364
|move|p1a: L'arbre|Leech Seed|p2a: Scarif=palmier
|-immune|p2a: Scarif=palmier|[msg]
|
|-damage|p1a: L'arbre|156\/373 tox|[from] psn
|upkeep
|turn|13
|c|★Coeur de cedre|t srx
|c|★marmotte bn|t'as vu le surnom deouf :)
|choice|move willowisp|move sludgebomb
|
|move|p2a: Scarif=palmier|Sludge Bomb|p1a: L'arbre
|-damage|p1a: L'arbre|63\/373 tox
|move|p1a: L'arbre|Will-O-Wisp|p2a: Scarif=palmier
|-status|p2a: Scarif=palmier|brn
|
|-damage|p2a: Scarif=palmier|319\/364 brn|[from] brn
|-damage|p1a: L'arbre|0 fnt|[from] psn
|upkeep
|faint|p1a: L'arbre
|choice|switch 4|
|
|switch|p1a: Explosion|Typhlosion, F|297\/297
|turn|14
|choice|move eruption|switch 5
|
|switch|p2a: St Helens|Camerupt, M|281\/281
|move|p1a: Explosion|Eruption|p2a: St Helens
|-resisted|p2a: St Helens
|-damage|p2a: St Helens|152\/281
|
|upkeep
|turn|15
|choice|move eruption|move earthpower mega
|
|detailschange|p2a: St Helens|Camerupt-Mega, M
|-mega|p2a: St Helens|Camerupt|Cameruptite
|move|p1a: Explosion|Eruption|p2a: St Helens
|-resisted|p2a: St Helens
|-damage|p2a: St Helens|47\/281
|move|p2a: St Helens|Earth Power|p1a: Explosion
|-supereffective|p1a: Explosion
|-damage|p1a: Explosion|0 fnt
|faint|p1a: Explosion
|
|upkeep
|choice|switch 3|
|
|switch|p1a: Butter who fly ?|Flygon, M|247\/301 tox
|turn|16
|choice|move earthquake|switch 4
|
|switch|p2a: alomoolA|Alomomola, M|534\/534
|move|p1a: Butter who fly ?|Earthquake|p2a: alomoolA
|-damage|p2a: alomoolA|407\/534
|
|-heal|p2a: alomoolA|440\/534|[from] item: Leftovers
|-damage|p1a: Butter who fly ?|229\/301 tox|[from] psn
|upkeep
|turn|17
|choice|move earthquake|move wish
|
|move|p1a: Butter who fly ?|Earthquake|p2a: alomoolA
|-crit|p2a: alomoolA
|-damage|p2a: alomoolA|251\/534
|move|p2a: alomoolA|Wish|p2a: alomoolA
|
|-heal|p2a: alomoolA|284\/534|[from] item: Leftovers
|-damage|p1a: Butter who fly ?|193\/301 tox|[from] psn
|upkeep
|turn|18
|choice|move earthquake|move protect
|
|move|p2a: alomoolA|Protect|p2a: alomoolA
|-singleturn|p2a: alomoolA|Protect
|move|p1a: Butter who fly ?|Earthquake|p2a: alomoolA
|-activate|p2a: alomoolA|move: Protect
|
|-heal|p2a: alomoolA|534\/534|[from] move: Wish|[wisher] alomoolA
|-damage|p1a: Butter who fly ?|139\/301 tox|[from] psn
|upkeep
|turn|19
|choice|move earthquake|move knockoff
|
|move|p1a: Butter who fly ?|Earthquake|p2a: alomoolA
|-damage|p2a: alomoolA|420\/534
|move|p2a: alomoolA|Knock Off|p1a: Butter who fly ?
|-damage|p1a: Butter who fly ?|57\/301 tox
|-enditem|p1a: Butter who fly ?|Choice Scarf|[from] move: Knock Off|[of] p2a: alomoolA
|
|-heal|p2a: alomoolA|453\/534|[from] item: Leftovers
|-damage|p1a: Butter who fly ?|0 fnt|[from] psn
|upkeep
|faint|p1a: Butter who fly ?
|
|win|marmotte bn
|player|p1
|player|p2
|l|Coeur de cedre
|c|★marmotte bn|gg</script>
</div>
<div class="battle-log battle-log-inline"><div class="inner"><div class="battle-options"></div><div class="inner"><div class="chat"><small>Coeur de cedre joined.</small></div><div class="chat"><small>marmotte bn joined.</small></div><div class=""><small>Format:</small> <br><strong>RU</strong></div><div class=""><small><em>Sleep Clause Mod:</em> Limit one foe put to sleep</small></div><div class=""><small><em>Species Clause:</em> Limit one of each Pokémon</small></div><div class=""><small><em>OHKO Clause:</em> OHKO moves are banned</small></div><div class=""><small><em>Moody Clause:</em> Moody is banned</small></div><div class=""><small><em>Evasion Moves Clause:</em> Evasion moves are banned</small></div><div class=""><small><em>Endless Battle Clause:</em> Forcing endless battles is banned</small></div><div class=""><small><em>HP Percentage Mod:</em> HP is shown in percentages</small></div><div class=""><small><em>Swagger Clause:</em> Swagger is banned</small></div><div class=""><small><em>Baton Pass Clause:</em> Limit one Baton Passer, can't pass Spe and other stats simultaneously</small></div><div class="chat battle-history"><strong>Coeur de cedre's team:</strong> <em style="color:#445566;display:block;">Typhlosion / Qwilfish / Trevenant / Flygon / Glalie / Jolteon</em></div><div class="chat battle-history"><strong>marmotte bn's team:</strong> <em style="color:#445566;display:block;">Camerupt / Alomomola / Cofagrigus / Venusaur / Diancie / Escavalier</em></div><div class="chat chatmessage-coeurdecedre"><strong style="color:hsl(163,54%,39%)"><small>★</small><span class="username" data-name="Coeur de cedre">Coeur de cedre</span>:</strong> <em>ok</em></div><div class="chat chatmessage-marmottebn"><strong style="color:hsl(229,79%,59.26829677737865%)"><small>★</small><span class="username" data-name="marmotte bn">marmotte bn</span>:</strong> <em>glhf</em></div><div class="spacer battle-history"><br></div><div class="battle-history">Battle started between Coeur de cedre and marmotte bn!<br></div><div class="spacer battle-history"><br></div><div class="battle-history">Go! Pizza congelé (<strong>Glalie</strong>)!<br></div><div class="spacer battle-history"><br></div><div class="battle-history">marmotte bn sent out Mont St Michel (<strong>Diancie</strong>)!<br></div><div class="spacer battle-history"><br></div><h2 class="battle-history">Turn 1</h2><div class="spacer battle-history"><br></div><div class="battle-history"><small>Pizza congelé's Glalitite is reacting to Coeur de cedre's Mega Bracelet!</small><br>Pizza congelé has Mega Evolved into Mega Glalie!<br></div><div class="spacer battle-history"><br></div><div class="battle-history">Pizza congelé used <strong>Earthquake</strong>!<br></div><div class="battle-history"><small>It's super effective!</small><br></div><div class="battle-history"><small>(The opposing Mont St Michel lost <abbr title="−156/303">51.5%</abbr> of its health!)</small><br></div><div class="spacer battle-history"><br></div><div class="battle-history">The opposing Mont St Michel used <strong>Trick Room</strong>!<br></div><div class="battle-history"><small>The opposing Mont St Michel twisted the dimensions!</small><br></div><div class="spacer battle-history"><br></div><h2 class="battle-history">Turn 2</h2><div class="spacer battle-history"><br></div><div class="battle-history">The opposing Mont St Michel used <strong>Diamond Storm</strong>!<br></div><div class="battle-history"><small>It's super effective!</small><br></div><div class="battle-history"><small>(Pizza congelé lost <abbr title="−301/301">100%</abbr> of its health!)</small><br></div><div class="spacer battle-history"><br></div><div class="battle-history">Pizza congelé fainted!<br></div><div class="spacer battle-history"><br></div><div class="battle-history">Go! CIZAYOXY CC ;-) (<strong>Qwilfish</strong>)!<br></div><div class="battle-history"><small>[CIZAYOXY CC ;-)'s Intimidate]</small><br></div><div class="battle-history"><small>[The opposing Mont St Michel's Clear Body]</small><br><small>The opposing Mont St Michel's stats were not lowered!</small><br></div><div class="spacer battle-history"><br></div><h2 class="battle-history">Turn 3</h2><div class="spacer battle-history"><br></div><div class="battle-history">marmotte bn withdrew Mont St Michel!<br></div><div class="battle-history">marmotte bn sent out Ta Tombe ! (<strong>Cofagrigus</strong>)!<br></div><div class="spacer battle-history"><br></div><div class="battle-history">CIZAYOXY CC ;-) used <strong>Poison Jab</strong>!<br></div><div class="battle-history"><small>It's not very effective...</small><br></div><div class="battle-history"><small>(The opposing Ta Tombe ! lost <abbr title="−30/320">9.4%</abbr> of its health!)</small><br></div><div class="battle-history"><small>[The opposing Ta Tombe !'s Mummy]</small><br><small>[CIZAYOXY CC ;-)'s Intimidate]</small><br><small>[CIZAYOXY CC ;-)'s Mummy]</small><br><small>CIZAYOXY CC ;-)'s Ability became Mummy!</small><br></div><div class="spacer battle-history"><br></div><div class="battle-history"><small>The opposing Ta Tombe ! restored a little HP using its Leftovers!</small><br></div><div class="spacer battle-history"><br></div><h2 class="battle-history">Turn 4</h2><div class="spacer battle-history"><br></div><div class="battle-history">The opposing Ta Tombe ! used <strong>Nasty Plot</strong>!<br></div><div class="battle-history"><small>The opposing Ta Tombe !'s Special Attack rose sharply!</small><br></div><div class="spacer battle-history"><br></div><div class="battle-history">CIZAYOXY CC ;-) used <strong>Thunder Wave</strong>!<br></div><div class="battle-history"><small>The opposing Ta Tombe ! is paralyzed! It may be unable to move!</small><br></div><div class="spacer battle-history"><br></div><div class="battle-history"><small>The opposing Ta Tombe ! restored a little HP using its Leftovers!</small><br></div><div class="spacer battle-history"><br></div><h2 class="battle-history">Turn 5</h2><div class="spacer battle-history"><br></div><div class="battle-history">The opposing Ta Tombe ! used <strong>Psychic</strong>!<br></div><div class="battle-history"><small>It's super effective!</small><br></div><div class="battle-history"><small>(CIZAYOXY CC ;-) lost <abbr title="−334/334">100%</abbr> of its health!)</small><br></div><div class="spacer battle-history"><br></div><div class="battle-history">CIZAYOXY CC ;-) fainted!<br></div><div class="spacer battle-history"><br></div><div class="battle-history"><small>The twisted dimensions returned to normal!</small><br></div><div class="chat chatmessage-coeurdecedre"><strong style="color:hsl(163,54%,39%)"><small>★</small><span class="username" data-name="Coeur de cedre">Coeur de cedre</span>:</strong> <em>ho nan xD</em></div><div class="spacer battle-history"><br></div><div class="battle-history">Go! volth (<strong>Jolteon</strong>)!<br></div><div class="spacer battle-history"><br></div><h2 class="battle-history">Turn 6</h2><div class="chat chatmessage-marmottebn"><strong style="color:hsl(229,79%,59.26829677737865%)"><small>★</small><span class="username" data-name="marmotte bn">marmotte bn</span>:</strong> <em>lol c'est une disto</em></div><div class="spacer battle-history"><br></div><div class="battle-history">volth used <strong>Shadow Ball</strong>!<br></div><div class="battle-history"><small>It's super effective!</small><br></div><div class="battle-history"><small>(The opposing Ta Tombe ! lost <abbr title="−200/320">62.5%</abbr> of its health!)</small><br></div><div class="battle-history"><small>volth lost some of its HP!</small><br></div><div class="spacer battle-history"><br></div><div class="battle-history">The opposing Ta Tombe ! used <strong>Shadow Ball</strong>!<br></div><div class="battle-history"><small>(volth lost <abbr title="−244/271">90.0%</abbr> of its health!)</small><br></div><div class="spacer battle-history"><br></div><div class="battle-history">volth fainted!<br></div><div class="spacer battle-history"><br></div><div class="battle-history"><small>The opposing Ta Tombe ! restored a little HP using its Leftovers!</small><br></div><div class="spacer battle-history"><br></div><div class="battle-history">Go! Explosion (<strong>Typhlosion</strong>)!<br></div><div class="spacer battle-history"><br></div><h2 class="battle-history">Turn 7</h2><div class="chat chatmessage-coeurdecedre"><strong style="color:hsl(163,54%,39%)"><small>★</small><span class="username" data-name="Coeur de cedre">Coeur de cedre</span>:</strong> <em>pour placer florizard xD</em></div><div class="spacer battle-history"><br></div><div class="battle-history">marmotte bn withdrew Ta Tombe !!<br></div><div class="battle-history">marmotte bn sent out alomoolA (<strong>Alomomola</strong>)!<br></div><div class="spacer battle-history"><br></div><div class="battle-history">Explosion used <strong>Eruption</strong>!<br></div><div class="battle-history"><small>It's not very effective...</small><br></div><div class="battle-history"><small>(The opposing alomoolA lost <abbr title="−207/534">38.8%</abbr> of its health!)</small><br></div><div class="spacer battle-history"><br></div><div class="battle-history"><small>The opposing alomoolA restored a little HP using its Leftovers!</small><br></div><div class="spacer battle-history"><br></div><h2 class="battle-history">Turn 8</h2><div class="chat chatmessage-marmottebn"><strong style="color:hsl(229,79%,59.26829677737865%)"><small>★</small><span class="username" data-name="marmotte bn">marmotte bn</span>:</strong> <em>non florizard est trop rapide pour ça</em></div><div class="spacer battle-history"><br></div><div class="battle-history">Explosion, come back!<br></div><div class="battle-history">Go! Butter who fly ? (<strong>Flygon</strong>)!<br></div><div class="spacer battle-history"><br></div><div class="battle-history">The opposing alomoolA used <strong>Toxic</strong>!<br></div><div class="battle-history"><small>Butter who fly ? was badly poisoned!</small><br></div><div class="spacer battle-history"><br></div><div class="battle-history"><small>The opposing alomoolA restored a little HP using its Leftovers!</small><br></div><div class="battle-history"><small>Butter who fly ? was hurt by poison!</small><br></div><div class="spacer battle-history"><br></div><h2 class="battle-history">Turn 9</h2><div class="spacer battle-history"><br></div><div class="battle-history">The opposing alomoolA used <strong>Protect</strong>!<br></div><div class="battle-history"><small>The opposing alomoolA protected itself!</small><br></div><div class="spacer battle-history"><br></div><div class="battle-history">Butter who fly ? used <strong>U-turn</strong>!<br></div><div class="battle-history"><small>The opposing alomoolA protected itself!</small><br></div><div class="spacer battle-history"><br></div><div class="battle-history"><small>The opposing alomoolA restored a little HP using its Leftovers!</small><br></div><div class="battle-history"><small>Butter who fly ? was hurt by poison!</small><br></div><div class="spacer battle-history"><br></div><h2 class="battle-history">Turn 10</h2><div class="spacer battle-history"><br></div><div class="battle-history">Butter who fly ? went back to Coeur de cedre!<br></div><div class="battle-history">Go! L'arbre (<strong>Trevenant</strong>)!<br></div><div class="spacer battle-history"><br></div><div class="battle-history">The opposing alomoolA used <strong>Knock Off</strong>!<br></div><div class="battle-history"><small>It's super effective!</small><br></div><div class="battle-history"><small>(L'arbre lost <abbr title="−148/373">39.7%</abbr> of its health!)</small><br></div><div class="battle-history"><small>The opposing alomoolA knocked off L'arbre's Sitrus Berry!</small><br></div><div class="spacer battle-history"><br></div><div class="battle-history"><small>The opposing alomoolA restored a little HP using its Leftovers!</small><br></div><div class="spacer battle-history"><br></div><h2 class="battle-history">Turn 11</h2><div class="spacer battle-history"><br></div><div class="battle-history">The opposing alomoolA used <strong>Toxic</strong>!<br></div><div class="battle-history"><small>L'arbre was badly poisoned!</small><br></div><div class="spacer battle-history"><br></div><div class="battle-history">L'arbre used <strong>Leech Seed</strong>!<br></div><div class="battle-history"><small>The opposing alomoolA avoided the attack!</small><br></div><div class="spacer battle-history"><br></div><div class="battle-history"><small>The opposing alomoolA restored a little HP using its Leftovers!</small><br></div><div class="battle-history"><small>L'arbre was hurt by poison!</small><br></div><div class="spacer battle-history"><br></div><h2 class="battle-history">Turn 12</h2><div class="spacer battle-history"><br></div><div class="battle-history">marmotte bn withdrew alomoolA!<br></div><div class="battle-history">marmotte bn sent out Scarif=palmier (<strong>Venusaur</strong>)!<br></div><div class="spacer battle-history"><br></div><div class="battle-history">L'arbre used <strong>Leech Seed</strong>!<br></div><div class="battle-history"><small>It doesn't affect the opposing Scarif=palmier...</small><br></div><div class="spacer battle-history"><br></div><div class="battle-history"><small>L'arbre was hurt by poison!</small><br></div><div class="spacer battle-history"><br></div><h2 class="battle-history">Turn 13</h2><div class="chat chatmessage-coeurdecedre"><strong style="color:hsl(163,54%,39%)"><small>★</small><span class="username" data-name="Coeur de cedre">Coeur de cedre</span>:</strong> <em>t srx</em></div><div class="chat chatmessage-marmottebn"><strong style="color:hsl(229,79%,59.26829677737865%)"><small>★</small><span class="username" data-name="marmotte bn">marmotte bn</span>:</strong> <em>t'as vu le surnom deouf :)</em></div><div class="spacer battle-history"><br></div><div class="battle-history">The opposing Scarif=palmier used <strong>Sludge Bomb</strong>!<br></div><div class="battle-history"><small>(L'arbre lost <abbr title="−93/373">24.9%</abbr> of its health!)</small><br></div><div class="spacer battle-history"><br></div><div class="battle-history">L'arbre used <strong>Will-O-Wisp</strong>!<br></div><div class="battle-history"><small>The opposing Scarif=palmier was burned!</small><br></div><div class="spacer battle-history"><br></div><div class="battle-history"><small>The opposing Scarif=palmier was hurt by its burn!</small><br></div><div class="battle-history"><small>L'arbre was hurt by poison!</small><br></div><div class="spacer battle-history"><br></div><div class="battle-history">L'arbre fainted!<br></div><div class="spacer battle-history"><br></div><div class="battle-history">Go! Explosion (<strong>Typhlosion</strong>)!<br></div><div class="spacer battle-history"><br></div><h2 class="battle-history">Turn 14</h2><div class="spacer battle-history"><br></div><div class="battle-history">marmotte bn withdrew Scarif=palmier!<br></div><div class="battle-history">marmotte bn sent out St Helens (<strong>Camerupt</strong>)!<br></div><div class="spacer battle-history"><br></div><div class="battle-history">Explosion used <strong>Eruption</strong>!<br></div><div class="battle-history"><small>It's not very effective...</small><br></div><div class="battle-history"><small>(The opposing St Helens lost <abbr title="−129/281">45.9%</abbr> of its health!)</small><br></div><div class="spacer battle-history"><br></div><h2 class="battle-history">Turn 15</h2><div class="spacer battle-history"><br></div><div class="battle-history"><small>The opposing St Helens's Cameruptite is reacting to marmotte bn's Mega Bracelet!</small><br>The opposing St Helens has Mega Evolved into Mega Camerupt!<br></div><div class="spacer battle-history"><br></div><div class="battle-history">Explosion used <strong>Eruption</strong>!<br></div><div class="battle-history"><small>It's not very effective...</small><br></div><div class="battle-history"><small>(The opposing St Helens lost <abbr title="−105/281">37.4%</abbr> of its health!)</small><br></div><div class="spacer battle-history"><br></div><div class="battle-history">The opposing St Helens used <strong>Earth Power</strong>!<br></div><div class="battle-history"><small>It's super effective!</small><br></div><div class="battle-history"><small>(Explosion lost <abbr title="−297/297">100%</abbr> of its health!)</small><br></div><div class="spacer battle-history"><br></div><div class="battle-history">Explosion fainted!<br></div><div class="spacer battle-history"><br></div><div class="battle-history">Go! Butter who fly ? (<strong>Flygon</strong>)!<br></div><div class="spacer battle-history"><br></div><h2 class="battle-history">Turn 16</h2><div class="spacer battle-history"><br></div><div class="battle-history">marmotte bn withdrew St Helens!<br></div><div class="battle-history">marmotte bn sent out alomoolA (<strong>Alomomola</strong>)!<br></div><div class="spacer battle-history"><br></div><div class="battle-history">Butter who fly ? used <strong>Earthquake</strong>!<br></div><div class="battle-history"><small>(The opposing alomoolA lost <abbr title="−127/534">23.8%</abbr> of its health!)</small><br></div><div class="spacer battle-history"><br></div><div class="battle-history"><small>The opposing alomoolA restored a little HP using its Leftovers!</small><br></div><div class="battle-history"><small>Butter who fly ? was hurt by poison!</small><br></div><div class="spacer battle-history"><br></div><h2 class="battle-history">Turn 17</h2><div class="spacer battle-history"><br></div><div class="battle-history">Butter who fly ? used <strong>Earthquake</strong>!<br></div><div class="battle-history"><small>A critical hit!</small><br></div><div class="battle-history"><small>(The opposing alomoolA lost <abbr title="−189/534">35.4%</abbr> of its health!)</small><br></div><div class="spacer battle-history"><br></div><div class="battle-history">The opposing alomoolA used <strong>Wish</strong>!<br></div><div class="spacer battle-history"><br></div><div class="battle-history"><small>The opposing alomoolA restored a little HP using its Leftovers!</small><br></div><div class="battle-history"><small>Butter who fly ? was hurt by poison!</small><br></div><div class="spacer battle-history"><br></div><h2 class="battle-history">Turn 18</h2><div class="spacer battle-history"><br></div><div class="battle-history">The opposing alomoolA used <strong>Protect</strong>!<br></div><div class="battle-history"><small>The opposing alomoolA protected itself!</small><br></div><div class="spacer battle-history"><br></div><div class="battle-history">Butter who fly ? used <strong>Earthquake</strong>!<br></div><div class="battle-history"><small>The opposing alomoolA protected itself!</small><br></div><div class="spacer battle-history"><br></div><div class="battle-history"><small>alomoolA's wish came true!</small><br></div><div class="battle-history"><small>Butter who fly ? was hurt by poison!</small><br></div><div class="spacer battle-history"><br></div><h2 class="battle-history">Turn 19</h2><div class="spacer battle-history"><br></div><div class="battle-history">Butter who fly ? used <strong>Earthquake</strong>!<br></div><div class="battle-history"><small>(The opposing alomoolA lost <abbr title="−114/534">21.3%</abbr> of its health!)</small><br></div><div class="spacer battle-history"><br></div><div class="battle-history">The opposing alomoolA used <strong>Knock Off</strong>!<br></div><div class="battle-history"><small>(Butter who fly ? lost <abbr title="−82/301">27.2%</abbr> of its health!)</small><br></div><div class="battle-history"><small>The opposing alomoolA knocked off Butter who fly ?'s Choice Scarf!</small><br></div><div class="spacer battle-history"><br></div><div class="battle-history"><small>The opposing alomoolA restored a little HP using its Leftovers!</small><br></div><div class="battle-history"><small>Butter who fly ? was hurt by poison!</small><br></div><div class="spacer battle-history"><br></div><div class="battle-history">Butter who fly ? fainted!<br></div><div class="spacer battle-history"><br></div><div class="battle-history"><strong>marmotte bn</strong> won the battle!<br></div><div class="chat"><small>Coeur de cedre left.</small></div><div class="chat chatmessage-marmottebn"><strong style="color:hsl(229,79%,59.26829677737865%)"><small>★</small><span class="username" data-name="marmotte bn">marmotte bn</span>:</strong> <em>gg</em></div></div><div class="inner-preempt"></div></div></div>
</div>
<script>
let daily = Math.floor(Date.now()/1000/60/60/24);document.write('<script src="https://play.pokemonshowdown.com/js/replay-embed.js?version'+daily+'"></'+'script>');
</script>
