<!DOCTYPE html>
<meta charset="utf-8" />
<!-- version 1 -->
<title>RU replay: Solgaleo28 vs. Grumeaux Alola</title>
<style>
html,body {font-family:Verdana, sans-serif;font-size:10pt;margin:0;padding:0;}body{padding:12px 0;} .battle-log {font-family:Verdana, sans-serif;font-size:10pt;} .battle-log-inline {border:1px solid #AAAAAA;background:#EEF2F5;color:black;max-width:640px;margin:0 auto 80px;padding-bottom:5px;} .battle-log .inner {padding:4px 8px 0px 8px;} .battle-log .inner-preempt {padding:0 8px 4px 8px;} .battle-log .inner-after {margin-top:0.5em;} .battle-log h2 {margin:0.5em -8px;padding:4px 8px;border:1px solid #AAAAAA;background:#E0E7EA;border-left:0;border-right:0;font-family:Verdana, sans-serif;font-size:13pt;} .battle-log .chat {vertical-align:middle;padding:3px 0 3px 0;font-size:8pt;} .battle-log .chat strong {color:#40576A;} .battle-log .chat em {padding:1px 4px 1px 3px;color:#000000;font-style:normal;} .chat.mine {background:rgba(0,0,0,0.05);margin-left:-8px;margin-right:-8px;padding-left:8px;padding-right:8px;} .spoiler {color:#BBBBBB;background:#BBBBBB;padding:0px 3px;} .spoiler:hover, .spoiler:active, .spoiler-shown {color:#000000;background:#E2E2E2;padding:0px 3px;} .spoiler a {color:#BBBBBB;} .spoiler:hover a, .spoiler:active a, .spoiler-shown a {color:#2288CC;} .chat code, .chat .spoiler:hover code, .chat .spoiler:active code, .chat .spoiler-shown code {border:1px solid #C0C0C0;background:#EEEEEE;color:black;padding:0 2px;} .chat .spoiler code {border:1px solid #CCCCCC;background:#CCCCCC;color:#CCCCCC;} .battle-log .rated {padding:3px 4px;} .battle-log .rated strong {color:white;background:#89A;padding:1px 4px;border-radius:4px;} .spacer {margin-top:0.5em;} .message-announce {background:#6688AA;color:white;padding:1px 4px 2px;} .message-announce a, .broadcast-green a, .broadcast-blue a, .broadcast-red a {color:#DDEEFF;} .broadcast-green {background-color:#559955;color:white;padding:2px 4px;} .broadcast-blue {background-color:#6688AA;color:white;padding:2px 4px;} .infobox {border:1px solid #6688AA;padding:2px 4px;} .infobox-limited {max-height:200px;overflow:auto;overflow-x:hidden;} .broadcast-red {background-color:#AA5544;color:white;padding:2px 4px;} .message-learn-canlearn {font-weight:bold;color:#228822;text-decoration:underline;} .message-learn-cannotlearn {font-weight:bold;color:#CC2222;text-decoration:underline;} .message-effect-weak {font-weight:bold;color:#CC2222;} .message-effect-resist {font-weight:bold;color:#6688AA;} .message-effect-immune {font-weight:bold;color:#666666;} .message-learn-list {margin-top:0;margin-bottom:0;} .message-throttle-notice, .message-error {color:#992222;} .message-overflow, .chat small.message-overflow {font-size:0pt;} .message-overflow::before {font-size:9pt;content:'...';} .subtle {color:#3A4A66;}
</style>
<div class="wrapper replay-wrapper" style="max-width:1180px;margin:0 auto">
<input type="hidden" name="replayid" value="pokestrat-ru-1569" />
<div class="battle"></div><div class="battle-log"></div><div class="replay-controls"></div><div class="replay-controls-2"></div>
<h1 style="font-weight:normal;text-align:center"><strong>RU</strong><br /><a href="http://pokemonshowdown.com/users/solgaleo28" class="subtle" target="_blank">Solgaleo28</a> vs. <a href="http://pokemonshowdown.com/users/grumeauxalola" class="subtle" target="_blank">Grumeaux Alola</a></h1>
<script type="text/plain" class="battle-log-data">|j|Solgaleo28
|j|Grumeaux Alola
|player|p1|Solgaleo28|209
|player|p2|Grumeaux Alola|274
|gametype|singles
|gen|6
|tier|RU
|seed|12185,35173,45111,32849
|rule|Sleep Clause Mod: Limit one foe put to sleep
|rule|Species Clause: Limit one of each Pokémon
|rule|OHKO Clause: OHKO moves are banned
|rule|Moody Clause: Moody is banned
|rule|Evasion Moves Clause: Evasion moves are banned
|rule|Endless Battle Clause: Forcing endless battles is banned
|rule|HP Percentage Mod: HP is shown in percentages
|clearpoke
|poke|p1|Cofagrigus, M|item
|poke|p1|Camerupt, F, shiny|item
|poke|p1|Hitmonlee, M|item
|poke|p1|Jolteon, F|item
|poke|p1|Braviary, M, shiny|item
|poke|p1|Jellicent, M|item
|poke|p2|Rotom|item
|poke|p2|Aromatisse, F|item
|poke|p2|Registeel|item
|poke|p2|Glalie, M|item
|poke|p2|Braviary, M|item
|poke|p2|Houndoom, F|item
|rule|Swagger Clause: Swagger is banned
|rule|Baton Pass Clause: Limit one Baton Passer, can't pass Spe and other stats simultaneously
|teampreview
|c|★Grumeaux Alola|gl
|c|★Solgaleo28|hf !
|choice|team 1, team 2, team 3, team 4, team 5, team 6|team 6, team 2, team 3, team 4, team 5, team 1
|
|start
|switch|p1a: Momie|Cofagrigus, M|319\/319
|switch|p2a: Houndoom|Houndoom, F|291\/291
|turn|1
|choice|move trickroom|move darkpulse
|
|move|p2a: Houndoom|Dark Pulse|p1a: Momie
|-supereffective|p1a: Momie
|-damage|p1a: Momie|15\/319
|-damage|p2a: Houndoom|262\/291|[from] item: Life Orb
|move|p1a: Momie|Trick Room|p1a: Momie
|-fieldstart|move: Trick Room|[of] p1a: Momie
|
|-heal|p1a: Momie|34\/319|[from] item: Leftovers
|turn|2
|choice|move hiddenpower|switch 3
|
|switch|p2a: Registeel|Registeel|364\/364
|move|p1a: Momie|Hidden Power|p2a: Registeel
|-supereffective|p2a: Registeel
|-damage|p2a: Registeel|288\/364
|
|-heal|p1a: Momie|53\/319|[from] item: Leftovers
|-heal|p2a: Registeel|310\/364|[from] item: Leftovers
|turn|3
|choice|move shadowball|move toxic
|
|move|p1a: Momie|Shadow Ball|p2a: Registeel
|-damage|p2a: Registeel|244\/364
|move|p2a: Registeel|Toxic|p1a: Momie
|-status|p1a: Momie|tox
|
|-heal|p1a: Momie|72\/319 tox|[from] item: Leftovers
|-heal|p2a: Registeel|266\/364|[from] item: Leftovers
|-damage|p1a: Momie|53\/319 tox|[from] psn
|turn|4
|choice|move shadowball|move stealthrock
|
|move|p1a: Momie|Shadow Ball|p2a: Registeel
|-damage|p2a: Registeel|202\/364
|move|p2a: Registeel|Stealth Rock|p1a: Momie
|-sidestart|p1: Solgaleo28|move: Stealth Rock
|
|-heal|p1a: Momie|72\/319 tox|[from] item: Leftovers
|-heal|p2a: Registeel|224\/364|[from] item: Leftovers
|-damage|p1a: Momie|34\/319 tox|[from] psn
|turn|5
|choice|move shadowball|switch 5
|
|switch|p2a: Braviary|Braviary, M|404\/404
|move|p1a: Momie|Shadow Ball|p2a: Braviary
|-immune|p2a: Braviary|[msg]
|
|-heal|p1a: Momie|53\/319 tox|[from] item: Leftovers
|-damage|p1a: Momie|0 fnt|[from] psn
|-fieldend|move: Trick Room
|faint|p1a: Momie
|choice|switch 2|
|
|switch|p1a: Vésuve|Camerupt, F, shiny|338\/338
|-damage|p1a: Vésuve|296\/338|[from] Stealth Rock
|turn|6
|choice|move ancientpower mega|move bulkup
|
|detailschange|p1a: Vésuve|Camerupt-Mega, F, shiny
|-mega|p1a: Vésuve|Camerupt|Cameruptite
|move|p2a: Braviary|Bulk Up|p2a: Braviary
|-boost|p2a: Braviary|atk|1
|-boost|p2a: Braviary|def|1
|move|p1a: Vésuve|Ancient Power|p2a: Braviary
|-supereffective|p2a: Braviary
|-damage|p2a: Braviary|220\/404
|
|-heal|p2a: Braviary|245\/404|[from] item: Leftovers
|turn|7
|choice|move fireblast|move bulkup
|
|move|p2a: Braviary|Bulk Up|p2a: Braviary
|-boost|p2a: Braviary|atk|1
|-boost|p2a: Braviary|def|1
|move|p1a: Vésuve|Fire Blast|p2a: Braviary
|-damage|p2a: Braviary|0 fnt
|faint|p2a: Braviary
|
|choice||switch 3
|
|switch|p2a: Houndoom|Houndoom, F|262\/291
|turn|8
|choice|move earthpower|move darkpulse
|
|move|p2a: Houndoom|Dark Pulse|p1a: Vésuve
|-damage|p1a: Vésuve|127\/338
|-damage|p2a: Houndoom|233\/291|[from] item: Life Orb
|move|p1a: Vésuve|Earth Power|p2a: Houndoom
|-supereffective|p2a: Houndoom
|-damage|p2a: Houndoom|0 fnt
|faint|p2a: Houndoom
|
|choice||switch 4
|
|switch|p2a: Glalie|Glalie, M|301\/301
|turn|9
|choice|move fireblast|move earthquake mega
|
|detailschange|p2a: Glalie|Glalie-Mega, M
|-mega|p2a: Glalie|Glalie|Glalitite
|move|p2a: Glalie|Earthquake|p1a: Vésuve
|-supereffective|p1a: Vésuve
|-damage|p1a: Vésuve|0 fnt
|faint|p1a: Vésuve
|
|choice|switch 3|
|
|switch|p1a: Manuel Valls|Hitmonlee, M|241\/241
|-damage|p1a: Manuel Valls|226\/241|[from] Stealth Rock
|turn|10
|choice|move endure|switch 2
|
|switch|p2a: Aromatisse|Aromatisse, F|406\/406
|move|p1a: Manuel Valls|Endure|p1a: Manuel Valls
|
|turn|11
|choice|switch 5|move wish
|
|switch|p1a: E. Macron|Braviary, M, shiny|403\/403
|-damage|p1a: E. Macron|303\/403|[from] Stealth Rock
|move|p2a: Aromatisse|Wish|p2a: Aromatisse
|
|-heal|p1a: E. Macron|328\/403|[from] item: Leftovers
|turn|12
|choice|move bulkup|switch 2
|
|switch|p2a: Glalie|Glalie-Mega, M|301\/301
|move|p1a: E. Macron|Bulk Up|p1a: E. Macron
|-boost|p1a: E. Macron|atk|1
|-boost|p1a: E. Macron|def|1
|
|-heal|p1a: E. Macron|353\/403|[from] item: Leftovers
|turn|13
|choice|move bravebird|move doubleedge
|
|move|p2a: Glalie|Double-Edge|p1a: E. Macron
|-supereffective|p1a: E. Macron
|-damage|p1a: E. Macron|0 fnt
|-damage|p2a: Glalie|185\/301|[from] recoil|[of] p1a: E. Macron
|faint|p1a: E. Macron
|
|choice|switch 5|
|
|switch|p1a: Manuel Valls|Hitmonlee, M|226\/241
|-damage|p1a: Manuel Valls|211\/241|[from] Stealth Rock
|turn|14
|choice|move endure|switch 2
|
|switch|p2a: Aromatisse|Aromatisse, F|406\/406
|move|p1a: Manuel Valls|Endure|p1a: Manuel Valls
|
|turn|15
|choice|switch 6|move wish
|
|switch|p1a: M. El Connerie|Jellicent, M|403\/403
|-damage|p1a: M. El Connerie|353\/403|[from] Stealth Rock
|move|p2a: Aromatisse|Wish|p2a: Aromatisse
|
|-heal|p1a: M. El Connerie|378\/403|[from] item: Leftovers
|turn|16
|choice|move taunt|switch 5
|
|switch|p2a: Registeel|Registeel|224\/364
|move|p1a: M. El Connerie|Taunt|p2a: Registeel
|-start|p2a: Registeel|move: Taunt
|
|-heal|p2a: Registeel|364\/364|[from] move: Wish|[wisher] Aromatisse
|-heal|p1a: M. El Connerie|403\/403|[from] item: Leftovers
|turn|17
|choice|move scald|switch 6
|
|switch|p2a: Rotom|Rotom|304\/304
|move|p1a: M. El Connerie|Scald|p2a: Rotom
|-damage|p2a: Rotom|201\/304
|-status|p2a: Rotom|brn
|
|-heal|p2a: Rotom|220\/304 brn|[from] item: Leftovers
|-damage|p2a: Rotom|182\/304 brn|[from] brn
|turn|18
|choice|move taunt|move substitute
|
|move|p2a: Rotom|Substitute|p2a: Rotom
|-start|p2a: Rotom|Substitute
|-damage|p2a: Rotom|106\/304 brn
|move|p1a: M. El Connerie|Taunt|p2a: Rotom
|-start|p2a: Rotom|move: Taunt
|
|-heal|p2a: Rotom|125\/304 brn|[from] item: Leftovers
|-damage|p2a: Rotom|87\/304 brn|[from] brn
|turn|19
|choice|move scald|move discharge
|
|move|p2a: Rotom|Discharge|p1a: M. El Connerie
|-supereffective|p1a: M. El Connerie
|-damage|p1a: M. El Connerie|227\/403
|-status|p1a: M. El Connerie|par
|move|p1a: M. El Connerie|Scald|p2a: Rotom
|-crit|p2a: Rotom
|-end|p2a: Rotom|Substitute
|
|-heal|p2a: Rotom|106\/304 brn|[from] item: Leftovers
|-heal|p1a: M. El Connerie|252\/403 par|[from] item: Leftovers
|-damage|p2a: Rotom|68\/304 brn|[from] brn
|turn|20
|c|★Grumeaux Alola|dsl
|choice|move scald|move discharge
|
|move|p2a: Rotom|Discharge|p1a: M. El Connerie
|-supereffective|p1a: M. El Connerie
|-damage|p1a: M. El Connerie|70\/403 par
|move|p1a: M. El Connerie|Scald|p2a: Rotom
|-damage|p2a: Rotom|0 fnt
|faint|p2a: Rotom
|
|-heal|p1a: M. El Connerie|95\/403 par|[from] item: Leftovers
|c|★Solgaleo28|:\/
|c|★Solgaleo28|Ouf
|c|★Grumeaux Alola|ca change pas grand chose je pense^^
|c|★Solgaleo28|débarassé
|choice||switch 2
|
|switch|p2a: Glalie|Glalie-Mega, M|185\/301
|turn|21
|choice|move willowisp|move freezedry
|
|move|p2a: Glalie|Freeze-Dry|p1a: M. El Connerie
|-supereffective|p1a: M. El Connerie
|-damage|p1a: M. El Connerie|0 fnt
|faint|p1a: M. El Connerie
|
|choice|switch 4|
|
|switch|p1a: Jolteon|Jolteon, F|271\/271
|-damage|p1a: Jolteon|238\/271|[from] Stealth Rock
|turn|22
|choice|move thunderbolt|switch 6
|
|switch|p2a: Registeel|Registeel|364\/364
|move|p1a: Jolteon|Thunderbolt|p2a: Registeel
|-damage|p2a: Registeel|255\/364
|
|-heal|p2a: Registeel|277\/364|[from] item: Leftovers
|turn|23
|choice|move thunderbolt|move toxic
|
|move|p1a: Jolteon|Thunderbolt|p2a: Registeel
|-damage|p2a: Registeel|166\/364
|move|p2a: Registeel|Toxic|p1a: Jolteon
|-status|p1a: Jolteon|tox
|
|-heal|p2a: Registeel|188\/364|[from] item: Leftovers
|-damage|p1a: Jolteon|222\/271 tox|[from] psn
|turn|24
|choice|move thunderbolt|move seismictoss
|
|move|p1a: Jolteon|Thunderbolt|p2a: Registeel
|-damage|p2a: Registeel|71\/364
|move|p2a: Registeel|Seismic Toss|p1a: Jolteon
|-damage|p1a: Jolteon|122\/271 tox
|
|-heal|p2a: Registeel|93\/364|[from] item: Leftovers
|-damage|p1a: Jolteon|90\/271 tox|[from] psn
|turn|25
|choice|move thunderbolt|move seismictoss
|
|move|p1a: Jolteon|Thunderbolt|p2a: Registeel
|-damage|p2a: Registeel|0 fnt
|faint|p2a: Registeel
|
|-damage|p1a: Jolteon|42\/271 tox|[from] psn
|choice||switch 6
|
|switch|p2a: Glalie|Glalie-Mega, M|185\/301
|turn|26
|choice|move thunderbolt|move iceshard
|
|move|p2a: Glalie|Ice Shard|p1a: Jolteon
|-damage|p1a: Jolteon|0 fnt
|faint|p1a: Jolteon
|
|choice|switch 6|
|
|switch|p1a: Manuel Valls|Hitmonlee, M|211\/241
|-damage|p1a: Manuel Valls|196\/241|[from] Stealth Rock
|turn|27
|choice|move endure|move doubleedge
|
|move|p1a: Manuel Valls|Endure|p1a: Manuel Valls
|-singleturn|p1a: Manuel Valls|move: Endure
|move|p2a: Glalie|Double-Edge|p1a: Manuel Valls
|-activate|p1a: Manuel Valls|move: Endure
|-damage|p1a: Manuel Valls|1\/241
|-damage|p2a: Glalie|121\/301|[from] recoil|[of] p1a: Manuel Valls
|-enditem|p1a: Manuel Valls|Liechi Berry|[eat]
|-boost|p1a: Manuel Valls|atk|1
|
|turn|28
|choice|move machpunch|move iceshard
|
|move|p1a: Manuel Valls|Mach Punch|p2a: Glalie
|-supereffective|p2a: Glalie
|-damage|p2a: Glalie|0 fnt
|faint|p2a: Glalie
|
|choice||switch 5
|
|switch|p2a: Aromatisse|Aromatisse, F|406\/406
|turn|29
|choice|move reversal|move moonblast
|
|move|p1a: Manuel Valls|Reversal|p2a: Aromatisse
|-resisted|p2a: Aromatisse
|-damage|p2a: Aromatisse|142\/406
|move|p2a: Aromatisse|Moonblast|p1a: Manuel Valls
|-supereffective|p1a: Manuel Valls
|-damage|p1a: Manuel Valls|0 fnt
|faint|p1a: Manuel Valls
|
|win|Grumeaux Alola
|player|p1
|player|p2
|c|★Grumeaux Alola|gg
|c|★Solgaleo28|gg</script>
</div>
<div class="battle-log battle-log-inline"><div class="inner"><div class="battle-options"></div><div class="inner"><div class="chat"><small>Solgaleo28 joined.</small></div><div class="chat"><small>Grumeaux Alola joined.</small></div><div class=""><small>Format:</small> <br><strong>RU</strong></div><div class=""><small><em>Sleep Clause Mod:</em> Limit one foe put to sleep</small></div><div class=""><small><em>Species Clause:</em> Limit one of each Pokémon</small></div><div class=""><small><em>OHKO Clause:</em> OHKO moves are banned</small></div><div class=""><small><em>Moody Clause:</em> Moody is banned</small></div><div class=""><small><em>Evasion Moves Clause:</em> Evasion moves are banned</small></div><div class=""><small><em>Endless Battle Clause:</em> Forcing endless battles is banned</small></div><div class=""><small><em>HP Percentage Mod:</em> HP is shown in percentages</small></div><div class=""><small><em>Swagger Clause:</em> Swagger is banned</small></div><div class=""><small><em>Baton Pass Clause:</em> Limit one Baton Passer, can't pass Spe and other stats simultaneously</small></div><div class="chat battle-history"><strong>Solgaleo28's team:</strong> <em style="color:#445566;display:block;">Cofagrigus / Camerupt / Hitmonlee / Jolteon / Braviary / Jellicent</em></div><div class="chat battle-history"><strong>Grumeaux Alola's team:</strong> <em style="color:#445566;display:block;">Rotom / Aromatisse / Registeel / Glalie / Braviary / Houndoom</em></div><div class="chat chatmessage-grumeauxalola"><strong style="color:hsl(288,63%,47%)"><small>★</small><span class="username" data-name="Grumeaux Alola">Grumeaux Alola</span>:</strong> <em>gl</em></div><div class="chat chatmessage-solgaleo28"><strong style="color:hsl(110,60%,41.521783152640005%)"><small>★</small><span class="username" data-name="Solgaleo28">Solgaleo28</span>:</strong> <em>hf !</em></div><div class="spacer battle-history"><br></div><div class="battle-history">Battle started between Solgaleo28 and Grumeaux Alola!<br></div><div class="spacer battle-history"><br></div><div class="battle-history">Go! Momie (<strong>Cofagrigus</strong>)!<br></div><div class="spacer battle-history"><br></div><div class="battle-history">Grumeaux Alola sent out <strong>Houndoom</strong>!<br></div><div class="spacer battle-history"><br></div><h2 class="battle-history">Turn 1</h2><div class="spacer battle-history"><br></div><div class="battle-history">The opposing Houndoom used <strong>Dark Pulse</strong>!<br></div><div class="battle-history"><small>It's super effective!</small><br></div><div class="battle-history"><small>(Momie lost <abbr title="−304/319">95.3%</abbr> of its health!)</small><br></div><div class="battle-history"><small>The opposing Houndoom lost some of its HP!</small><br></div><div class="spacer battle-history"><br></div><div class="battle-history">Momie used <strong>Trick Room</strong>!<br></div><div class="battle-history"><small>Momie twisted the dimensions!</small><br></div><div class="spacer battle-history"><br></div><div class="battle-history"><small>Momie restored a little HP using its Leftovers!</small><br></div><div class="spacer battle-history"><br></div><h2 class="battle-history">Turn 2</h2><div class="spacer battle-history"><br></div><div class="battle-history">Grumeaux Alola withdrew Houndoom!<br></div><div class="battle-history">Grumeaux Alola sent out <strong>Registeel</strong>!<br></div><div class="spacer battle-history"><br></div><div class="battle-history">Momie used <strong>Hidden Power</strong>!<br></div><div class="battle-history"><small>It's super effective!</small><br></div><div class="battle-history"><small>(The opposing Registeel lost <abbr title="−76/364">20.9%</abbr> of its health!)</small><br></div><div class="spacer battle-history"><br></div><div class="battle-history"><small>Momie restored a little HP using its Leftovers!</small><br></div><div class="battle-history"><small>The opposing Registeel restored a little HP using its Leftovers!</small><br></div><div class="spacer battle-history"><br></div><h2 class="battle-history">Turn 3</h2><div class="spacer battle-history"><br></div><div class="battle-history">Momie used <strong>Shadow Ball</strong>!<br></div><div class="battle-history"><small>(The opposing Registeel lost <abbr title="−66/364">18.1%</abbr> of its health!)</small><br></div><div class="spacer battle-history"><br></div><div class="battle-history">The opposing Registeel used <strong>Toxic</strong>!<br></div><div class="battle-history"><small>Momie was badly poisoned!</small><br></div><div class="spacer battle-history"><br></div><div class="battle-history"><small>Momie restored a little HP using its Leftovers!</small><br></div><div class="battle-history"><small>The opposing Registeel restored a little HP using its Leftovers!</small><br></div><div class="battle-history"><small>Momie was hurt by poison!</small><br></div><div class="spacer battle-history"><br></div><h2 class="battle-history">Turn 4</h2><div class="spacer battle-history"><br></div><div class="battle-history">Momie used <strong>Shadow Ball</strong>!<br></div><div class="battle-history"><small>(The opposing Registeel lost <abbr title="−64/364">17.6%</abbr> of its health!)</small><br></div><div class="spacer battle-history"><br></div><div class="battle-history">The opposing Registeel used <strong>Stealth Rock</strong>!<br></div><div class="battle-history"><small>Pointed stones float in the air around your team!</small><br></div><div class="spacer battle-history"><br></div><div class="battle-history"><small>Momie restored a little HP using its Leftovers!</small><br></div><div class="battle-history"><small>The opposing Registeel restored a little HP using its Leftovers!</small><br></div><div class="battle-history"><small>Momie was hurt by poison!</small><br></div><div class="spacer battle-history"><br></div><h2 class="battle-history">Turn 5</h2><div class="spacer battle-history"><br></div><div class="battle-history">Grumeaux Alola withdrew Registeel!<br></div><div class="battle-history">Grumeaux Alola sent out <strong>Braviary</strong>!<br></div><div class="spacer battle-history"><br></div><div class="battle-history">Momie used <strong>Shadow Ball</strong>!<br></div><div class="battle-history"><small>It doesn't affect the opposing Braviary...</small><br></div><div class="spacer battle-history"><br></div><div class="battle-history"><small>Momie restored a little HP using its Leftovers!</small><br></div><div class="battle-history"><small>Momie was hurt by poison!</small><br></div><div class="battle-history"><small>The twisted dimensions returned to normal!</small><br></div><div class="spacer battle-history"><br></div><div class="battle-history">Momie fainted!<br></div><div class="spacer battle-history"><br></div><div class="battle-history">Go! Vésuve (<strong>Camerupt</strong>)!<br></div><div class="battle-history"><small>Pointed stones dug into Vésuve!</small><br></div><div class="spacer battle-history"><br></div><h2 class="battle-history">Turn 6</h2><div class="spacer battle-history"><br></div><div class="battle-history"><small>Vésuve's Cameruptite is reacting to Solgaleo28's Mega Bracelet!</small><br>Vésuve has Mega Evolved into Mega Camerupt!<br></div><div class="spacer battle-history"><br></div><div class="battle-history">The opposing Braviary used <strong>Bulk Up</strong>!<br></div><div class="battle-history"><small>The opposing Braviary's Attack rose!</small><br></div><div class="battle-history"><small>The opposing Braviary's Defense rose!</small><br></div><div class="spacer battle-history"><br></div><div class="battle-history">Vésuve used <strong>Ancient Power</strong>!<br></div><div class="battle-history"><small>It's super effective!</small><br></div><div class="battle-history"><small>(The opposing Braviary lost <abbr title="−184/404">45.5%</abbr> of its health!)</small><br></div><div class="spacer battle-history"><br></div><div class="battle-history"><small>The opposing Braviary restored a little HP using its Leftovers!</small><br></div><div class="spacer battle-history"><br></div><h2 class="battle-history">Turn 7</h2><div class="spacer battle-history"><br></div><div class="battle-history">The opposing Braviary used <strong>Bulk Up</strong>!<br></div><div class="battle-history"><small>The opposing Braviary's Attack rose!</small><br></div><div class="battle-history"><small>The opposing Braviary's Defense rose!</small><br></div><div class="spacer battle-history"><br></div><div class="battle-history">Vésuve used <strong>Fire Blast</strong>!<br></div><div class="battle-history"><small>(The opposing Braviary lost <abbr title="−245/404">60.6%</abbr> of its health!)</small><br></div><div class="spacer battle-history"><br></div><div class="battle-history">The opposing Braviary fainted!<br></div><div class="spacer battle-history"><br></div><div class="battle-history">Grumeaux Alola sent out <strong>Houndoom</strong>!<br></div><div class="spacer battle-history"><br></div><h2 class="battle-history">Turn 8</h2><div class="spacer battle-history"><br></div><div class="battle-history">The opposing Houndoom used <strong>Dark Pulse</strong>!<br></div><div class="battle-history"><small>(Vésuve lost <abbr title="−169/338">50%</abbr> of its health!)</small><br></div><div class="battle-history"><small>The opposing Houndoom lost some of its HP!</small><br></div><div class="spacer battle-history"><br></div><div class="battle-history">Vésuve used <strong>Earth Power</strong>!<br></div><div class="battle-history"><small>It's super effective!</small><br></div><div class="battle-history"><small>(The opposing Houndoom lost <abbr title="−233/291">80.1%</abbr> of its health!)</small><br></div><div class="spacer battle-history"><br></div><div class="battle-history">The opposing Houndoom fainted!<br></div><div class="spacer battle-history"><br></div><div class="battle-history">Grumeaux Alola sent out <strong>Glalie</strong>!<br></div><div class="spacer battle-history"><br></div><h2 class="battle-history">Turn 9</h2><div class="spacer battle-history"><br></div><div class="battle-history"><small>The opposing Glalie's Glalitite is reacting to Grumeaux Alola's Mega Bracelet!</small><br>The opposing Glalie has Mega Evolved into Mega Glalie!<br></div><div class="spacer battle-history"><br></div><div class="battle-history">The opposing Glalie used <strong>Earthquake</strong>!<br></div><div class="battle-history"><small>It's super effective!</small><br></div><div class="battle-history"><small>(Vésuve lost <abbr title="−127/338">37.6%</abbr> of its health!)</small><br></div><div class="spacer battle-history"><br></div><div class="battle-history">Vésuve fainted!<br></div><div class="spacer battle-history"><br></div><div class="battle-history">Go! Manuel Valls (<strong>Hitmonlee</strong>)!<br></div><div class="battle-history"><small>Pointed stones dug into Manuel Valls!</small><br></div><div class="spacer battle-history"><br></div><h2 class="battle-history">Turn 10</h2><div class="spacer battle-history"><br></div><div class="battle-history">Grumeaux Alola withdrew Glalie!<br></div><div class="battle-history">Grumeaux Alola sent out <strong>Aromatisse</strong>!<br></div><div class="spacer battle-history"><br></div><div class="battle-history">Manuel Valls used <strong>Endure</strong>!<br></div><div class="spacer battle-history"><br></div><h2 class="battle-history">Turn 11</h2><div class="spacer battle-history"><br></div><div class="battle-history">Manuel Valls, come back!<br></div><div class="battle-history">Go! E. Macron (<strong>Braviary</strong>)!<br></div><div class="battle-history"><small>Pointed stones dug into E. Macron!</small><br></div><div class="spacer battle-history"><br></div><div class="battle-history">The opposing Aromatisse used <strong>Wish</strong>!<br></div><div class="spacer battle-history"><br></div><div class="battle-history"><small>E. Macron restored a little HP using its Leftovers!</small><br></div><div class="spacer battle-history"><br></div><h2 class="battle-history">Turn 12</h2><div class="spacer battle-history"><br></div><div class="battle-history">Grumeaux Alola withdrew Aromatisse!<br></div><div class="battle-history">Grumeaux Alola sent out Glalie (<strong>Glalie-Mega</strong>)!<br></div><div class="spacer battle-history"><br></div><div class="battle-history">E. Macron used <strong>Bulk Up</strong>!<br></div><div class="battle-history"><small>E. Macron's Attack rose!</small><br></div><div class="battle-history"><small>E. Macron's Defense rose!</small><br></div><div class="spacer battle-history"><br></div><div class="battle-history"><small>E. Macron restored a little HP using its Leftovers!</small><br></div><div class="spacer battle-history"><br></div><h2 class="battle-history">Turn 13</h2><div class="spacer battle-history"><br></div><div class="battle-history">The opposing Glalie used <strong>Double-Edge</strong>!<br></div><div class="battle-history"><small>It's super effective!</small><br></div><div class="battle-history"><small>(E. Macron lost <abbr title="−353/403">87.6%</abbr> of its health!)</small><br></div><div class="battle-history"><small>The opposing Glalie is damaged by the recoil!</small><br></div><div class="spacer battle-history"><br></div><div class="battle-history">E. Macron fainted!<br></div><div class="spacer battle-history"><br></div><div class="battle-history">Go! Manuel Valls (<strong>Hitmonlee</strong>)!<br></div><div class="battle-history"><small>Pointed stones dug into Manuel Valls!</small><br></div><div class="spacer battle-history"><br></div><h2 class="battle-history">Turn 14</h2><div class="spacer battle-history"><br></div><div class="battle-history">Grumeaux Alola withdrew Glalie!<br></div><div class="battle-history">Grumeaux Alola sent out <strong>Aromatisse</strong>!<br></div><div class="spacer battle-history"><br></div><div class="battle-history">Manuel Valls used <strong>Endure</strong>!<br></div><div class="spacer battle-history"><br></div><h2 class="battle-history">Turn 15</h2><div class="spacer battle-history"><br></div><div class="battle-history">Manuel Valls, come back!<br></div><div class="battle-history">Go! M. El Connerie (<strong>Jellicent</strong>)!<br></div><div class="battle-history"><small>Pointed stones dug into M. El Connerie!</small><br></div><div class="spacer battle-history"><br></div><div class="battle-history">The opposing Aromatisse used <strong>Wish</strong>!<br></div><div class="spacer battle-history"><br></div><div class="battle-history"><small>M. El Connerie restored a little HP using its Leftovers!</small><br></div><div class="spacer battle-history"><br></div><h2 class="battle-history">Turn 16</h2><div class="spacer battle-history"><br></div><div class="battle-history">Grumeaux Alola withdrew Aromatisse!<br></div><div class="battle-history">Grumeaux Alola sent out <strong>Registeel</strong>!<br></div><div class="spacer battle-history"><br></div><div class="battle-history">M. El Connerie used <strong>Taunt</strong>!<br></div><div class="battle-history"><small>The opposing Registeel fell for the taunt!</small><br></div><div class="spacer battle-history"><br></div><div class="battle-history"><small>Aromatisse's wish came true!</small><br></div><div class="battle-history"><small>M. El Connerie restored a little HP using its Leftovers!</small><br></div><div class="spacer battle-history"><br></div><h2 class="battle-history">Turn 17</h2><div class="spacer battle-history"><br></div><div class="battle-history">Grumeaux Alola withdrew Registeel!<br></div><div class="battle-history">Grumeaux Alola sent out <strong>Rotom</strong>!<br></div><div class="spacer battle-history"><br></div><div class="battle-history">M. El Connerie used <strong>Scald</strong>!<br></div><div class="battle-history"><small>(The opposing Rotom lost <abbr title="−103/304">33.9%</abbr> of its health!)</small><br></div><div class="battle-history"><small>The opposing Rotom was burned!</small><br></div><div class="spacer battle-history"><br></div><div class="battle-history"><small>The opposing Rotom restored a little HP using its Leftovers!</small><br></div><div class="battle-history"><small>The opposing Rotom was hurt by its burn!</small><br></div><div class="spacer battle-history"><br></div><h2 class="battle-history">Turn 18</h2><div class="spacer battle-history"><br></div><div class="battle-history">The opposing Rotom used <strong>Substitute</strong>!<br></div><div class="battle-history"><small>The opposing Rotom put in a substitute!</small><br></div><div class="battle-history"><small>(The opposing Rotom lost <abbr title="−76/304">25%</abbr> of its health!)</small><br></div><div class="spacer battle-history"><br></div><div class="battle-history">M. El Connerie used <strong>Taunt</strong>!<br></div><div class="battle-history"><small>The opposing Rotom fell for the taunt!</small><br></div><div class="spacer battle-history"><br></div><div class="battle-history"><small>The opposing Rotom restored a little HP using its Leftovers!</small><br></div><div class="battle-history"><small>The opposing Rotom was hurt by its burn!</small><br></div><div class="spacer battle-history"><br></div><h2 class="battle-history">Turn 19</h2><div class="spacer battle-history"><br></div><div class="battle-history">The opposing Rotom used <strong>Discharge</strong>!<br></div><div class="battle-history"><small>It's super effective!</small><br></div><div class="battle-history"><small>(M. El Connerie lost <abbr title="−176/403">43.7%</abbr> of its health!)</small><br></div><div class="battle-history"><small>M. El Connerie is paralyzed! It may be unable to move!</small><br></div><div class="spacer battle-history"><br></div><div class="battle-history">M. El Connerie used <strong>Scald</strong>!<br></div><div class="battle-history"><small>A critical hit!</small><br></div><div class="battle-history"><small>The opposing Rotom's substitute faded!</small><br></div><div class="spacer battle-history"><br></div><div class="battle-history"><small>The opposing Rotom restored a little HP using its Leftovers!</small><br></div><div class="battle-history"><small>M. El Connerie restored a little HP using its Leftovers!</small><br></div><div class="battle-history"><small>The opposing Rotom was hurt by its burn!</small><br></div><div class="spacer battle-history"><br></div><h2 class="battle-history">Turn 20</h2><div class="chat chatmessage-grumeauxalola"><strong style="color:hsl(288,63%,47%)"><small>★</small><span class="username" data-name="Grumeaux Alola">Grumeaux Alola</span>:</strong> <em>dsl</em></div><div class="spacer battle-history"><br></div><div class="battle-history">The opposing Rotom used <strong>Discharge</strong>!<br></div><div class="battle-history"><small>It's super effective!</small><br></div><div class="battle-history"><small>(M. El Connerie lost <abbr title="−182/403">45.2%</abbr> of its health!)</small><br></div><div class="spacer battle-history"><br></div><div class="battle-history">M. El Connerie used <strong>Scald</strong>!<br></div><div class="battle-history"><small>(The opposing Rotom lost <abbr title="−68/304">22.4%</abbr> of its health!)</small><br></div><div class="spacer battle-history"><br></div><div class="battle-history">The opposing Rotom fainted!<br></div><div class="spacer battle-history"><br></div><div class="battle-history"><small>M. El Connerie restored a little HP using its Leftovers!</small><br></div><div class="chat chatmessage-solgaleo28"><strong style="color:hsl(110,60%,41.521783152640005%)"><small>★</small><span class="username" data-name="Solgaleo28">Solgaleo28</span>:</strong> <em>:/</em></div><div class="chat chatmessage-solgaleo28"><strong style="color:hsl(110,60%,41.521783152640005%)"><small>★</small><span class="username" data-name="Solgaleo28">Solgaleo28</span>:</strong> <em>Ouf</em></div><div class="chat chatmessage-grumeauxalola"><strong style="color:hsl(288,63%,47%)"><small>★</small><span class="username" data-name="Grumeaux Alola">Grumeaux Alola</span>:</strong> <em>ca change pas grand chose je pense^^</em></div><div class="chat chatmessage-solgaleo28"><strong style="color:hsl(110,60%,41.521783152640005%)"><small>★</small><span class="username" data-name="Solgaleo28">Solgaleo28</span>:</strong> <em>débarassé</em></div><div class="spacer battle-history"><br></div><div class="battle-history">Grumeaux Alola sent out Glalie (<strong>Glalie-Mega</strong>)!<br></div><div class="spacer battle-history"><br></div><h2 class="battle-history">Turn 21</h2><div class="spacer battle-history"><br></div><div class="battle-history">The opposing Glalie used <strong>Freeze-Dry</strong>!<br></div><div class="battle-history"><small>It's super effective!</small><br></div><div class="battle-history"><small>(M. El Connerie lost <abbr title="−95/403">23.6%</abbr> of its health!)</small><br></div><div class="spacer battle-history"><br></div><div class="battle-history">M. El Connerie fainted!<br></div><div class="spacer battle-history"><br></div><div class="battle-history">Go! <strong>Jolteon</strong>!<br></div><div class="battle-history"><small>Pointed stones dug into Jolteon!</small><br></div><div class="spacer battle-history"><br></div><h2 class="battle-history">Turn 22</h2><div class="spacer battle-history"><br></div><div class="battle-history">Grumeaux Alola withdrew Glalie!<br></div><div class="battle-history">Grumeaux Alola sent out <strong>Registeel</strong>!<br></div><div class="spacer battle-history"><br></div><div class="battle-history">Jolteon used <strong>Thunderbolt</strong>!<br></div><div class="battle-history"><small>(The opposing Registeel lost <abbr title="−109/364">29.9%</abbr> of its health!)</small><br></div><div class="spacer battle-history"><br></div><div class="battle-history"><small>The opposing Registeel restored a little HP using its Leftovers!</small><br></div><div class="spacer battle-history"><br></div><h2 class="battle-history">Turn 23</h2><div class="spacer battle-history"><br></div><div class="battle-history">Jolteon used <strong>Thunderbolt</strong>!<br></div><div class="battle-history"><small>(The opposing Registeel lost <abbr title="−111/364">30.5%</abbr> of its health!)</small><br></div><div class="spacer battle-history"><br></div><div class="battle-history">The opposing Registeel used <strong>Toxic</strong>!<br></div><div class="battle-history"><small>Jolteon was badly poisoned!</small><br></div><div class="spacer battle-history"><br></div><div class="battle-history"><small>The opposing Registeel restored a little HP using its Leftovers!</small><br></div><div class="battle-history"><small>Jolteon was hurt by poison!</small><br></div><div class="spacer battle-history"><br></div><h2 class="battle-history">Turn 24</h2><div class="spacer battle-history"><br></div><div class="battle-history">Jolteon used <strong>Thunderbolt</strong>!<br></div><div class="battle-history"><small>(The opposing Registeel lost <abbr title="−117/364">32.1%</abbr> of its health!)</small><br></div><div class="spacer battle-history"><br></div><div class="battle-history">The opposing Registeel used <strong>Seismic Toss</strong>!<br></div><div class="battle-history"><small>(Jolteon lost <abbr title="−100/271">36.9%</abbr> of its health!)</small><br></div><div class="spacer battle-history"><br></div><div class="battle-history"><small>The opposing Registeel restored a little HP using its Leftovers!</small><br></div><div class="battle-history"><small>Jolteon was hurt by poison!</small><br></div><div class="spacer battle-history"><br></div><h2 class="battle-history">Turn 25</h2><div class="spacer battle-history"><br></div><div class="battle-history">Jolteon used <strong>Thunderbolt</strong>!<br></div><div class="battle-history"><small>(The opposing Registeel lost <abbr title="−93/364">25.5%</abbr> of its health!)</small><br></div><div class="spacer battle-history"><br></div><div class="battle-history">The opposing Registeel fainted!<br></div><div class="spacer battle-history"><br></div><div class="battle-history"><small>Jolteon was hurt by poison!</small><br></div><div class="spacer battle-history"><br></div><div class="battle-history">Grumeaux Alola sent out Glalie (<strong>Glalie-Mega</strong>)!<br></div><div class="spacer battle-history"><br></div><h2 class="battle-history">Turn 26</h2><div class="spacer battle-history"><br></div><div class="battle-history">The opposing Glalie used <strong>Ice Shard</strong>!<br></div><div class="battle-history"><small>(Jolteon lost <abbr title="−42/271">15.5%</abbr> of its health!)</small><br></div><div class="spacer battle-history"><br></div><div class="battle-history">Jolteon fainted!<br></div><div class="spacer battle-history"><br></div><div class="battle-history">Go! Manuel Valls (<strong>Hitmonlee</strong>)!<br></div><div class="battle-history"><small>Pointed stones dug into Manuel Valls!</small><br></div><div class="spacer battle-history"><br></div><h2 class="battle-history">Turn 27</h2><div class="spacer battle-history"><br></div><div class="battle-history">Manuel Valls used <strong>Endure</strong>!<br></div><div class="battle-history"><small>Manuel Valls braced itself!</small><br></div><div class="spacer battle-history"><br></div><div class="battle-history">The opposing Glalie used <strong>Double-Edge</strong>!<br></div><div class="battle-history"><small>Manuel Valls endured the hit!</small><br></div><div class="battle-history"><small>(Manuel Valls lost <abbr title="−195/241">80.9%</abbr> of its health!)</small><br></div><div class="battle-history"><small>The opposing Glalie is damaged by the recoil!</small><br></div><div class="battle-history"><small>Manuel Valls ate its Liechi Berry!</small><br></div><div class="battle-history"><small>Manuel Valls's Attack rose!</small><br></div><div class="spacer battle-history"><br></div><h2 class="battle-history">Turn 28</h2><div class="spacer battle-history"><br></div><div class="battle-history">Manuel Valls used <strong>Mach Punch</strong>!<br></div><div class="battle-history"><small>It's super effective!</small><br></div><div class="battle-history"><small>(The opposing Glalie lost <abbr title="−121/301">40.2%</abbr> of its health!)</small><br></div><div class="spacer battle-history"><br></div><div class="battle-history">The opposing Glalie fainted!<br></div><div class="spacer battle-history"><br></div><div class="battle-history">Grumeaux Alola sent out <strong>Aromatisse</strong>!<br></div><div class="spacer battle-history"><br></div><h2 class="battle-history">Turn 29</h2><div class="spacer battle-history"><br></div><div class="battle-history">Manuel Valls used <strong>Reversal</strong>!<br></div><div class="battle-history"><small>It's not very effective...</small><br></div><div class="battle-history"><small>(The opposing Aromatisse lost <abbr title="−264/406">65.0%</abbr> of its health!)</small><br></div><div class="spacer battle-history"><br></div><div class="battle-history">The opposing Aromatisse used <strong>Moonblast</strong>!<br></div><div class="battle-history"><small>It's super effective!</small><br></div><div class="battle-history"><small>(Manuel Valls lost <abbr title="−1/241">0.4%</abbr> of its health!)</small><br></div><div class="spacer battle-history"><br></div><div class="battle-history">Manuel Valls fainted!<br></div><div class="spacer battle-history"><br></div><div class="battle-history"><strong>Grumeaux Alola</strong> won the battle!<br></div><div class="chat chatmessage-grumeauxalola"><strong style="color:hsl(288,63%,47%)"><small>★</small><span class="username" data-name="Grumeaux Alola">Grumeaux Alola</span>:</strong> <em>gg</em></div><div class="chat chatmessage-solgaleo28"><strong style="color:hsl(110,60%,41.521783152640005%)"><small>★</small><span class="username" data-name="Solgaleo28">Solgaleo28</span>:</strong> <em>gg</em></div></div><div class="inner-preempt"></div></div></div>
</div>
<script>
let daily = Math.floor(Date.now()/1000/60/60/24);document.write('<script src="https://play.pokemonshowdown.com/js/replay-embed.js?version'+daily+'"></'+'script>');
</script>
