<!DOCTYPE html>
<meta charset="utf-8" />
<!-- version 1 -->
<title>RU replay: gorex vs. Wobufet</title>
<style>
html,body {font-family:Verdana, sans-serif;font-size:10pt;margin:0;padding:0;}body{padding:12px 0;} .battle-log {font-family:Verdana, sans-serif;font-size:10pt;} .battle-log-inline {border:1px solid #AAAAAA;background:#EEF2F5;color:black;max-width:640px;margin:0 auto 80px;padding-bottom:5px;} .battle-log .inner {padding:4px 8px 0px 8px;} .battle-log .inner-preempt {padding:0 8px 4px 8px;} .battle-log .inner-after {margin-top:0.5em;} .battle-log h2 {margin:0.5em -8px;padding:4px 8px;border:1px solid #AAAAAA;background:#E0E7EA;border-left:0;border-right:0;font-family:Verdana, sans-serif;font-size:13pt;} .battle-log .chat {vertical-align:middle;padding:3px 0 3px 0;font-size:8pt;} .battle-log .chat strong {color:#40576A;} .battle-log .chat em {padding:1px 4px 1px 3px;color:#000000;font-style:normal;} .chat.mine {background:rgba(0,0,0,0.05);margin-left:-8px;margin-right:-8px;padding-left:8px;padding-right:8px;} .spoiler {color:#BBBBBB;background:#BBBBBB;padding:0px 3px;} .spoiler:hover, .spoiler:active, .spoiler-shown {color:#000000;background:#E2E2E2;padding:0px 3px;} .spoiler a {color:#BBBBBB;} .spoiler:hover a, .spoiler:active a, .spoiler-shown a {color:#2288CC;} .chat code, .chat .spoiler:hover code, .chat .spoiler:active code, .chat .spoiler-shown code {border:1px solid #C0C0C0;background:#EEEEEE;color:black;padding:0 2px;} .chat .spoiler code {border:1px solid #CCCCCC;background:#CCCCCC;color:#CCCCCC;} .battle-log .rated {padding:3px 4px;} .battle-log .rated strong {color:white;background:#89A;padding:1px 4px;border-radius:4px;} .spacer {margin-top:0.5em;} .message-announce {background:#6688AA;color:white;padding:1px 4px 2px;} .message-announce a, .broadcast-green a, .broadcast-blue a, .broadcast-red a {color:#DDEEFF;} .broadcast-green {background-color:#559955;color:white;padding:2px 4px;} .broadcast-blue {background-color:#6688AA;color:white;padding:2px 4px;} .infobox {border:1px solid #6688AA;padding:2px 4px;} .infobox-limited {max-height:200px;overflow:auto;overflow-x:hidden;} .broadcast-red {background-color:#AA5544;color:white;padding:2px 4px;} .message-learn-canlearn {font-weight:bold;color:#228822;text-decoration:underline;} .message-learn-cannotlearn {font-weight:bold;color:#CC2222;text-decoration:underline;} .message-effect-weak {font-weight:bold;color:#CC2222;} .message-effect-resist {font-weight:bold;color:#6688AA;} .message-effect-immune {font-weight:bold;color:#666666;} .message-learn-list {margin-top:0;margin-bottom:0;} .message-throttle-notice, .message-error {color:#992222;} .message-overflow, .chat small.message-overflow {font-size:0pt;} .message-overflow::before {font-size:9pt;content:'...';} .subtle {color:#3A4A66;}
</style>
<div class="wrapper replay-wrapper" style="max-width:1180px;margin:0 auto">
<input type="hidden" name="replayid" value="ru-541148201" />
<div class="battle"></div><div class="battle-log"></div><div class="replay-controls"></div><div class="replay-controls-2"></div>
<h1 style="font-weight:normal;text-align:center"><strong>RU</strong><br /><a href="http://pokemonshowdown.com/users/gorex" class="subtle" target="_blank">gorex</a> vs. <a href="http://pokemonshowdown.com/users/wobufet" class="subtle" target="_blank">Wobufet</a></h1>
<script type="text/plain" class="battle-log-data">|j|gorex
|j|Wobufet
|player|p1|gorex|137
|player|p2|Wobufet|101
|gametype|singles
|gen|6
|tier|RU
|seed|33899,59912,30797,55967
|rule|Sleep Clause Mod: Limit one foe put to sleep
|rule|Species Clause: Limit one of each Pokémon
|rule|OHKO Clause: OHKO moves are banned
|rule|Moody Clause: Moody is banned
|rule|Evasion Moves Clause: Evasion moves are banned
|rule|Endless Battle Clause: Forcing endless battles is banned
|rule|HP Percentage Mod: HP is shown in percentages
|clearpoke
|poke|p1|Scrafty, F|item
|poke|p1|Druddigon, M|item
|poke|p1|Blastoise, M|item
|poke|p1|Torterra, F|item
|poke|p1|Delphox, M|item
|poke|p1|Rotom|item
|poke|p2|Flygon, F|item
|poke|p2|Venusaur, F|item
|poke|p2|Blastoise, M|item
|poke|p2|Spiritomb, M|item
|poke|p2|Medicham, F|item
|poke|p2|Diancie|item
|rule|Swagger Clause: Swagger is banned
|rule|Baton Pass Clause: Limit one Baton Passer, can't pass Spe and other stats simultaneously
|teampreview
|choice|team 2, team 1, team 3, team 4, team 5, team 6|team 6, team 2, team 3, team 4, team 5, team 1
|
|start
|switch|p1a: Druddigon|Druddigon, M|357\/357
|switch|p2a: Diancie|Diancie|303\/303
|turn|1
|choice|move irontail|move moonblast
|
|move|p1a: Druddigon|Iron Tail|p2a: Diancie
|-supereffective|p2a: Diancie
|-damage|p2a: Diancie|0 fnt
|faint|p2a: Diancie
|
|upkeep
|choice||switch 3
|
|switch|p2a: Blastoise|Blastoise, M|361\/361
|turn|2
|choice|move glare|move toxic
|
|move|p2a: Blastoise|Toxic|p1a: Druddigon
|-status|p1a: Druddigon|tox
|move|p1a: Druddigon|Glare|p2a: Blastoise
|-status|p2a: Blastoise|par
|
|-damage|p1a: Druddigon|335\/357 tox|[from] psn
|upkeep
|turn|3
|choice|move stealthrock|move refresh
|
|move|p1a: Druddigon|Stealth Rock|p2a: Blastoise
|-sidestart|p2: Wobufet|move: Stealth Rock
|cant|p2a: Blastoise|par
|
|-damage|p1a: Druddigon|291\/357 tox|[from] psn
|upkeep
|turn|4
|choice|switch 6|move refresh
|
|switch|p1a: Rotom|Rotom|303\/303
|cant|p2a: Blastoise|par
|
|upkeep
|turn|5
|choice|move hex|switch 6
|
|switch|p2a: Flygon|Flygon, F|301\/301
|-damage|p2a: Flygon|283\/301|[from] Stealth Rock
|move|p1a: Rotom|Hex|p2a: Flygon
|-damage|p2a: Flygon|189\/301
|
|upkeep
|turn|6
|l|Wobufet
|player|p2
|j|Wobufet
|player|p2|Wobufet|101
|choice|move willowisp|move outrage
|
|move|p2a: Flygon|Outrage|p1a: Rotom
|-damage|p1a: Rotom|95\/303
|move|p1a: Rotom|Will-O-Wisp|p2a: Flygon
|-status|p2a: Flygon|brn
|
|-heal|p1a: Rotom|113\/303|[from] item: Leftovers
|-damage|p2a: Flygon|152\/301 brn|[from] brn
|upkeep
|turn|7
|choice|move painsplit|move outrage
|
|move|p2a: Flygon|Outrage|p1a: Rotom|[from]lockedmove
|-damage|p1a: Rotom|5\/303
|move|p1a: Rotom|Pain Split|p2a: Flygon
|-sethp|p2a: Flygon|78\/301 brn|p1a: Rotom|78\/303|[from] move: Pain Split
|
|-heal|p1a: Rotom|96\/303|[from] item: Leftovers
|-damage|p2a: Flygon|41\/301 brn|[from] brn
|upkeep
|turn|8
|choice|switch 4|move outrage
|
|switch|p1a: Torterra|Torterra, F|331\/331
|move|p2a: Flygon|Outrage|p1a: Torterra|[from]lockedmove
|-damage|p1a: Torterra|253\/331
|-start|p2a: Flygon|confusion|[fatigue]
|
|-damage|p2a: Flygon|4\/301 brn|[from] brn
|upkeep
|turn|9
|choice|switch 5|move outrage
|
|switch|p1a: Delphox|Delphox, M|291\/291
|-activate|p2a: Flygon|confusion
|move|p2a: Flygon|Outrage|p1a: Delphox
|-damage|p1a: Delphox|181\/291
|
|-damage|p2a: Flygon|0 fnt|[from] brn
|upkeep
|faint|p2a: Flygon
|choice||switch 4
|
|switch|p2a: Spiritomb|Spiritomb, M|299\/299
|-damage|p2a: Spiritomb|262\/299|[from] Stealth Rock
|turn|10
|choice|move fireblast|move pursuit
|
|move|p1a: Delphox|Fire Blast|p2a: Spiritomb
|-damage|p2a: Spiritomb|51\/299
|-damage|p1a: Delphox|152\/291|[from] item: Life Orb
|move|p2a: Spiritomb|Pursuit|p1a: Delphox
|-supereffective|p1a: Delphox
|-damage|p1a: Delphox|0 fnt
|faint|p1a: Delphox
|
|upkeep
|choice|switch 2|
|
|switch|p1a: Scrafty|Scrafty, F|271\/271
|turn|11
|choice|move dragondance|move willowisp
|
|move|p1a: Scrafty|Dragon Dance|p1a: Scrafty
|-boost|p1a: Scrafty|atk|1
|-boost|p1a: Scrafty|spe|1
|move|p2a: Spiritomb|Will-O-Wisp|p1a: Scrafty
|-status|p1a: Scrafty|brn
|
|-damage|p1a: Scrafty|238\/271 brn|[from] brn
|upkeep
|turn|12
|choice|move dragondance|move taunt
|
|move|p1a: Scrafty|Dragon Dance|p1a: Scrafty
|-boost|p1a: Scrafty|atk|1
|-boost|p1a: Scrafty|spe|1
|move|p2a: Spiritomb|Taunt|p1a: Scrafty
|-start|p1a: Scrafty|move: Taunt
|
|-heal|p1a: Scrafty|254\/271 brn|[from] item: Leftovers
|-damage|p1a: Scrafty|221\/271 brn|[from] brn
|upkeep
|turn|13
|choice|move knockoff|move suckerpunch
|
|move|p2a: Spiritomb|Sucker Punch|p1a: Scrafty
|-resisted|p1a: Scrafty
|-damage|p1a: Scrafty|190\/271 brn
|move|p1a: Scrafty|Knock Off|p2a: Spiritomb
|-damage|p2a: Spiritomb|0 fnt
|-enditem|p2a: Spiritomb|Black Glasses|[from] move: Knock Off|[of] p1a: Scrafty
|faint|p2a: Spiritomb
|
|-heal|p1a: Scrafty|206\/271 brn|[from] item: Leftovers
|-damage|p1a: Scrafty|173\/271 brn|[from] brn
|upkeep
|choice||switch 6
|
|switch|p2a: Blastoise|Blastoise, M|361\/361 par
|-damage|p2a: Blastoise|316\/361 par|[from] Stealth Rock
|turn|14
|choice|move knockoff|move refresh
|
|move|p1a: Scrafty|Knock Off|p2a: Blastoise
|-damage|p2a: Blastoise|212\/361 par
|-enditem|p2a: Blastoise|Leftovers|[from] move: Knock Off|[of] p1a: Scrafty
|move|p2a: Blastoise|Refresh|p2a: Blastoise
|-curestatus|p2a: Blastoise|par|[msg]
|
|-heal|p1a: Scrafty|189\/271 brn|[from] item: Leftovers
|-damage|p1a: Scrafty|156\/271 brn|[from] brn
|upkeep
|turn|15
|choice|move highjumpkick|move scald
|
|move|p1a: Scrafty|High Jump Kick|p2a: Blastoise
|-damage|p2a: Blastoise|86\/361
|move|p2a: Blastoise|Scald|p1a: Scrafty
|-damage|p1a: Scrafty|42\/271 brn
|
|-heal|p1a: Scrafty|58\/271 brn|[from] item: Leftovers
|-damage|p1a: Scrafty|25\/271 brn|[from] brn
|-end|p1a: Scrafty|move: Taunt
|upkeep
|turn|16
|choice|move rest|move scald
|
|move|p1a: Scrafty|Rest|p1a: Scrafty
|-status|p1a: Scrafty|slp
|-heal|p1a: Scrafty|271\/271 slp|[silent]
|-status|p1a: Scrafty|slp|[from] move: Rest
|move|p2a: Blastoise|Scald|p1a: Scrafty
|-damage|p1a: Scrafty|159\/271 slp
|
|-heal|p1a: Scrafty|175\/271 slp|[from] item: Leftovers
|upkeep
|turn|17
|choice|move knockoff|move scald
|
|cant|p1a: Scrafty|slp
|move|p2a: Blastoise|Scald|p1a: Scrafty
|-damage|p1a: Scrafty|75\/271 slp
|
|-heal|p1a: Scrafty|91\/271 slp|[from] item: Leftovers
|upkeep
|turn|18
|choice|move highjumpkick|move scald
|
|cant|p1a: Scrafty|slp
|move|p2a: Blastoise|Scald|p1a: Scrafty
|-damage|p1a: Scrafty|0 fnt
|faint|p1a: Scrafty
|
|upkeep
|choice|switch 5|
|
|switch|p1a: Torterra|Torterra, F|253\/331
|turn|19
|choice|move earthquake|move toxic
|
|move|p1a: Torterra|Earthquake|p2a: Blastoise
|-damage|p2a: Blastoise|0 fnt
|faint|p2a: Blastoise
|
|upkeep
|choice||switch 2
|
|switch|p2a: Venusaur|Venusaur, F|301\/301
|-damage|p2a: Venusaur|264\/301|[from] Stealth Rock
|turn|20
|choice|move earthquake|move sludgebomb
|
|move|p2a: Venusaur|Sludge Bomb|p1a: Torterra
|-damage|p1a: Torterra|49\/331
|-damage|p2a: Venusaur|234\/301|[from] item: Life Orb
|move|p1a: Torterra|Earthquake|p2a: Venusaur
|-crit|p2a: Venusaur
|-damage|p2a: Venusaur|0 fnt
|faint|p2a: Venusaur
|
|upkeep
|choice||switch 5
|
|switch|p2a: Medicham|Medicham, F|261\/261
|-damage|p2a: Medicham|245\/261|[from] Stealth Rock
|turn|21
|choice|move earthquake|move zenheadbutt
|
|move|p2a: Medicham|Zen Headbutt|p1a: Torterra
|-damage|p1a: Torterra|0 fnt
|-damage|p2a: Medicham|219\/261|[from] item: Life Orb
|faint|p1a: Torterra
|
|upkeep
|choice|switch 6|
|
|switch|p1a: Druddigon|Druddigon, M|291\/357 tox
|turn|22
|choice|move glare|move zenheadbutt
|
|move|p2a: Medicham|Zen Headbutt|p1a: Druddigon
|-damage|p1a: Druddigon|52\/357 tox
|-damage|p2a: Medicham|187\/261|[from] ability: Rough Skin|[of] p1a: Druddigon
|-damage|p2a: Medicham|144\/261|[from] item: Rocky Helmet|[of] p1a: Druddigon
|-damage|p2a: Medicham|118\/261|[from] item: Life Orb
|move|p1a: Druddigon|Glare|p2a: Medicham
|-status|p2a: Medicham|par
|
|-damage|p1a: Druddigon|30\/357 tox|[from] psn
|upkeep
|turn|23
|choice|move dragonclaw|move zenheadbutt
|
|move|p1a: Druddigon|Dragon Claw|p2a: Medicham
|-damage|p2a: Medicham|0 fnt
|faint|p2a: Medicham
|
|win|gorex
|player|p1
|player|p2
|c|☆Wobufet|gg
|l|gorex
|l|Wobufet
|j|gorex</script>
</div>
<div class="battle-log battle-log-inline"><div class="inner"><div class="battle-options"></div><div class="inner"><div class="chat"><small>gorex joined.</small></div><div class="chat"><small>Wobufet joined.</small></div><div class=""><small>Format:</small> <br><strong>RU</strong></div><div class=""><small><em>Sleep Clause Mod:</em> Limit one foe put to sleep</small></div><div class=""><small><em>Species Clause:</em> Limit one of each Pokémon</small></div><div class=""><small><em>OHKO Clause:</em> OHKO moves are banned</small></div><div class=""><small><em>Moody Clause:</em> Moody is banned</small></div><div class=""><small><em>Evasion Moves Clause:</em> Evasion moves are banned</small></div><div class=""><small><em>Endless Battle Clause:</em> Forcing endless battles is banned</small></div><div class=""><small><em>HP Percentage Mod:</em> HP is shown in percentages</small></div><div class=""><small><em>Swagger Clause:</em> Swagger is banned</small></div><div class=""><small><em>Baton Pass Clause:</em> Limit one Baton Passer, can't pass Spe and other stats simultaneously</small></div><div class="chat battle-history"><strong>gorex's team:</strong> <em style="color:#445566;display:block;">Scrafty / Druddigon / Blastoise / Torterra / Delphox / Rotom</em></div><div class="chat battle-history"><strong>Wobufet's team:</strong> <em style="color:#445566;display:block;">Flygon / Venusaur / Blastoise / Spiritomb / Medicham / Diancie</em></div><div class="spacer battle-history"><br></div><div class="battle-history">Battle started between gorex and Wobufet!<br></div><div class="spacer battle-history"><br></div><div class="battle-history">Go! <strong>Druddigon</strong>!<br></div><div class="spacer battle-history"><br></div><div class="battle-history">Wobufet sent out <strong>Diancie</strong>!<br></div><div class="spacer battle-history"><br></div><h2 class="battle-history">Turn 1</h2><div class="spacer battle-history"><br></div><div class="battle-history">Druddigon used <strong>Iron Tail</strong>!<br></div><div class="battle-history"><small>It's super effective!</small><br></div><div class="battle-history"><small>(The opposing Diancie lost <abbr title="−303/303">100%</abbr> of its health!)</small><br></div><div class="spacer battle-history"><br></div><div class="battle-history">The opposing Diancie fainted!<br></div><div class="spacer battle-history"><br></div><div class="battle-history">Wobufet sent out <strong>Blastoise</strong>!<br></div><div class="spacer battle-history"><br></div><h2 class="battle-history">Turn 2</h2><div class="spacer battle-history"><br></div><div class="battle-history">The opposing Blastoise used <strong>Toxic</strong>!<br></div><div class="battle-history"><small>Druddigon was badly poisoned!</small><br></div><div class="spacer battle-history"><br></div><div class="battle-history">Druddigon used <strong>Glare</strong>!<br></div><div class="battle-history"><small>The opposing Blastoise is paralyzed! It may be unable to move!</small><br></div><div class="spacer battle-history"><br></div><div class="battle-history"><small>Druddigon was hurt by poison!</small><br></div><div class="spacer battle-history"><br></div><h2 class="battle-history">Turn 3</h2><div class="spacer battle-history"><br></div><div class="battle-history">Druddigon used <strong>Stealth Rock</strong>!<br></div><div class="battle-history"><small>Pointed stones float in the air around the opposing team!</small><br></div><div class="spacer battle-history"><br></div><div class="battle-history">The opposing Blastoise is paralyzed! It can't move!<br></div><div class="spacer battle-history"><br></div><div class="battle-history"><small>Druddigon was hurt by poison!</small><br></div><div class="spacer battle-history"><br></div><h2 class="battle-history">Turn 4</h2><div class="spacer battle-history"><br></div><div class="battle-history">Druddigon, come back!<br></div><div class="battle-history">Go! <strong>Rotom</strong>!<br></div><div class="spacer battle-history"><br></div><div class="battle-history">The opposing Blastoise is paralyzed! It can't move!<br></div><div class="spacer battle-history"><br></div><h2 class="battle-history">Turn 5</h2><div class="spacer battle-history"><br></div><div class="battle-history">Wobufet withdrew Blastoise!<br></div><div class="battle-history">Wobufet sent out <strong>Flygon</strong>!<br></div><div class="battle-history"><small>Pointed stones dug into the opposing Flygon!</small><br></div><div class="spacer battle-history"><br></div><div class="battle-history">Rotom used <strong>Hex</strong>!<br></div><div class="battle-history"><small>(The opposing Flygon lost <abbr title="−94/301">31.2%</abbr> of its health!)</small><br></div><div class="spacer battle-history"><br></div><h2 class="battle-history">Turn 6</h2><div class="chat"><small>Wobufet left.</small></div><div class="chat"><small>Wobufet joined.</small></div><div class="spacer battle-history"><br></div><div class="battle-history">The opposing Flygon used <strong>Outrage</strong>!<br></div><div class="battle-history"><small>(Rotom lost <abbr title="−208/303">68.6%</abbr> of its health!)</small><br></div><div class="spacer battle-history"><br></div><div class="battle-history">Rotom used <strong>Will-O-Wisp</strong>!<br></div><div class="battle-history"><small>The opposing Flygon was burned!</small><br></div><div class="spacer battle-history"><br></div><div class="battle-history"><small>Rotom restored a little HP using its Leftovers!</small><br></div><div class="battle-history"><small>The opposing Flygon was hurt by its burn!</small><br></div><div class="spacer battle-history"><br></div><h2 class="battle-history">Turn 7</h2><div class="spacer battle-history"><br></div><div class="battle-history">The opposing Flygon used <strong>Outrage</strong>!<br></div><div class="battle-history"><small>(Rotom lost <abbr title="−108/303">35.6%</abbr> of its health!)</small><br></div><div class="spacer battle-history"><br></div><div class="battle-history">Rotom used <strong>Pain Split</strong>!<br></div><div class="battle-history"><small>The battlers shared their pain!</small><br></div><div class="spacer battle-history"><br></div><div class="battle-history"><small>Rotom restored a little HP using its Leftovers!</small><br></div><div class="battle-history"><small>The opposing Flygon was hurt by its burn!</small><br></div><div class="spacer battle-history"><br></div><h2 class="battle-history">Turn 8</h2><div class="spacer battle-history"><br></div><div class="battle-history">Rotom, come back!<br></div><div class="battle-history">Go! <strong>Torterra</strong>!<br></div><div class="spacer battle-history"><br></div><div class="battle-history">The opposing Flygon used <strong>Outrage</strong>!<br></div><div class="battle-history"><small>(Torterra lost <abbr title="−78/331">23.6%</abbr> of its health!)</small><br></div><div class="battle-history"><small>The opposing Flygon became confused due to fatigue!</small><br></div><div class="spacer battle-history"><br></div><div class="battle-history"><small>The opposing Flygon was hurt by its burn!</small><br></div><div class="spacer battle-history"><br></div><h2 class="battle-history">Turn 9</h2><div class="spacer battle-history"><br></div><div class="battle-history">Torterra, come back!<br></div><div class="battle-history">Go! <strong>Delphox</strong>!<br></div><div class="spacer battle-history"><br></div><div class="battle-history"><small>The opposing Flygon is confused!</small><br></div><div class="battle-history">The opposing Flygon used <strong>Outrage</strong>!<br></div><div class="battle-history"><small>(Delphox lost <abbr title="−110/291">37.8%</abbr> of its health!)</small><br></div><div class="spacer battle-history"><br></div><div class="battle-history"><small>The opposing Flygon was hurt by its burn!</small><br></div><div class="spacer battle-history"><br></div><div class="battle-history">The opposing Flygon fainted!<br></div><div class="spacer battle-history"><br></div><div class="battle-history">Wobufet sent out <strong>Spiritomb</strong>!<br></div><div class="battle-history"><small>Pointed stones dug into the opposing Spiritomb!</small><br></div><div class="spacer battle-history"><br></div><h2 class="battle-history">Turn 10</h2><div class="spacer battle-history"><br></div><div class="battle-history">Delphox used <strong>Fire Blast</strong>!<br></div><div class="battle-history"><small>(The opposing Spiritomb lost <abbr title="−211/299">70.6%</abbr> of its health!)</small><br></div><div class="battle-history"><small>Delphox lost some of its HP!</small><br></div><div class="spacer battle-history"><br></div><div class="battle-history">The opposing Spiritomb used <strong>Pursuit</strong>!<br></div><div class="battle-history"><small>It's super effective!</small><br></div><div class="battle-history"><small>(Delphox lost <abbr title="−152/291">52.2%</abbr> of its health!)</small><br></div><div class="spacer battle-history"><br></div><div class="battle-history">Delphox fainted!<br></div><div class="spacer battle-history"><br></div><div class="battle-history">Go! <strong>Scrafty</strong>!<br></div><div class="spacer battle-history"><br></div><h2 class="battle-history">Turn 11</h2><div class="spacer battle-history"><br></div><div class="battle-history">Scrafty used <strong>Dragon Dance</strong>!<br></div><div class="battle-history"><small>Scrafty's Attack rose!</small><br></div><div class="battle-history"><small>Scrafty's Speed rose!</small><br></div><div class="spacer battle-history"><br></div><div class="battle-history">The opposing Spiritomb used <strong>Will-O-Wisp</strong>!<br></div><div class="battle-history"><small>Scrafty was burned!</small><br></div><div class="spacer battle-history"><br></div><div class="battle-history"><small>Scrafty was hurt by its burn!</small><br></div><div class="spacer battle-history"><br></div><h2 class="battle-history">Turn 12</h2><div class="spacer battle-history"><br></div><div class="battle-history">Scrafty used <strong>Dragon Dance</strong>!<br></div><div class="battle-history"><small>Scrafty's Attack rose!</small><br></div><div class="battle-history"><small>Scrafty's Speed rose!</small><br></div><div class="spacer battle-history"><br></div><div class="battle-history">The opposing Spiritomb used <strong>Taunt</strong>!<br></div><div class="battle-history"><small>Scrafty fell for the taunt!</small><br></div><div class="spacer battle-history"><br></div><div class="battle-history"><small>Scrafty restored a little HP using its Leftovers!</small><br></div><div class="battle-history"><small>Scrafty was hurt by its burn!</small><br></div><div class="spacer battle-history"><br></div><h2 class="battle-history">Turn 13</h2><div class="spacer battle-history"><br></div><div class="battle-history">The opposing Spiritomb used <strong>Sucker Punch</strong>!<br></div><div class="battle-history"><small>It's not very effective...</small><br></div><div class="battle-history"><small>(Scrafty lost <abbr title="−31/271">11.4%</abbr> of its health!)</small><br></div><div class="spacer battle-history"><br></div><div class="battle-history">Scrafty used <strong>Knock Off</strong>!<br></div><div class="battle-history"><small>(The opposing Spiritomb lost <abbr title="−51/299">17.1%</abbr> of its health!)</small><br></div><div class="battle-history"><small>Scrafty knocked off the opposing Spiritomb's Black Glasses!</small><br></div><div class="spacer battle-history"><br></div><div class="battle-history">The opposing Spiritomb fainted!<br></div><div class="spacer battle-history"><br></div><div class="battle-history"><small>Scrafty restored a little HP using its Leftovers!</small><br></div><div class="battle-history"><small>Scrafty was hurt by its burn!</small><br></div><div class="spacer battle-history"><br></div><div class="battle-history">Wobufet sent out <strong>Blastoise</strong>!<br></div><div class="battle-history"><small>Pointed stones dug into the opposing Blastoise!</small><br></div><div class="spacer battle-history"><br></div><h2 class="battle-history">Turn 14</h2><div class="spacer battle-history"><br></div><div class="battle-history">Scrafty used <strong>Knock Off</strong>!<br></div><div class="battle-history"><small>(The opposing Blastoise lost <abbr title="−104/361">28.8%</abbr> of its health!)</small><br></div><div class="battle-history"><small>Scrafty knocked off the opposing Blastoise's Leftovers!</small><br></div><div class="spacer battle-history"><br></div><div class="battle-history">The opposing Blastoise used <strong>Refresh</strong>!<br></div><div class="battle-history"><small>The opposing Blastoise was cured of paralysis.</small><br></div><div class="spacer battle-history"><br></div><div class="battle-history"><small>Scrafty restored a little HP using its Leftovers!</small><br></div><div class="battle-history"><small>Scrafty was hurt by its burn!</small><br></div><div class="spacer battle-history"><br></div><h2 class="battle-history">Turn 15</h2><div class="spacer battle-history"><br></div><div class="battle-history">Scrafty used <strong>High Jump Kick</strong>!<br></div><div class="battle-history"><small>(The opposing Blastoise lost <abbr title="−126/361">34.9%</abbr> of its health!)</small><br></div><div class="spacer battle-history"><br></div><div class="battle-history">The opposing Blastoise used <strong>Scald</strong>!<br></div><div class="battle-history"><small>(Scrafty lost <abbr title="−114/271">42.1%</abbr> of its health!)</small><br></div><div class="spacer battle-history"><br></div><div class="battle-history"><small>Scrafty restored a little HP using its Leftovers!</small><br></div><div class="battle-history"><small>Scrafty was hurt by its burn!</small><br></div><div class="battle-history"><small>Scrafty's taunt wore off!</small><br></div><div class="spacer battle-history"><br></div><h2 class="battle-history">Turn 16</h2><div class="spacer battle-history"><br></div><div class="battle-history">Scrafty used <strong>Rest</strong>!<br></div><div class="battle-history"><small>Scrafty fell asleep!</small><br></div><div class="battle-history"><small>Scrafty slept and became healthy!</small><br></div><div class="spacer battle-history"><br></div><div class="battle-history">The opposing Blastoise used <strong>Scald</strong>!<br></div><div class="battle-history"><small>(Scrafty lost <abbr title="−112/271">41.3%</abbr> of its health!)</small><br></div><div class="spacer battle-history"><br></div><div class="battle-history"><small>Scrafty restored a little HP using its Leftovers!</small><br></div><div class="spacer battle-history"><br></div><h2 class="battle-history">Turn 17</h2><div class="spacer battle-history"><br></div><div class="battle-history">Scrafty is fast asleep.<br></div><div class="spacer battle-history"><br></div><div class="battle-history">The opposing Blastoise used <strong>Scald</strong>!<br></div><div class="battle-history"><small>(Scrafty lost <abbr title="−100/271">36.9%</abbr> of its health!)</small><br></div><div class="spacer battle-history"><br></div><div class="battle-history"><small>Scrafty restored a little HP using its Leftovers!</small><br></div><div class="spacer battle-history"><br></div><h2 class="battle-history">Turn 18</h2><div class="spacer battle-history"><br></div><div class="battle-history">Scrafty is fast asleep.<br></div><div class="spacer battle-history"><br></div><div class="battle-history">The opposing Blastoise used <strong>Scald</strong>!<br></div><div class="battle-history"><small>(Scrafty lost <abbr title="−91/271">33.6%</abbr> of its health!)</small><br></div><div class="spacer battle-history"><br></div><div class="battle-history">Scrafty fainted!<br></div><div class="spacer battle-history"><br></div><div class="battle-history">Go! <strong>Torterra</strong>!<br></div><div class="spacer battle-history"><br></div><h2 class="battle-history">Turn 19</h2><div class="spacer battle-history"><br></div><div class="battle-history">Torterra used <strong>Earthquake</strong>!<br></div><div class="battle-history"><small>(The opposing Blastoise lost <abbr title="−86/361">23.8%</abbr> of its health!)</small><br></div><div class="spacer battle-history"><br></div><div class="battle-history">The opposing Blastoise fainted!<br></div><div class="spacer battle-history"><br></div><div class="battle-history">Wobufet sent out <strong>Venusaur</strong>!<br></div><div class="battle-history"><small>Pointed stones dug into the opposing Venusaur!</small><br></div><div class="spacer battle-history"><br></div><h2 class="battle-history">Turn 20</h2><div class="spacer battle-history"><br></div><div class="battle-history">The opposing Venusaur used <strong>Sludge Bomb</strong>!<br></div><div class="battle-history"><small>(Torterra lost <abbr title="−204/331">61.6%</abbr> of its health!)</small><br></div><div class="battle-history"><small>The opposing Venusaur lost some of its HP!</small><br></div><div class="spacer battle-history"><br></div><div class="battle-history">Torterra used <strong>Earthquake</strong>!<br></div><div class="battle-history"><small>A critical hit!</small><br></div><div class="battle-history"><small>(The opposing Venusaur lost <abbr title="−234/301">77.7%</abbr> of its health!)</small><br></div><div class="spacer battle-history"><br></div><div class="battle-history">The opposing Venusaur fainted!<br></div><div class="spacer battle-history"><br></div><div class="battle-history">Wobufet sent out <strong>Medicham</strong>!<br></div><div class="battle-history"><small>Pointed stones dug into the opposing Medicham!</small><br></div><div class="spacer battle-history"><br></div><h2 class="battle-history">Turn 21</h2><div class="spacer battle-history"><br></div><div class="battle-history">The opposing Medicham used <strong>Zen Headbutt</strong>!<br></div><div class="battle-history"><small>(Torterra lost <abbr title="−49/331">14.8%</abbr> of its health!)</small><br></div><div class="battle-history"><small>The opposing Medicham lost some of its HP!</small><br></div><div class="spacer battle-history"><br></div><div class="battle-history">Torterra fainted!<br></div><div class="spacer battle-history"><br></div><div class="battle-history">Go! <strong>Druddigon</strong>!<br></div><div class="spacer battle-history"><br></div><h2 class="battle-history">Turn 22</h2><div class="spacer battle-history"><br></div><div class="battle-history">The opposing Medicham used <strong>Zen Headbutt</strong>!<br></div><div class="battle-history"><small>(Druddigon lost <abbr title="−239/357">66.9%</abbr> of its health!)</small><br></div><div class="battle-history"><small>[Druddigon's Rough Skin]</small><br><small>The opposing Medicham was hurt!</small><br></div><div class="battle-history"><small>The opposing Medicham was hurt by the Rocky Helmet!</small><br></div><div class="battle-history"><small>The opposing Medicham lost some of its HP!</small><br></div><div class="spacer battle-history"><br></div><div class="battle-history">Druddigon used <strong>Glare</strong>!<br></div><div class="battle-history"><small>The opposing Medicham is paralyzed! It may be unable to move!</small><br></div><div class="spacer battle-history"><br></div><div class="battle-history"><small>Druddigon was hurt by poison!</small><br></div><div class="spacer battle-history"><br></div><h2 class="battle-history">Turn 23</h2><div class="spacer battle-history"><br></div><div class="battle-history">Druddigon used <strong>Dragon Claw</strong>!<br></div><div class="battle-history"><small>(The opposing Medicham lost <abbr title="−118/261">45.2%</abbr> of its health!)</small><br></div><div class="spacer battle-history"><br></div><div class="battle-history">The opposing Medicham fainted!<br></div><div class="spacer battle-history"><br></div><div class="battle-history"><strong>gorex</strong> won the battle!<br></div><div class="chat chatmessage-wobufet"><strong style="color:hsl(123,74%,37%)"><small>☆</small><span class="username" data-name="Wobufet">Wobufet</span>:</strong> <em>gg</em></div><div class="chat"><small>gorex left.</small></div><div class="chat"><small>Wobufet left.</small></div><div class="chat"><small>gorex joined.</small></div></div><div class="inner-preempt"></div></div></div>
</div>
<script>
let daily = Math.floor(Date.now()/1000/60/60/24);document.write('<script src="https://play.pokemonshowdown.com/js/replay-embed.js?version'+daily+'"></'+'script>');
</script>
