<!DOCTYPE html>
<meta charset="utf-8" />
<!-- version 1 -->
<title>RU replay: ChillShadow vs. Kushalos</title>
<style>
html,body {font-family:Verdana, sans-serif;font-size:10pt;margin:0;padding:0;}body{padding:12px 0;} .battle-log {font-family:Verdana, sans-serif;font-size:10pt;} .battle-log-inline {border:1px solid #AAAAAA;background:#EEF2F5;color:black;max-width:640px;margin:0 auto 80px;padding-bottom:5px;} .battle-log .inner {padding:4px 8px 0px 8px;} .battle-log .inner-preempt {padding:0 8px 4px 8px;} .battle-log .inner-after {margin-top:0.5em;} .battle-log h2 {margin:0.5em -8px;padding:4px 8px;border:1px solid #AAAAAA;background:#E0E7EA;border-left:0;border-right:0;font-family:Verdana, sans-serif;font-size:13pt;} .battle-log .chat {vertical-align:middle;padding:3px 0 3px 0;font-size:8pt;} .battle-log .chat strong {color:#40576A;} .battle-log .chat em {padding:1px 4px 1px 3px;color:#000000;font-style:normal;} .chat.mine {background:rgba(0,0,0,0.05);margin-left:-8px;margin-right:-8px;padding-left:8px;padding-right:8px;} .spoiler {color:#BBBBBB;background:#BBBBBB;padding:0px 3px;} .spoiler:hover, .spoiler:active, .spoiler-shown {color:#000000;background:#E2E2E2;padding:0px 3px;} .spoiler a {color:#BBBBBB;} .spoiler:hover a, .spoiler:active a, .spoiler-shown a {color:#2288CC;} .chat code, .chat .spoiler:hover code, .chat .spoiler:active code, .chat .spoiler-shown code {border:1px solid #C0C0C0;background:#EEEEEE;color:black;padding:0 2px;} .chat .spoiler code {border:1px solid #CCCCCC;background:#CCCCCC;color:#CCCCCC;} .battle-log .rated {padding:3px 4px;} .battle-log .rated strong {color:white;background:#89A;padding:1px 4px;border-radius:4px;} .spacer {margin-top:0.5em;} .message-announce {background:#6688AA;color:white;padding:1px 4px 2px;} .message-announce a, .broadcast-green a, .broadcast-blue a, .broadcast-red a {color:#DDEEFF;} .broadcast-green {background-color:#559955;color:white;padding:2px 4px;} .broadcast-blue {background-color:#6688AA;color:white;padding:2px 4px;} .infobox {border:1px solid #6688AA;padding:2px 4px;} .infobox-limited {max-height:200px;overflow:auto;overflow-x:hidden;} .broadcast-red {background-color:#AA5544;color:white;padding:2px 4px;} .message-learn-canlearn {font-weight:bold;color:#228822;text-decoration:underline;} .message-learn-cannotlearn {font-weight:bold;color:#CC2222;text-decoration:underline;} .message-effect-weak {font-weight:bold;color:#CC2222;} .message-effect-resist {font-weight:bold;color:#6688AA;} .message-effect-immune {font-weight:bold;color:#666666;} .message-learn-list {margin-top:0;margin-bottom:0;} .message-throttle-notice, .message-error {color:#992222;} .message-overflow, .chat small.message-overflow {font-size:0pt;} .message-overflow::before {font-size:9pt;content:'...';} .subtle {color:#3A4A66;}
</style>
<div class="wrapper replay-wrapper" style="max-width:1180px;margin:0 auto">
<input type="hidden" name="replayid" value="ru-508704382" />
<div class="battle"></div><div class="battle-log"></div><div class="replay-controls"></div><div class="replay-controls-2"></div>
<h1 style="font-weight:normal;text-align:center"><strong>RU</strong><br /><a href="http://pokemonshowdown.com/users/chillshadow" class="subtle" target="_blank">ChillShadow</a> vs. <a href="http://pokemonshowdown.com/users/kushalos" class="subtle" target="_blank">Kushalos</a></h1>
<script type="text/plain" class="battle-log-data">|j|ChillShadow
|j|Kushalos
|player|p1|ChillShadow|153
|player|p2|Kushalos|34
|gametype|singles
|gen|6
|tier|RU
|seed|20568,27832,52454,59325
|rule|Sleep Clause Mod: Limit one foe put to sleep
|rule|Species Clause: Limit one of each Pokémon
|rule|OHKO Clause: OHKO moves are banned
|rule|Moody Clause: Moody is banned
|rule|Evasion Moves Clause: Evasion moves are banned
|rule|Endless Battle Clause: Forcing endless battles is banned
|rule|HP Percentage Mod: HP is shown in percentages
|clearpoke
|poke|p1|Uxie|item
|poke|p1|Meloetta|item
|poke|p1|Articuno|item
|poke|p1|Blastoise, F|item
|poke|p1|Flygon, F|item
|poke|p1|Magneton|item
|poke|p2|Rotom-Mow|item
|poke|p2|Emboar, F|item
|poke|p2|Slowking, F|item
|poke|p2|Flygon, M|item
|poke|p2|Registeel|item
|poke|p2|Drapion, M|item
|rule|Swagger Clause: Swagger is banned
|rule|Baton Pass Clause: Limit one Baton Passer, can't pass Spe and other stats simultaneously
|teampreview
|c|★ChillShadow|hf
|j|Eyan
|j|Tony
|j|GrilledClawitzer
|j|Arifeen.
|j|Manipulative
|c|+Arifeen.|CHILL
|c|+Arifeen.|SHADOW
|j|Flamz
|c|+Manipulative|Chill!
|l|Flamz
|c| Tony|arifeen can you leave the server please?
|c| Tony|D:
|c|+Arifeen.|no
|c|+Arifeen.|>:D
|c|+Manipulative|Tony!
|c|+GrilledClawitzer|:(
|choice|team 5, team 2, team 3, team 4, team 1, team 6|team 6, team 2, team 3, team 4, team 5, team 1
|
|start
|switch|p1a: Flygon|Flygon, F|301\/301
|switch|p2a: Drapion|Drapion, M|281\/281
|turn|1
|c|+GrilledClawitzer|Arifeen's so indecent
|j|kamisama_no49
|c| Tony|manip n_n
|c|@Eyan|\/log Arifeen. was redirected to room Lobby by Eyan.
|l|Arifeen.
|c|+Manipulative|n_n
|c|@Eyan|i got you
|j|Jarii
|c|+Manipulative|LOOL
|c| Tony|LOL
|c| Tony|TY
|c|★Kushalos|this is looking like some extreme cteam wth
|j|Arifeen.
|c|+Arifeen.|hey u idiot
|choice|move uturn|move icefang
|
|move|p1a: Flygon|U-turn|p2a: Drapion
|-damage|p2a: Drapion|212\/281
|c|+Arifeen.|u want our team to win
|c|@Eyan|Yeah
|c|@Eyan|and that's why I did what I had to
|j|CaptKnightwalker
|c|★ChillShadow|ofc arifeen switches out
|c|★ChillShadow|but u stay in
|c|★ChillShadow|unreal
|c|+Jarii|Yo Tony
|c| Tony|sup sup
|c|+Jarii|Where do you live in the netherlands
|c|+Arifeen.|who makes
|c|+Arifeen.|a turn 1 play
|c| Tony|groningen
|c|+Arifeen.|....
|c|+Arifeen.|groningen
|c|+Jarii|Too far
|choice|switch 3|
|
|switch|p1a: Articuno|Articuno|384\/384
|-ability|p1a: Articuno|Pressure
|move|p2a: Drapion|Ice Fang|p1a: Articuno
|-damage|p1a: Articuno|330\/384
|
|-heal|p1a: Articuno|354\/384|[from] item: Leftovers
|upkeep
|turn|2
|c|+Arifeen.|sounds like
|c|+Arifeen.|greninja
|c| Tony|:P
|c|★ChillShadow|yeah.
|c|★ChillShadow|lol.
|c|+Jarii|Knew it was shuca
|j|hogg
|j|mael ♥
|c|+Arifeen.|ma nigga
|c|+Arifeen.|knows
|j|The Welsh Wall
|j|SolidSweeps
|choice|move frostbreath|switch 2
|
|switch|p2a: Emboar|Emboar, F|424\/424
|move|p1a: Articuno|Frost Breath|p2a: Emboar
|-resisted|p2a: Emboar
|-crit|p2a: Emboar
|-damage|p2a: Emboar|357\/424
|
|-heal|p1a: Articuno|378\/384|[from] item: Leftovers
|-heal|p2a: Emboar|383\/424|[from] item: Leftovers
|upkeep
|turn|3
|choice|switch 5|move protect
|
|switch|p1a: Uxie|Uxie|354\/354
|move|p2a: Emboar|Protect|p2a: Emboar
|-fail|p2a: Emboar
|
|-heal|p2a: Emboar|409\/424|[from] item: Leftovers
|upkeep
|turn|4
|c|+Manipulative|hogg :D!
|j|Serene's Grace
|c|★ChillShadow|nice
|j|OragIve
|c|+Arifeen.|hogg
|c| SolidSweeps|ay im going to Groningen tonight
|c|+Arifeen.|hows ur son?
|c| SolidSweeps|nye party
|c|+hogg|Currently staring at airplanes
|choice|move stealthrock|move willowisp
|
|move|p1a: Uxie|Stealth Rock|p2a: Emboar
|-sidestart|p2: Kushalos|move: Stealth Rock
|move|p2a: Emboar|Will-O-Wisp|p1a: Uxie
|-status|p1a: Uxie|brn
|
|-heal|p2a: Emboar|424\/424|[from] item: Leftovers
|-damage|p1a: Uxie|310\/354 brn|[from] brn
|upkeep
|turn|5
|c|+Arifeen.|awh thats cute
|c|+Arifeen.|:D
|choice|move uturn|switch 3
|
|switch|p2a: Slowking|Slowking, F|393\/393
|-damage|p2a: Slowking|344\/393|[from] Stealth Rock
|move|p1a: Uxie|U-turn|p2a: Slowking
|-supereffective|p2a: Slowking
|-damage|p2a: Slowking|312\/393
|choice|switch 5|
|
|switch|p1a: Articuno|Articuno|378\/384
|-ability|p1a: Articuno|Pressure
|
|-heal|p1a: Articuno|384\/384|[from] item: Leftovers
|upkeep
|turn|6
|c|+Jarii|Tony already a happy new year!
|choice|move substitute|switch 5
|
|switch|p2a: Registeel|Registeel|364\/364
|-damage|p2a: Registeel|342\/364|[from] Stealth Rock
|move|p1a: Articuno|Substitute|p1a: Articuno
|-start|p1a: Articuno|Substitute
|-damage|p1a: Articuno|288\/384
|
|-heal|p1a: Articuno|312\/384|[from] item: Leftovers
|-heal|p2a: Registeel|364\/364|[from] item: Leftovers
|upkeep
|turn|7
|choice|switch 6|switch 5
|
|switch|p1a: Magneton|Magneton|301\/301
|switch|p2a: Slowking|Slowking, F|393\/393
|-damage|p2a: Slowking|344\/393|[from] Stealth Rock
|
|upkeep
|turn|8
|choice|move thunderbolt|switch 6
|
|switch|p2a: Rotom|Rotom-Mow|241\/241
|-damage|p2a: Rotom|211\/241|[from] Stealth Rock
|move|p1a: Magneton|Thunderbolt|p2a: Rotom
|-resisted|p2a: Rotom
|-damage|p2a: Rotom|171\/241
|
|-heal|p2a: Rotom|186\/241|[from] item: Leftovers
|upkeep
|turn|9
|j|snagaa
|choice|switch 5|move willowisp
|
|switch|p1a: Uxie|Uxie|310\/354 brn
|move|p2a: Rotom|Will-O-Wisp|p1a: Uxie
|-fail|p1a: Uxie|brn
|
|-heal|p2a: Rotom|201\/241|[from] item: Leftovers
|-damage|p1a: Uxie|266\/354 brn|[from] brn
|upkeep
|turn|10
|choice|move uturn|move leafstorm
|
|move|p2a: Rotom|Leaf Storm|p1a: Uxie
|-damage|p1a: Uxie|113\/354 brn
|-unboost|p2a: Rotom|spa|2
|move|p1a: Uxie|U-turn|p2a: Rotom
|-supereffective|p2a: Rotom
|-damage|p2a: Rotom|164\/241
|choice|switch 3|
|
|switch|p1a: Flygon|Flygon, F|301\/301
|
|-heal|p2a: Rotom|179\/241|[from] item: Leftovers
|upkeep
|turn|11
|choice|move uturn|switch 6
|
|switch|p2a: Slowking|Slowking, F|393\/393
|-damage|p2a: Slowking|344\/393|[from] Stealth Rock
|move|p1a: Flygon|U-turn|p2a: Slowking
|-supereffective|p2a: Slowking
|-damage|p2a: Slowking|226\/393
|l|hogg
|choice|switch 6|
|
|switch|p1a: Articuno|Articuno|312\/384
|-ability|p1a: Articuno|Pressure
|
|-heal|p1a: Articuno|336\/384|[from] item: Leftovers
|upkeep
|turn|12
|choice|move substitute|switch 5
|
|switch|p2a: Registeel|Registeel|364\/364
|-damage|p2a: Registeel|342\/364|[from] Stealth Rock
|move|p1a: Articuno|Substitute|p1a: Articuno
|-start|p1a: Articuno|Substitute
|-damage|p1a: Articuno|240\/384
|
|-heal|p1a: Articuno|264\/384|[from] item: Leftovers
|-heal|p2a: Registeel|364\/364|[from] item: Leftovers
|upkeep
|turn|13
|choice|switch 5|move stealthrock
|
|switch|p1a: Magneton|Magneton|301\/301
|move|p2a: Registeel|Stealth Rock|p1a: Magneton
|-sidestart|p1: ChillShadow|move: Stealth Rock
|
|upkeep
|turn|14
|choice|move thunderbolt|move seismictoss
|
|move|p1a: Magneton|Thunderbolt|p2a: Registeel
|-damage|p2a: Registeel|270\/364
|move|p2a: Registeel|Seismic Toss|p1a: Magneton
|-damage|p1a: Magneton|201\/301
|
|-heal|p2a: Registeel|292\/364|[from] item: Leftovers
|upkeep
|turn|15
|c|★ChillShadow|;D
|choice|move thunderbolt|move seismictoss
|
|move|p1a: Magneton|Thunderbolt|p2a: Registeel
|-crit|p2a: Registeel
|-damage|p2a: Registeel|165\/364
|move|p2a: Registeel|Seismic Toss|p1a: Magneton
|-damage|p1a: Magneton|101\/301
|
|-heal|p2a: Registeel|187\/364|[from] item: Leftovers
|upkeep
|turn|16
|c|+Arifeen.|;D
|choice|move thunderbolt|move seismictoss
|
|move|p1a: Magneton|Thunderbolt|p2a: Registeel
|-damage|p2a: Registeel|94\/364
|move|p2a: Registeel|Seismic Toss|p1a: Magneton
|-damage|p1a: Magneton|1\/301
|
|-heal|p2a: Registeel|116\/364|[from] item: Leftovers
|upkeep
|turn|17
|c| snagaa|This set is still bad
|c|★Kushalos|word
|j|DrapionSwing
|c| Tony|crit again
|c|+Jarii|You mean worth
|c|★Kushalos|wait is this
|c|★Kushalos|specs
|c|★Kushalos|or
|c|★Kushalos|fuck
|c|★ChillShadow|what do u think
|c|★Kushalos|i wasnt paying attention
|c|+Arifeen.|what do u think
|c| snagaa|Not charge beam
|c|+Arifeen.|u bitch
|c|★ChillShadow|not charge beam
|choice|move rest|move protect
|
|move|p2a: Registeel|Protect|p2a: Registeel
|-singleturn|p2a: Registeel|Protect
|move|p1a: Magneton|Rest|p1a: Magneton
|-status|p1a: Magneton|slp
|-heal|p1a: Magneton|301\/301 slp|[silent]
|-status|p1a: Magneton|slp|[from] move: Rest
|
|-heal|p2a: Registeel|138\/364|[from] item: Leftovers
|upkeep
|turn|18
|c|★Kushalos|i was
|c|★Kushalos|looking at the damage
|c|+Jarii|LOL
|c|★Kushalos|yeah ur
|c|+Arifeen.|have fun
|c|★Kushalos|so fucking gay
|c|+Manipulative|rip
|c|+Arifeen.|LOL
|c|★Kushalos|i hate this fucking mon
|c|★Kushalos|its
|c|+Arifeen.|CHILL SHADOW
|c|+Arifeen.|IS MY
|c| CaptKnightwalker|lol
|c|★Kushalos|so broken
|c|+Arifeen.|NIGGA
|c|+Arifeen.|LOL
|c|★ChillShadow|i hope this wasnt ur only
|c|★Kushalos|this is the first time
|c|★Kushalos|im bringing a registeel too
|c|+Jarii|ILY ChillShadow
|c|★ChillShadow|articuno counter
|c|★Kushalos|and he has
|c|★Kushalos|the magneton
|choice|move thunderbolt|move seismictoss
|
|cant|p1a: Magneton|slp
|move|p2a: Registeel|Seismic Toss|p1a: Magneton
|-damage|p1a: Magneton|201\/301 slp
|
|-heal|p2a: Registeel|160\/364|[from] item: Leftovers
|upkeep
|turn|19
|choice|move thunderbolt|move seismictoss
|
|cant|p1a: Magneton|slp
|move|p2a: Registeel|Seismic Toss|p1a: Magneton
|-damage|p1a: Magneton|101\/301 slp
|
|-heal|p2a: Registeel|182\/364|[from] item: Leftovers
|upkeep
|turn|20
|choice|move thunderbolt|move protect
|
|move|p2a: Registeel|Protect|p2a: Registeel
|-singleturn|p2a: Registeel|Protect
|-curestatus|p1a: Magneton|slp|[msg]
|move|p1a: Magneton|Thunderbolt|p2a: Registeel
|-activate|p2a: Registeel|move: Protect
|
|-heal|p2a: Registeel|204\/364|[from] item: Leftovers
|upkeep
|turn|21
|c| Tony|this tournament has made genuinely dislike arifeen good god you are cringy
|choice|move thunderbolt|move toxic
|
|move|p1a: Magneton|Thunderbolt|p2a: Registeel
|-damage|p2a: Registeel|114\/364
|move|p2a: Registeel|Toxic|p1a: Magneton
|-immune|p1a: Magneton|[msg]
|
|-heal|p2a: Registeel|136\/364|[from] item: Leftovers
|upkeep
|turn|22
|c|+Arifeen.|....
|c|+Arifeen.|hello
|c|@Eyan|Vote to ban arifeen?
|choice|move thunderbolt|move toxic
|
|move|p1a: Magneton|Thunderbolt|p2a: Registeel
|-damage|p2a: Registeel|43\/364
|move|p2a: Registeel|Toxic|p1a: Magneton
|-immune|p1a: Magneton|[msg]
|
|-heal|p2a: Registeel|65\/364|[from] item: Leftovers
|upkeep
|turn|23
|c|+Arifeen.|I swear
|c|+Jarii|It's fine Tony we dislike Arifeen as well
|choice|move rest|move seismictoss
|
|move|p1a: Magneton|Rest|p1a: Magneton
|-status|p1a: Magneton|slp
|-heal|p1a: Magneton|301\/301 slp|[silent]
|-status|p1a: Magneton|slp|[from] move: Rest
|move|p2a: Registeel|Seismic Toss|p1a: Magneton
|-damage|p1a: Magneton|201\/301 slp
|
|-heal|p2a: Registeel|87\/364|[from] item: Leftovers
|upkeep
|turn|24
|c| SolidSweeps|finna choke
|choice|move thunderbolt|move seismictoss
|
|cant|p1a: Magneton|slp
|move|p2a: Registeel|Seismic Toss|p1a: Magneton
|-damage|p1a: Magneton|101\/301 slp
|
|-heal|p2a: Registeel|109\/364|[from] item: Leftovers
|upkeep
|turn|25
|choice|move thunderbolt|move protect
|
|move|p2a: Registeel|Protect|p2a: Registeel
|-singleturn|p2a: Registeel|Protect
|cant|p1a: Magneton|slp
|
|-heal|p2a: Registeel|131\/364|[from] item: Leftovers
|upkeep
|turn|26
|choice|move thunderbolt|move stealthrock
|
|-curestatus|p1a: Magneton|slp|[msg]
|move|p1a: Magneton|Thunderbolt|p2a: Registeel
|-crit|p2a: Registeel
|-damage|p2a: Registeel|0 fnt
|faint|p2a: Registeel
|
|upkeep
|c|★ChillShadow|:[
|c|+Manipulative|lol
|choice||switch 3
|
|switch|p2a: Emboar|Emboar, F|424\/424
|-damage|p2a: Emboar|371\/424|[from] Stealth Rock
|turn|27
|choice|move thunderbolt|switch 6
|
|switch|p2a: Rotom|Rotom-Mow|179\/241
|-damage|p2a: Rotom|149\/241|[from] Stealth Rock
|move|p1a: Magneton|Thunderbolt|p2a: Rotom
|-resisted|p2a: Rotom
|-damage|p2a: Rotom|111\/241
|
|-heal|p2a: Rotom|126\/241|[from] item: Leftovers
|upkeep
|turn|28
|choice|move hiddenpower|move leafstorm
|
|move|p2a: Rotom|Leaf Storm|p1a: Magneton
|-resisted|p1a: Magneton
|-damage|p1a: Magneton|12\/301
|-unboost|p2a: Rotom|spa|2
|move|p1a: Magneton|Hidden Power|p2a: Rotom
|-supereffective|p2a: Rotom
|-damage|p2a: Rotom|0 fnt
|faint|p2a: Rotom
|
|upkeep
|c|+Arifeen.|amazing
|choice||switch 4
|
|switch|p2a: Flygon|Flygon, M|349\/349
|-damage|p2a: Flygon|328\/349|[from] Stealth Rock
|turn|29
|c|+Jarii|This magneton
|c|★ChillShadow|it's for esca not regi
|c|★ChillShadow|but regi works
|choice|move flashcannon|move earthquake
|
|move|p2a: Flygon|Earthquake|p1a: Magneton
|-supereffective|p1a: Magneton
|-damage|p1a: Magneton|0 fnt
|faint|p1a: Magneton
|
|-heal|p2a: Flygon|349\/349|[from] item: Leftovers
|upkeep
|c|+Arifeen.|y
|choice|switch 4|
|
|switch|p1a: Blastoise|Blastoise, F|362\/362
|-damage|p1a: Blastoise|317\/362|[from] Stealth Rock
|turn|30
|choice|move rapidspin|move uturn
|
|move|p2a: Flygon|U-turn|p1a: Blastoise
|-damage|p1a: Blastoise|276\/362
|choice||switch 2
|
|switch|p2a: Drapion|Drapion, M|212\/281
|-damage|p2a: Drapion|177\/281|[from] Stealth Rock
|move|p1a: Blastoise|Rapid Spin|p2a: Drapion
|-damage|p2a: Drapion|166\/281
|-sideend|p1: ChillShadow|Stealth Rock|[from] move: Rapid Spin|[of] p1a: Blastoise
|
|-heal|p1a: Blastoise|298\/362|[from] item: Leftovers
|upkeep
|turn|31
|choice|move scald|move knockoff
|
|move|p2a: Drapion|Knock Off|p1a: Blastoise
|-damage|p1a: Blastoise|189\/362
|-enditem|p1a: Blastoise|Leftovers|[from] move: Knock Off|[of] p2a: Drapion
|move|p1a: Blastoise|Scald|p2a: Drapion
|-damage|p2a: Drapion|70\/281
|
|upkeep
|turn|32
|choice|move scald|move knockoff
|
|move|p2a: Drapion|Knock Off|p1a: Blastoise
|-crit|p1a: Blastoise
|-damage|p1a: Blastoise|35\/362
|move|p1a: Blastoise|Scald|p2a: Drapion
|-damage|p2a: Drapion|0 fnt
|faint|p2a: Drapion
|
|upkeep
|choice||switch 2
|
|switch|p2a: Flygon|Flygon, M|349\/349
|-damage|p2a: Flygon|328\/349|[from] Stealth Rock
|turn|33
|choice|switch 3|move defog
|
|switch|p1a: Uxie|Uxie|113\/354 brn
|move|p2a: Flygon|Defog|p1a: Uxie
|-unboost|p1a: Uxie|evasion|1
|-sideend|p2: Kushalos|Stealth Rock|[from] move: Defog|[of] p2a: Flygon
|
|-heal|p2a: Flygon|349\/349|[from] item: Leftovers
|-damage|p1a: Uxie|69\/354 brn|[from] brn
|upkeep
|turn|34
|choice|move stealthrock|move uturn
|
|move|p2a: Flygon|U-turn|p1a: Uxie
|-supereffective|p1a: Uxie
|-damage|p1a: Uxie|0 fnt
|faint|p1a: Uxie
|choice||switch 6
|
|switch|p2a: Emboar|Emboar, F|371\/424
|
|-heal|p2a: Emboar|397\/424|[from] item: Leftovers
|upkeep
|choice|switch 2|
|
|switch|p1a: Meloetta|Meloetta|404\/404
|turn|35
|choice|move substitute|switch 5
|
|switch|p2a: Slowking|Slowking, F|357\/393
|move|p1a: Meloetta|Substitute|p1a: Meloetta
|-start|p1a: Meloetta|Substitute
|-damage|p1a: Meloetta|303\/404
|
|-heal|p1a: Meloetta|328\/404|[from] item: Leftovers
|upkeep
|turn|36
|choice|move calmmind|move calmmind
|
|move|p1a: Meloetta|Calm Mind|p1a: Meloetta
|-boost|p1a: Meloetta|spa|1
|-boost|p1a: Meloetta|spd|1
|move|p2a: Slowking|Calm Mind|p2a: Slowking
|-boost|p2a: Slowking|spa|1
|-boost|p2a: Slowking|spd|1
|
|-heal|p1a: Meloetta|353\/404|[from] item: Leftovers
|upkeep
|turn|37
|choice|move calmmind|move calmmind
|
|move|p1a: Meloetta|Calm Mind|p1a: Meloetta
|-boost|p1a: Meloetta|spa|1
|-boost|p1a: Meloetta|spd|1
|move|p2a: Slowking|Calm Mind|p2a: Slowking
|-boost|p2a: Slowking|spa|1
|-boost|p2a: Slowking|spd|1
|
|-heal|p1a: Meloetta|378\/404|[from] item: Leftovers
|upkeep
|turn|38
|j|hogg
|choice|move calmmind|move calmmind
|
|move|p1a: Meloetta|Calm Mind|p1a: Meloetta
|-boost|p1a: Meloetta|spa|1
|-boost|p1a: Meloetta|spd|1
|move|p2a: Slowking|Calm Mind|p2a: Slowking
|-boost|p2a: Slowking|spa|1
|-boost|p2a: Slowking|spd|1
|
|-heal|p1a: Meloetta|403\/404|[from] item: Leftovers
|upkeep
|turn|39
|choice|move calmmind|move calmmind
|
|move|p1a: Meloetta|Calm Mind|p1a: Meloetta
|-boost|p1a: Meloetta|spa|1
|-boost|p1a: Meloetta|spd|1
|move|p2a: Slowking|Calm Mind|p2a: Slowking
|-boost|p2a: Slowking|spa|1
|-boost|p2a: Slowking|spd|1
|
|-heal|p1a: Meloetta|404\/404|[from] item: Leftovers
|upkeep
|turn|40
|choice|move calmmind|move calmmind
|
|move|p1a: Meloetta|Calm Mind|p1a: Meloetta
|-boost|p1a: Meloetta|spa|1
|-boost|p1a: Meloetta|spd|1
|move|p2a: Slowking|Calm Mind|p2a: Slowking
|-boost|p2a: Slowking|spa|1
|-boost|p2a: Slowking|spd|1
|
|upkeep
|turn|41
|choice|move calmmind|move calmmind
|
|move|p1a: Meloetta|Calm Mind|p1a: Meloetta
|-boost|p1a: Meloetta|spa|1
|-boost|p1a: Meloetta|spd|1
|move|p2a: Slowking|Calm Mind|p2a: Slowking
|-boost|p2a: Slowking|spa|1
|-boost|p2a: Slowking|spd|1
|
|upkeep
|turn|42
|choice|move psyshock|move psyshock
|
|move|p1a: Meloetta|Psyshock|p2a: Slowking
|-resisted|p2a: Slowking
|-damage|p2a: Slowking|167\/393
|move|p2a: Slowking|Psyshock|p1a: Meloetta
|-resisted|p1a: Meloetta
|-end|p1a: Meloetta|Substitute
|
|upkeep
|turn|43
|l|EviGaro
|c|★Kushalos|i choked
|c|★Kushalos|rofl
|choice|move psyshock|move psyshock
|
|move|p1a: Meloetta|Psyshock|p2a: Slowking
|-resisted|p2a: Slowking
|-damage|p2a: Slowking|0 fnt
|faint|p2a: Slowking
|
|upkeep
|-message|Kushalos forfeited.
|
|win|ChillShadow
|player|p1
|player|p2
|c|★ChillShadow|articuno won anw
|c|★ChillShadow|trust
|c|★Kushalos|nice cteam
|l|Serene's Grace
|c|★ChillShadow|gg
|l|Kushalos
|l|Eyan
|l|SolidSweeps
|l|Arifeen.</script>
</div>
<div class="battle-log battle-log-inline"><div class="inner"><div class="battle-options"></div><div class="inner"><div class="chat"><small>ChillShadow joined.</small></div><div class="chat"><small>Kushalos joined.</small></div><div class=""><small>Format:</small> <br><strong>RU</strong></div><div class=""><small><em>Sleep Clause Mod:</em> Limit one foe put to sleep</small></div><div class=""><small><em>Species Clause:</em> Limit one of each Pokémon</small></div><div class=""><small><em>OHKO Clause:</em> OHKO moves are banned</small></div><div class=""><small><em>Moody Clause:</em> Moody is banned</small></div><div class=""><small><em>Evasion Moves Clause:</em> Evasion moves are banned</small></div><div class=""><small><em>Endless Battle Clause:</em> Forcing endless battles is banned</small></div><div class=""><small><em>HP Percentage Mod:</em> HP is shown in percentages</small></div><div class=""><small><em>Swagger Clause:</em> Swagger is banned</small></div><div class=""><small><em>Baton Pass Clause:</em> Limit one Baton Passer, can't pass Spe and other stats simultaneously</small></div><div class="chat battle-history"><strong>ChillShadow's team:</strong> <em style="color:#445566;display:block;">Uxie / Meloetta / Articuno / Blastoise / Flygon / Magneton</em></div><div class="chat battle-history"><strong>Kushalos's team:</strong> <em style="color:#445566;display:block;">Rotom-Mow / Emboar / Slowking / Flygon / Registeel / Drapion</em></div><div class="chat chatmessage-chillshadow"><strong style="color:hsl(116,47%,43%)"><small>★</small><span class="username" data-name="ChillShadow">ChillShadow</span>:</strong> <em>hf</em></div><div class="chat"><small>Eyan joined.</small></div><div class="chat"><small>Tony joined.</small></div><div class="chat"><small>GrilledClawitzer joined.</small></div><div class="chat"><small>Arifeen. joined.</small></div><div class="chat"><small>Manipulative joined.</small></div><div class="chat chatmessage-arifeen"><strong style="color:hsl(351,68%,47.77101180383878%)"><small>+</small><span class="username" data-name="Arifeen.">Arifeen.</span>:</strong> <em>CHILL</em></div><div class="chat chatmessage-arifeen"><strong style="color:hsl(351,68%,47.77101180383878%)"><small>+</small><span class="username" data-name="Arifeen.">Arifeen.</span>:</strong> <em>SHADOW</em></div><div class="chat"><small>Flamz joined.</small></div><div class="chat chatmessage-manipulative"><strong style="color:hsl(245,69%,64.06639321633334%)"><small>+</small><span class="username" data-name="Manipulative">Manipulative</span>:</strong> <em>Chill!</em></div><div class="chat"><small>Flamz left.</small></div><div class="chat chatmessage-tony"><strong style="color:hsl(312,63%,41.3846416864007%)"><small> </small><span class="username" data-name="Tony">Tony</span>:</strong> <em>arifeen can you leave the server please?</em></div><div class="chat chatmessage-tony"><strong style="color:hsl(312,63%,41.3846416864007%)"><small> </small><span class="username" data-name="Tony">Tony</span>:</strong> <em>D:</em></div><div class="chat chatmessage-arifeen"><strong style="color:hsl(351,68%,47.77101180383878%)"><small>+</small><span class="username" data-name="Arifeen.">Arifeen.</span>:</strong> <em>no</em></div><div class="chat chatmessage-arifeen"><strong style="color:hsl(351,68%,47.77101180383878%)"><small>+</small><span class="username" data-name="Arifeen.">Arifeen.</span>:</strong> <em>&gt;:D</em></div><div class="chat chatmessage-manipulative"><strong style="color:hsl(245,69%,64.06639321633334%)"><small>+</small><span class="username" data-name="Manipulative">Manipulative</span>:</strong> <em>Tony!</em></div><div class="chat chatmessage-grilledclawitzer"><strong style="color:hsl(107,75%,30%)"><small>+</small><span class="username" data-name="GrilledClawitzer">GrilledClawitzer</span>:</strong> <em>:(</em></div><div class="spacer battle-history"><br></div><div class="battle-history">Battle started between ChillShadow and Kushalos!<br></div><div class="spacer battle-history"><br></div><div class="battle-history">Go! <strong>Flygon</strong>!<br></div><div class="spacer battle-history"><br></div><div class="battle-history">Kushalos sent out <strong>Drapion</strong>!<br></div><div class="spacer battle-history"><br></div><h2 class="battle-history">Turn 1</h2><div class="chat chatmessage-grilledclawitzer"><strong style="color:hsl(107,75%,30%)"><small>+</small><span class="username" data-name="GrilledClawitzer">GrilledClawitzer</span>:</strong> <em>Arifeen's so indecent</em></div><div class="chat"><small>kamisama_no49 joined.</small></div><div class="chat chatmessage-tony"><strong style="color:hsl(312,63%,41.3846416864007%)"><small> </small><span class="username" data-name="Tony">Tony</span>:</strong> <em>manip n_n</em></div><div class="chat chatmessage-eyan"><span class="message-log">Arifeen. was redirected to room Lobby by Eyan.</span></div><div class="chat"><small>Arifeen. left.</small></div><div class="chat chatmessage-manipulative"><strong style="color:hsl(245,69%,64.06639321633334%)"><small>+</small><span class="username" data-name="Manipulative">Manipulative</span>:</strong> <em>n_n</em></div><div class="chat chatmessage-eyan"><strong style="color:hsl(285,79%,43.2486436064937%)"><small>@</small><span class="username" data-name="Eyan">Eyan</span>:</strong> <em>i got you</em></div><div class="chat"><small>Jarii joined.</small></div><div class="chat chatmessage-manipulative"><strong style="color:hsl(245,69%,64.06639321633334%)"><small>+</small><span class="username" data-name="Manipulative">Manipulative</span>:</strong> <em>LOOL</em></div><div class="chat chatmessage-tony"><strong style="color:hsl(312,63%,41.3846416864007%)"><small> </small><span class="username" data-name="Tony">Tony</span>:</strong> <em>LOL</em></div><div class="chat chatmessage-tony"><strong style="color:hsl(312,63%,41.3846416864007%)"><small> </small><span class="username" data-name="Tony">Tony</span>:</strong> <em>TY</em></div><div class="chat chatmessage-kushalos"><strong style="color:hsl(241,86%,63.275220778172695%)"><small>★</small><span class="username" data-name="Kushalos">Kushalos</span>:</strong> <em>this is looking like some extreme cteam wth</em></div><div class="chat"><small>Arifeen. joined.</small></div><div class="chat chatmessage-arifeen"><strong style="color:hsl(351,68%,47.77101180383878%)"><small>+</small><span class="username" data-name="Arifeen.">Arifeen.</span>:</strong> <em>hey u idiot</em></div><div class="spacer battle-history"><br></div><div class="battle-history">Flygon used <strong>U-turn</strong>!<br></div><div class="battle-history"><small>(The opposing Drapion lost <abbr title="−69/281">24.6%</abbr> of its health!)</small><br></div><div class="chat chatmessage-arifeen"><strong style="color:hsl(351,68%,47.77101180383878%)"><small>+</small><span class="username" data-name="Arifeen.">Arifeen.</span>:</strong> <em>u want our team to win</em></div><div class="chat chatmessage-eyan"><strong style="color:hsl(285,79%,43.2486436064937%)"><small>@</small><span class="username" data-name="Eyan">Eyan</span>:</strong> <em>Yeah</em></div><div class="chat chatmessage-eyan"><strong style="color:hsl(285,79%,43.2486436064937%)"><small>@</small><span class="username" data-name="Eyan">Eyan</span>:</strong> <em>and that's why I did what I had to</em></div><div class="chat"><small>CaptKnightwalker joined.</small></div><div class="chat chatmessage-chillshadow"><strong style="color:hsl(116,47%,43%)"><small>★</small><span class="username" data-name="ChillShadow">ChillShadow</span>:</strong> <em>ofc arifeen switches out</em></div><div class="chat chatmessage-chillshadow"><strong style="color:hsl(116,47%,43%)"><small>★</small><span class="username" data-name="ChillShadow">ChillShadow</span>:</strong> <em>but u stay in</em></div><div class="chat chatmessage-chillshadow"><strong style="color:hsl(116,47%,43%)"><small>★</small><span class="username" data-name="ChillShadow">ChillShadow</span>:</strong> <em>unreal</em></div><div class="chat chatmessage-jarii"><strong style="color:hsl(310,42%,50.9489615405014%)"><small>+</small><span class="username" data-name="Jarii">Jarii</span>:</strong> <em>Yo Tony</em></div><div class="chat chatmessage-tony"><strong style="color:hsl(312,63%,41.3846416864007%)"><small> </small><span class="username" data-name="Tony">Tony</span>:</strong> <em>sup sup</em></div><div class="chat chatmessage-jarii"><strong style="color:hsl(310,42%,50.9489615405014%)"><small>+</small><span class="username" data-name="Jarii">Jarii</span>:</strong> <em>Where do you live in the netherlands</em></div><div class="chat chatmessage-arifeen"><strong style="color:hsl(351,68%,47.77101180383878%)"><small>+</small><span class="username" data-name="Arifeen.">Arifeen.</span>:</strong> <em>who makes</em></div><div class="chat chatmessage-arifeen"><strong style="color:hsl(351,68%,47.77101180383878%)"><small>+</small><span class="username" data-name="Arifeen.">Arifeen.</span>:</strong> <em>a turn 1 play</em></div><div class="chat chatmessage-tony"><strong style="color:hsl(312,63%,41.3846416864007%)"><small> </small><span class="username" data-name="Tony">Tony</span>:</strong> <em>groningen</em></div><div class="chat chatmessage-arifeen"><strong style="color:hsl(351,68%,47.77101180383878%)"><small>+</small><span class="username" data-name="Arifeen.">Arifeen.</span>:</strong> <em>....</em></div><div class="chat chatmessage-arifeen"><strong style="color:hsl(351,68%,47.77101180383878%)"><small>+</small><span class="username" data-name="Arifeen.">Arifeen.</span>:</strong> <em>groningen</em></div><div class="chat chatmessage-jarii"><strong style="color:hsl(310,42%,50.9489615405014%)"><small>+</small><span class="username" data-name="Jarii">Jarii</span>:</strong> <em>Too far</em></div><div class="spacer battle-history"><br></div><div class="battle-history">Flygon went back to ChillShadow!<br></div><div class="battle-history">Go! <strong>Articuno</strong>!<br></div><div class="battle-history"><small>[Articuno's Pressure]</small><br><small>Articuno is exerting its pressure!</small><br></div><div class="spacer battle-history"><br></div><div class="battle-history">The opposing Drapion used <strong>Ice Fang</strong>!<br></div><div class="battle-history"><small>(Articuno lost <abbr title="−54/384">14.1%</abbr> of its health!)</small><br></div><div class="spacer battle-history"><br></div><div class="battle-history"><small>Articuno restored a little HP using its Leftovers!</small><br></div><div class="spacer battle-history"><br></div><h2 class="battle-history">Turn 2</h2><div class="chat chatmessage-arifeen"><strong style="color:hsl(351,68%,47.77101180383878%)"><small>+</small><span class="username" data-name="Arifeen.">Arifeen.</span>:</strong> <em>sounds like</em></div><div class="chat chatmessage-arifeen"><strong style="color:hsl(351,68%,47.77101180383878%)"><small>+</small><span class="username" data-name="Arifeen.">Arifeen.</span>:</strong> <em>greninja</em></div><div class="chat chatmessage-tony"><strong style="color:hsl(312,63%,41.3846416864007%)"><small> </small><span class="username" data-name="Tony">Tony</span>:</strong> <em>:P</em></div><div class="chat chatmessage-chillshadow"><strong style="color:hsl(116,47%,43%)"><small>★</small><span class="username" data-name="ChillShadow">ChillShadow</span>:</strong> <em>yeah.</em></div><div class="chat chatmessage-chillshadow"><strong style="color:hsl(116,47%,43%)"><small>★</small><span class="username" data-name="ChillShadow">ChillShadow</span>:</strong> <em>lol.</em></div><div class="chat chatmessage-jarii"><strong style="color:hsl(310,42%,50.9489615405014%)"><small>+</small><span class="username" data-name="Jarii">Jarii</span>:</strong> <em>Knew it was shuca</em></div><div class="chat"><small>hogg joined.</small></div><div class="chat"><small>mael ♥ joined.</small></div><div class="chat chatmessage-arifeen"><strong style="color:hsl(351,68%,47.77101180383878%)"><small>+</small><span class="username" data-name="Arifeen.">Arifeen.</span>:</strong> <em>ma nigga</em></div><div class="chat chatmessage-arifeen"><strong style="color:hsl(351,68%,47.77101180383878%)"><small>+</small><span class="username" data-name="Arifeen.">Arifeen.</span>:</strong> <em>knows</em></div><div class="chat"><small>The Welsh Wall joined.</small></div><div class="chat"><small>SolidSweeps joined.</small></div><div class="spacer battle-history"><br></div><div class="battle-history">Kushalos withdrew Drapion!<br></div><div class="battle-history">Kushalos sent out <strong>Emboar</strong>!<br></div><div class="spacer battle-history"><br></div><div class="battle-history">Articuno used <strong>Frost Breath</strong>!<br></div><div class="battle-history"><small>It's not very effective...</small><br></div><div class="battle-history"><small>A critical hit!</small><br></div><div class="battle-history"><small>(The opposing Emboar lost <abbr title="−67/424">15.8%</abbr> of its health!)</small><br></div><div class="spacer battle-history"><br></div><div class="battle-history"><small>Articuno restored a little HP using its Leftovers!</small><br></div><div class="battle-history"><small>The opposing Emboar restored a little HP using its Leftovers!</small><br></div><div class="spacer battle-history"><br></div><h2 class="battle-history">Turn 3</h2><div class="spacer battle-history"><br></div><div class="battle-history">Articuno, come back!<br></div><div class="battle-history">Go! <strong>Uxie</strong>!<br></div><div class="spacer battle-history"><br></div><div class="battle-history">The opposing Emboar used <strong>Protect</strong>!<br></div><div class="battle-history"><small>But it failed!</small><br></div><div class="spacer battle-history"><br></div><div class="battle-history"><small>The opposing Emboar restored a little HP using its Leftovers!</small><br></div><div class="spacer battle-history"><br></div><h2 class="battle-history">Turn 4</h2><div class="chat chatmessage-manipulative"><strong style="color:hsl(245,69%,64.06639321633334%)"><small>+</small><span class="username" data-name="Manipulative">Manipulative</span>:</strong> <em>hogg :D!</em></div><div class="chat"><small>Serene's Grace joined.</small></div><div class="chat chatmessage-chillshadow"><strong style="color:hsl(116,47%,43%)"><small>★</small><span class="username" data-name="ChillShadow">ChillShadow</span>:</strong> <em>nice</em></div><div class="chat"><small>OragIve joined.</small></div><div class="chat chatmessage-arifeen"><strong style="color:hsl(351,68%,47.77101180383878%)"><small>+</small><span class="username" data-name="Arifeen.">Arifeen.</span>:</strong> <em>hogg</em></div><div class="chat chatmessage-solidsweeps"><strong style="color:hsl(194,61%,43.333333333333336%)"><small> </small><span class="username" data-name="SolidSweeps">SolidSweeps</span>:</strong> <em>ay im going to Groningen tonight</em></div><div class="chat chatmessage-arifeen"><strong style="color:hsl(351,68%,47.77101180383878%)"><small>+</small><span class="username" data-name="Arifeen.">Arifeen.</span>:</strong> <em>hows ur son?</em></div><div class="chat chatmessage-solidsweeps"><strong style="color:hsl(194,61%,43.333333333333336%)"><small> </small><span class="username" data-name="SolidSweeps">SolidSweeps</span>:</strong> <em>nye party</em></div><div class="chat chatmessage-hogg"><strong style="color:hsl(295,48%,46.495355361408%)"><small>+</small><span class="username" data-name="hogg">hogg</span>:</strong> <em>Currently staring at airplanes</em></div><div class="spacer battle-history"><br></div><div class="battle-history">Uxie used <strong>Stealth Rock</strong>!<br></div><div class="battle-history"><small>Pointed stones float in the air around the opposing team!</small><br></div><div class="spacer battle-history"><br></div><div class="battle-history">The opposing Emboar used <strong>Will-O-Wisp</strong>!<br></div><div class="battle-history"><small>Uxie was burned!</small><br></div><div class="spacer battle-history"><br></div><div class="battle-history"><small>The opposing Emboar restored a little HP using its Leftovers!</small><br></div><div class="battle-history"><small>Uxie was hurt by its burn!</small><br></div><div class="spacer battle-history"><br></div><h2 class="battle-history">Turn 5</h2><div class="chat chatmessage-arifeen"><strong style="color:hsl(351,68%,47.77101180383878%)"><small>+</small><span class="username" data-name="Arifeen.">Arifeen.</span>:</strong> <em>awh thats cute</em></div><div class="chat chatmessage-arifeen"><strong style="color:hsl(351,68%,47.77101180383878%)"><small>+</small><span class="username" data-name="Arifeen.">Arifeen.</span>:</strong> <em>:D</em></div><div class="spacer battle-history"><br></div><div class="battle-history">Kushalos withdrew Emboar!<br></div><div class="battle-history">Kushalos sent out <strong>Slowking</strong>!<br></div><div class="battle-history"><small>Pointed stones dug into the opposing Slowking!</small><br></div><div class="spacer battle-history"><br></div><div class="battle-history">Uxie used <strong>U-turn</strong>!<br></div><div class="battle-history"><small>It's super effective!</small><br></div><div class="battle-history"><small>(The opposing Slowking lost <abbr title="−32/393">8.1%</abbr> of its health!)</small><br></div><div class="spacer battle-history"><br></div><div class="battle-history">Uxie went back to ChillShadow!<br></div><div class="battle-history">Go! <strong>Articuno</strong>!<br></div><div class="battle-history"><small>[Articuno's Pressure]</small><br><small>Articuno is exerting its pressure!</small><br></div><div class="spacer battle-history"><br></div><div class="battle-history"><small>Articuno restored a little HP using its Leftovers!</small><br></div><div class="spacer battle-history"><br></div><h2 class="battle-history">Turn 6</h2><div class="chat chatmessage-jarii"><strong style="color:hsl(310,42%,50.9489615405014%)"><small>+</small><span class="username" data-name="Jarii">Jarii</span>:</strong> <em>Tony already a happy new year!</em></div><div class="spacer battle-history"><br></div><div class="battle-history">Kushalos withdrew Slowking!<br></div><div class="battle-history">Kushalos sent out <strong>Registeel</strong>!<br></div><div class="battle-history"><small>Pointed stones dug into the opposing Registeel!</small><br></div><div class="spacer battle-history"><br></div><div class="battle-history">Articuno used <strong>Substitute</strong>!<br></div><div class="battle-history"><small>Articuno put in a substitute!</small><br></div><div class="battle-history"><small>(Articuno lost <abbr title="−96/384">25%</abbr> of its health!)</small><br></div><div class="spacer battle-history"><br></div><div class="battle-history"><small>Articuno restored a little HP using its Leftovers!</small><br></div><div class="battle-history"><small>The opposing Registeel restored a little HP using its Leftovers!</small><br></div><div class="spacer battle-history"><br></div><h2 class="battle-history">Turn 7</h2><div class="spacer battle-history"><br></div><div class="battle-history">Articuno, come back!<br></div><div class="battle-history">Go! <strong>Magneton</strong>!<br></div><div class="spacer battle-history"><br></div><div class="battle-history">Kushalos withdrew Registeel!<br></div><div class="battle-history">Kushalos sent out <strong>Slowking</strong>!<br></div><div class="battle-history"><small>Pointed stones dug into the opposing Slowking!</small><br></div><div class="spacer battle-history"><br></div><h2 class="battle-history">Turn 8</h2><div class="spacer battle-history"><br></div><div class="battle-history">Kushalos withdrew Slowking!<br></div><div class="battle-history">Kushalos sent out Rotom (<strong>Rotom-Mow</strong>)!<br></div><div class="battle-history"><small>Pointed stones dug into the opposing Rotom!</small><br></div><div class="spacer battle-history"><br></div><div class="battle-history">Magneton used <strong>Thunderbolt</strong>!<br></div><div class="battle-history"><small>It's not very effective...</small><br></div><div class="battle-history"><small>(The opposing Rotom lost <abbr title="−40/241">16.6%</abbr> of its health!)</small><br></div><div class="spacer battle-history"><br></div><div class="battle-history"><small>The opposing Rotom restored a little HP using its Leftovers!</small><br></div><div class="spacer battle-history"><br></div><h2 class="battle-history">Turn 9</h2><div class="chat"><small>snagaa joined.</small></div><div class="spacer battle-history"><br></div><div class="battle-history">Magneton, come back!<br></div><div class="battle-history">Go! <strong>Uxie</strong>!<br></div><div class="spacer battle-history"><br></div><div class="battle-history">The opposing Rotom used <strong>Will-O-Wisp</strong>!<br></div><div class="battle-history"><small>Uxie already has a burn.</small><br></div><div class="spacer battle-history"><br></div><div class="battle-history"><small>The opposing Rotom restored a little HP using its Leftovers!</small><br></div><div class="battle-history"><small>Uxie was hurt by its burn!</small><br></div><div class="spacer battle-history"><br></div><h2 class="battle-history">Turn 10</h2><div class="spacer battle-history"><br></div><div class="battle-history">The opposing Rotom used <strong>Leaf Storm</strong>!<br></div><div class="battle-history"><small>(Uxie lost <abbr title="−153/354">43.2%</abbr> of its health!)</small><br></div><div class="battle-history"><small>The opposing Rotom's Special Attack fell harshly!</small><br></div><div class="spacer battle-history"><br></div><div class="battle-history">Uxie used <strong>U-turn</strong>!<br></div><div class="battle-history"><small>It's super effective!</small><br></div><div class="battle-history"><small>(The opposing Rotom lost <abbr title="−37/241">15.4%</abbr> of its health!)</small><br></div><div class="spacer battle-history"><br></div><div class="battle-history">Uxie went back to ChillShadow!<br></div><div class="battle-history">Go! <strong>Flygon</strong>!<br></div><div class="spacer battle-history"><br></div><div class="battle-history"><small>The opposing Rotom restored a little HP using its Leftovers!</small><br></div><div class="spacer battle-history"><br></div><h2 class="battle-history">Turn 11</h2><div class="spacer battle-history"><br></div><div class="battle-history">Kushalos withdrew Rotom!<br></div><div class="battle-history">Kushalos sent out <strong>Slowking</strong>!<br></div><div class="battle-history"><small>Pointed stones dug into the opposing Slowking!</small><br></div><div class="spacer battle-history"><br></div><div class="battle-history">Flygon used <strong>U-turn</strong>!<br></div><div class="battle-history"><small>It's super effective!</small><br></div><div class="battle-history"><small>(The opposing Slowking lost <abbr title="−118/393">30.0%</abbr> of its health!)</small><br></div><div class="chat"><small>hogg left.</small></div><div class="spacer battle-history"><br></div><div class="battle-history">Flygon went back to ChillShadow!<br></div><div class="battle-history">Go! <strong>Articuno</strong>!<br></div><div class="battle-history"><small>[Articuno's Pressure]</small><br><small>Articuno is exerting its pressure!</small><br></div><div class="spacer battle-history"><br></div><div class="battle-history"><small>Articuno restored a little HP using its Leftovers!</small><br></div><div class="spacer battle-history"><br></div><h2 class="battle-history">Turn 12</h2><div class="spacer battle-history"><br></div><div class="battle-history">Kushalos withdrew Slowking!<br></div><div class="battle-history">Kushalos sent out <strong>Registeel</strong>!<br></div><div class="battle-history"><small>Pointed stones dug into the opposing Registeel!</small><br></div><div class="spacer battle-history"><br></div><div class="battle-history">Articuno used <strong>Substitute</strong>!<br></div><div class="battle-history"><small>Articuno put in a substitute!</small><br></div><div class="battle-history"><small>(Articuno lost <abbr title="−96/384">25%</abbr> of its health!)</small><br></div><div class="spacer battle-history"><br></div><div class="battle-history"><small>Articuno restored a little HP using its Leftovers!</small><br></div><div class="battle-history"><small>The opposing Registeel restored a little HP using its Leftovers!</small><br></div><div class="spacer battle-history"><br></div><h2 class="battle-history">Turn 13</h2><div class="spacer battle-history"><br></div><div class="battle-history">Articuno, come back!<br></div><div class="battle-history">Go! <strong>Magneton</strong>!<br></div><div class="spacer battle-history"><br></div><div class="battle-history">The opposing Registeel used <strong>Stealth Rock</strong>!<br></div><div class="battle-history"><small>Pointed stones float in the air around your team!</small><br></div><div class="spacer battle-history"><br></div><h2 class="battle-history">Turn 14</h2><div class="spacer battle-history"><br></div><div class="battle-history">Magneton used <strong>Thunderbolt</strong>!<br></div><div class="battle-history"><small>(The opposing Registeel lost <abbr title="−94/364">25.8%</abbr> of its health!)</small><br></div><div class="spacer battle-history"><br></div><div class="battle-history">The opposing Registeel used <strong>Seismic Toss</strong>!<br></div><div class="battle-history"><small>(Magneton lost <abbr title="−100/301">33.2%</abbr> of its health!)</small><br></div><div class="spacer battle-history"><br></div><div class="battle-history"><small>The opposing Registeel restored a little HP using its Leftovers!</small><br></div><div class="spacer battle-history"><br></div><h2 class="battle-history">Turn 15</h2><div class="chat chatmessage-chillshadow"><strong style="color:hsl(116,47%,43%)"><small>★</small><span class="username" data-name="ChillShadow">ChillShadow</span>:</strong> <em>;D</em></div><div class="spacer battle-history"><br></div><div class="battle-history">Magneton used <strong>Thunderbolt</strong>!<br></div><div class="battle-history"><small>A critical hit!</small><br></div><div class="battle-history"><small>(The opposing Registeel lost <abbr title="−127/364">34.9%</abbr> of its health!)</small><br></div><div class="spacer battle-history"><br></div><div class="battle-history">The opposing Registeel used <strong>Seismic Toss</strong>!<br></div><div class="battle-history"><small>(Magneton lost <abbr title="−100/301">33.2%</abbr> of its health!)</small><br></div><div class="spacer battle-history"><br></div><div class="battle-history"><small>The opposing Registeel restored a little HP using its Leftovers!</small><br></div><div class="spacer battle-history"><br></div><h2 class="battle-history">Turn 16</h2><div class="chat chatmessage-arifeen"><strong style="color:hsl(351,68%,47.77101180383878%)"><small>+</small><span class="username" data-name="Arifeen.">Arifeen.</span>:</strong> <em>;D</em></div><div class="spacer battle-history"><br></div><div class="battle-history">Magneton used <strong>Thunderbolt</strong>!<br></div><div class="battle-history"><small>(The opposing Registeel lost <abbr title="−93/364">25.5%</abbr> of its health!)</small><br></div><div class="spacer battle-history"><br></div><div class="battle-history">The opposing Registeel used <strong>Seismic Toss</strong>!<br></div><div class="battle-history"><small>(Magneton lost <abbr title="−100/301">33.2%</abbr> of its health!)</small><br></div><div class="spacer battle-history"><br></div><div class="battle-history"><small>The opposing Registeel restored a little HP using its Leftovers!</small><br></div><div class="spacer battle-history"><br></div><h2 class="battle-history">Turn 17</h2><div class="chat chatmessage-snagaa"><strong style="color:hsl(343,43%,47.900680738271376%)"><small> </small><span class="username" data-name="snagaa">snagaa</span>:</strong> <em>This set is still bad</em></div><div class="chat chatmessage-kushalos"><strong style="color:hsl(241,86%,63.275220778172695%)"><small>★</small><span class="username" data-name="Kushalos">Kushalos</span>:</strong> <em>word</em></div><div class="chat"><small>DrapionSwing joined.</small></div><div class="chat chatmessage-tony"><strong style="color:hsl(312,63%,41.3846416864007%)"><small> </small><span class="username" data-name="Tony">Tony</span>:</strong> <em>crit again</em></div><div class="chat chatmessage-jarii"><strong style="color:hsl(310,42%,50.9489615405014%)"><small>+</small><span class="username" data-name="Jarii">Jarii</span>:</strong> <em>You mean worth</em></div><div class="chat chatmessage-kushalos"><strong style="color:hsl(241,86%,63.275220778172695%)"><small>★</small><span class="username" data-name="Kushalos">Kushalos</span>:</strong> <em>wait is this</em></div><div class="chat chatmessage-kushalos"><strong style="color:hsl(241,86%,63.275220778172695%)"><small>★</small><span class="username" data-name="Kushalos">Kushalos</span>:</strong> <em>specs</em></div><div class="chat chatmessage-kushalos"><strong style="color:hsl(241,86%,63.275220778172695%)"><small>★</small><span class="username" data-name="Kushalos">Kushalos</span>:</strong> <em>or</em></div><div class="chat chatmessage-kushalos"><strong style="color:hsl(241,86%,63.275220778172695%)"><small>★</small><span class="username" data-name="Kushalos">Kushalos</span>:</strong> <em>fuck</em></div><div class="chat chatmessage-chillshadow"><strong style="color:hsl(116,47%,43%)"><small>★</small><span class="username" data-name="ChillShadow">ChillShadow</span>:</strong> <em>what do u think</em></div><div class="chat chatmessage-kushalos"><strong style="color:hsl(241,86%,63.275220778172695%)"><small>★</small><span class="username" data-name="Kushalos">Kushalos</span>:</strong> <em>i wasnt paying attention</em></div><div class="chat chatmessage-arifeen"><strong style="color:hsl(351,68%,47.77101180383878%)"><small>+</small><span class="username" data-name="Arifeen.">Arifeen.</span>:</strong> <em>what do u think</em></div><div class="chat chatmessage-snagaa"><strong style="color:hsl(343,43%,47.900680738271376%)"><small> </small><span class="username" data-name="snagaa">snagaa</span>:</strong> <em>Not charge beam</em></div><div class="chat chatmessage-arifeen"><strong style="color:hsl(351,68%,47.77101180383878%)"><small>+</small><span class="username" data-name="Arifeen.">Arifeen.</span>:</strong> <em>u bitch</em></div><div class="chat chatmessage-chillshadow"><strong style="color:hsl(116,47%,43%)"><small>★</small><span class="username" data-name="ChillShadow">ChillShadow</span>:</strong> <em>not charge beam</em></div><div class="spacer battle-history"><br></div><div class="battle-history">The opposing Registeel used <strong>Protect</strong>!<br></div><div class="battle-history"><small>The opposing Registeel protected itself!</small><br></div><div class="spacer battle-history"><br></div><div class="battle-history">Magneton used <strong>Rest</strong>!<br></div><div class="battle-history"><small>Magneton fell asleep!</small><br></div><div class="battle-history"><small>Magneton slept and became healthy!</small><br></div><div class="spacer battle-history"><br></div><div class="battle-history"><small>The opposing Registeel restored a little HP using its Leftovers!</small><br></div><div class="spacer battle-history"><br></div><h2 class="battle-history">Turn 18</h2><div class="chat chatmessage-kushalos"><strong style="color:hsl(241,86%,63.275220778172695%)"><small>★</small><span class="username" data-name="Kushalos">Kushalos</span>:</strong> <em>i was</em></div><div class="chat chatmessage-kushalos"><strong style="color:hsl(241,86%,63.275220778172695%)"><small>★</small><span class="username" data-name="Kushalos">Kushalos</span>:</strong> <em>looking at the damage</em></div><div class="chat chatmessage-jarii"><strong style="color:hsl(310,42%,50.9489615405014%)"><small>+</small><span class="username" data-name="Jarii">Jarii</span>:</strong> <em>LOL</em></div><div class="chat chatmessage-kushalos"><strong style="color:hsl(241,86%,63.275220778172695%)"><small>★</small><span class="username" data-name="Kushalos">Kushalos</span>:</strong> <em>yeah ur</em></div><div class="chat chatmessage-arifeen"><strong style="color:hsl(351,68%,47.77101180383878%)"><small>+</small><span class="username" data-name="Arifeen.">Arifeen.</span>:</strong> <em>have fun</em></div><div class="chat chatmessage-kushalos"><strong style="color:hsl(241,86%,63.275220778172695%)"><small>★</small><span class="username" data-name="Kushalos">Kushalos</span>:</strong> <em>so fucking gay</em></div><div class="chat chatmessage-manipulative"><strong style="color:hsl(245,69%,64.06639321633334%)"><small>+</small><span class="username" data-name="Manipulative">Manipulative</span>:</strong> <em>rip</em></div><div class="chat chatmessage-arifeen"><strong style="color:hsl(351,68%,47.77101180383878%)"><small>+</small><span class="username" data-name="Arifeen.">Arifeen.</span>:</strong> <em>LOL</em></div><div class="chat chatmessage-kushalos"><strong style="color:hsl(241,86%,63.275220778172695%)"><small>★</small><span class="username" data-name="Kushalos">Kushalos</span>:</strong> <em>i hate this fucking mon</em></div><div class="chat chatmessage-kushalos"><strong style="color:hsl(241,86%,63.275220778172695%)"><small>★</small><span class="username" data-name="Kushalos">Kushalos</span>:</strong> <em>its</em></div><div class="chat chatmessage-arifeen"><strong style="color:hsl(351,68%,47.77101180383878%)"><small>+</small><span class="username" data-name="Arifeen.">Arifeen.</span>:</strong> <em>CHILL SHADOW</em></div><div class="chat chatmessage-arifeen"><strong style="color:hsl(351,68%,47.77101180383878%)"><small>+</small><span class="username" data-name="Arifeen.">Arifeen.</span>:</strong> <em>IS MY</em></div><div class="chat chatmessage-captknightwalker"><strong style="color:hsl(48,43%,34%)"><small> </small><span class="username" data-name="CaptKnightwalker">CaptKnightwalker</span>:</strong> <em>lol</em></div><div class="chat chatmessage-kushalos"><strong style="color:hsl(241,86%,63.275220778172695%)"><small>★</small><span class="username" data-name="Kushalos">Kushalos</span>:</strong> <em>so broken</em></div><div class="chat chatmessage-arifeen"><strong style="color:hsl(351,68%,47.77101180383878%)"><small>+</small><span class="username" data-name="Arifeen.">Arifeen.</span>:</strong> <em>NIGGA</em></div><div class="chat chatmessage-arifeen"><strong style="color:hsl(351,68%,47.77101180383878%)"><small>+</small><span class="username" data-name="Arifeen.">Arifeen.</span>:</strong> <em>LOL</em></div><div class="chat chatmessage-chillshadow"><strong style="color:hsl(116,47%,43%)"><small>★</small><span class="username" data-name="ChillShadow">ChillShadow</span>:</strong> <em>i hope this wasnt ur only</em></div><div class="chat chatmessage-kushalos"><strong style="color:hsl(241,86%,63.275220778172695%)"><small>★</small><span class="username" data-name="Kushalos">Kushalos</span>:</strong> <em>this is the first time</em></div><div class="chat chatmessage-kushalos"><strong style="color:hsl(241,86%,63.275220778172695%)"><small>★</small><span class="username" data-name="Kushalos">Kushalos</span>:</strong> <em>im bringing a registeel too</em></div><div class="chat chatmessage-jarii"><strong style="color:hsl(310,42%,50.9489615405014%)"><small>+</small><span class="username" data-name="Jarii">Jarii</span>:</strong> <em>ILY ChillShadow</em></div><div class="chat chatmessage-chillshadow"><strong style="color:hsl(116,47%,43%)"><small>★</small><span class="username" data-name="ChillShadow">ChillShadow</span>:</strong> <em>articuno counter</em></div><div class="chat chatmessage-kushalos"><strong style="color:hsl(241,86%,63.275220778172695%)"><small>★</small><span class="username" data-name="Kushalos">Kushalos</span>:</strong> <em>and he has</em></div><div class="chat chatmessage-kushalos"><strong style="color:hsl(241,86%,63.275220778172695%)"><small>★</small><span class="username" data-name="Kushalos">Kushalos</span>:</strong> <em>the magneton</em></div><div class="spacer battle-history"><br></div><div class="battle-history">Magneton is fast asleep.<br></div><div class="spacer battle-history"><br></div><div class="battle-history">The opposing Registeel used <strong>Seismic Toss</strong>!<br></div><div class="battle-history"><small>(Magneton lost <abbr title="−100/301">33.2%</abbr> of its health!)</small><br></div><div class="spacer battle-history"><br></div><div class="battle-history"><small>The opposing Registeel restored a little HP using its Leftovers!</small><br></div><div class="spacer battle-history"><br></div><h2 class="battle-history">Turn 19</h2><div class="spacer battle-history"><br></div><div class="battle-history">Magneton is fast asleep.<br></div><div class="spacer battle-history"><br></div><div class="battle-history">The opposing Registeel used <strong>Seismic Toss</strong>!<br></div><div class="battle-history"><small>(Magneton lost <abbr title="−100/301">33.2%</abbr> of its health!)</small><br></div><div class="spacer battle-history"><br></div><div class="battle-history"><small>The opposing Registeel restored a little HP using its Leftovers!</small><br></div><div class="spacer battle-history"><br></div><h2 class="battle-history">Turn 20</h2><div class="spacer battle-history"><br></div><div class="battle-history">The opposing Registeel used <strong>Protect</strong>!<br></div><div class="battle-history"><small>The opposing Registeel protected itself!</small><br></div><div class="battle-history"><small>Magneton woke up!</small><br></div><div class="spacer battle-history"><br></div><div class="battle-history">Magneton used <strong>Thunderbolt</strong>!<br></div><div class="battle-history"><small>The opposing Registeel protected itself!</small><br></div><div class="spacer battle-history"><br></div><div class="battle-history"><small>The opposing Registeel restored a little HP using its Leftovers!</small><br></div><div class="spacer battle-history"><br></div><h2 class="battle-history">Turn 21</h2><div class="chat chatmessage-tony"><strong style="color:hsl(312,63%,41.3846416864007%)"><small> </small><span class="username" data-name="Tony">Tony</span>:</strong> <em>this tournament has made genuinely dislike arifeen good god you are cringy</em></div><div class="spacer battle-history"><br></div><div class="battle-history">Magneton used <strong>Thunderbolt</strong>!<br></div><div class="battle-history"><small>(The opposing Registeel lost <abbr title="−90/364">24.7%</abbr> of its health!)</small><br></div><div class="spacer battle-history"><br></div><div class="battle-history">The opposing Registeel used <strong>Toxic</strong>!<br></div><div class="battle-history"><small>It doesn't affect Magneton...</small><br></div><div class="spacer battle-history"><br></div><div class="battle-history"><small>The opposing Registeel restored a little HP using its Leftovers!</small><br></div><div class="spacer battle-history"><br></div><h2 class="battle-history">Turn 22</h2><div class="chat chatmessage-arifeen"><strong style="color:hsl(351,68%,47.77101180383878%)"><small>+</small><span class="username" data-name="Arifeen.">Arifeen.</span>:</strong> <em>....</em></div><div class="chat chatmessage-arifeen"><strong style="color:hsl(351,68%,47.77101180383878%)"><small>+</small><span class="username" data-name="Arifeen.">Arifeen.</span>:</strong> <em>hello</em></div><div class="chat chatmessage-eyan"><strong style="color:hsl(285,79%,43.2486436064937%)"><small>@</small><span class="username" data-name="Eyan">Eyan</span>:</strong> <em>Vote to ban arifeen?</em></div><div class="spacer battle-history"><br></div><div class="battle-history">Magneton used <strong>Thunderbolt</strong>!<br></div><div class="battle-history"><small>(The opposing Registeel lost <abbr title="−93/364">25.5%</abbr> of its health!)</small><br></div><div class="spacer battle-history"><br></div><div class="battle-history">The opposing Registeel used <strong>Toxic</strong>!<br></div><div class="battle-history"><small>It doesn't affect Magneton...</small><br></div><div class="spacer battle-history"><br></div><div class="battle-history"><small>The opposing Registeel restored a little HP using its Leftovers!</small><br></div><div class="spacer battle-history"><br></div><h2 class="battle-history">Turn 23</h2><div class="chat chatmessage-arifeen"><strong style="color:hsl(351,68%,47.77101180383878%)"><small>+</small><span class="username" data-name="Arifeen.">Arifeen.</span>:</strong> <em>I swear</em></div><div class="chat chatmessage-jarii"><strong style="color:hsl(310,42%,50.9489615405014%)"><small>+</small><span class="username" data-name="Jarii">Jarii</span>:</strong> <em>It's fine Tony we dislike Arifeen as well</em></div><div class="spacer battle-history"><br></div><div class="battle-history">Magneton used <strong>Rest</strong>!<br></div><div class="battle-history"><small>Magneton fell asleep!</small><br></div><div class="battle-history"><small>Magneton slept and became healthy!</small><br></div><div class="spacer battle-history"><br></div><div class="battle-history">The opposing Registeel used <strong>Seismic Toss</strong>!<br></div><div class="battle-history"><small>(Magneton lost <abbr title="−100/301">33.2%</abbr> of its health!)</small><br></div><div class="spacer battle-history"><br></div><div class="battle-history"><small>The opposing Registeel restored a little HP using its Leftovers!</small><br></div><div class="spacer battle-history"><br></div><h2 class="battle-history">Turn 24</h2><div class="chat chatmessage-solidsweeps"><strong style="color:hsl(194,61%,43.333333333333336%)"><small> </small><span class="username" data-name="SolidSweeps">SolidSweeps</span>:</strong> <em>finna choke</em></div><div class="spacer battle-history"><br></div><div class="battle-history">Magneton is fast asleep.<br></div><div class="spacer battle-history"><br></div><div class="battle-history">The opposing Registeel used <strong>Seismic Toss</strong>!<br></div><div class="battle-history"><small>(Magneton lost <abbr title="−100/301">33.2%</abbr> of its health!)</small><br></div><div class="spacer battle-history"><br></div><div class="battle-history"><small>The opposing Registeel restored a little HP using its Leftovers!</small><br></div><div class="spacer battle-history"><br></div><h2 class="battle-history">Turn 25</h2><div class="spacer battle-history"><br></div><div class="battle-history">The opposing Registeel used <strong>Protect</strong>!<br></div><div class="battle-history"><small>The opposing Registeel protected itself!</small><br></div><div class="spacer battle-history"><br></div><div class="battle-history">Magneton is fast asleep.<br></div><div class="spacer battle-history"><br></div><div class="battle-history"><small>The opposing Registeel restored a little HP using its Leftovers!</small><br></div><div class="spacer battle-history"><br></div><h2 class="battle-history">Turn 26</h2><div class="spacer battle-history"><br></div><div class="battle-history"><small>Magneton woke up!</small><br></div><div class="spacer battle-history"><br></div><div class="battle-history">Magneton used <strong>Thunderbolt</strong>!<br></div><div class="battle-history"><small>A critical hit!</small><br></div><div class="battle-history"><small>(The opposing Registeel lost <abbr title="−131/364">36.0%</abbr> of its health!)</small><br></div><div class="spacer battle-history"><br></div><div class="battle-history">The opposing Registeel fainted!<br></div><div class="chat chatmessage-chillshadow"><strong style="color:hsl(116,47%,43%)"><small>★</small><span class="username" data-name="ChillShadow">ChillShadow</span>:</strong> <em>:[</em></div><div class="chat chatmessage-manipulative"><strong style="color:hsl(245,69%,64.06639321633334%)"><small>+</small><span class="username" data-name="Manipulative">Manipulative</span>:</strong> <em>lol</em></div><div class="spacer battle-history"><br></div><div class="battle-history">Kushalos sent out <strong>Emboar</strong>!<br></div><div class="battle-history"><small>Pointed stones dug into the opposing Emboar!</small><br></div><div class="spacer battle-history"><br></div><h2 class="battle-history">Turn 27</h2><div class="spacer battle-history"><br></div><div class="battle-history">Kushalos withdrew Emboar!<br></div><div class="battle-history">Kushalos sent out Rotom (<strong>Rotom-Mow</strong>)!<br></div><div class="battle-history"><small>Pointed stones dug into the opposing Rotom!</small><br></div><div class="spacer battle-history"><br></div><div class="battle-history">Magneton used <strong>Thunderbolt</strong>!<br></div><div class="battle-history"><small>It's not very effective...</small><br></div><div class="battle-history"><small>(The opposing Rotom lost <abbr title="−38/241">15.8%</abbr> of its health!)</small><br></div><div class="spacer battle-history"><br></div><div class="battle-history"><small>The opposing Rotom restored a little HP using its Leftovers!</small><br></div><div class="spacer battle-history"><br></div><h2 class="battle-history">Turn 28</h2><div class="spacer battle-history"><br></div><div class="battle-history">The opposing Rotom used <strong>Leaf Storm</strong>!<br></div><div class="battle-history"><small>It's not very effective...</small><br></div><div class="battle-history"><small>(Magneton lost <abbr title="−89/301">29.6%</abbr> of its health!)</small><br></div><div class="battle-history"><small>The opposing Rotom's Special Attack fell harshly!</small><br></div><div class="spacer battle-history"><br></div><div class="battle-history">Magneton used <strong>Hidden Power</strong>!<br></div><div class="battle-history"><small>It's super effective!</small><br></div><div class="battle-history"><small>(The opposing Rotom lost <abbr title="−126/241">52.3%</abbr> of its health!)</small><br></div><div class="spacer battle-history"><br></div><div class="battle-history">The opposing Rotom fainted!<br></div><div class="chat chatmessage-arifeen"><strong style="color:hsl(351,68%,47.77101180383878%)"><small>+</small><span class="username" data-name="Arifeen.">Arifeen.</span>:</strong> <em>amazing</em></div><div class="spacer battle-history"><br></div><div class="battle-history">Kushalos sent out <strong>Flygon</strong>!<br></div><div class="battle-history"><small>Pointed stones dug into the opposing Flygon!</small><br></div><div class="spacer battle-history"><br></div><h2 class="battle-history">Turn 29</h2><div class="chat chatmessage-jarii"><strong style="color:hsl(310,42%,50.9489615405014%)"><small>+</small><span class="username" data-name="Jarii">Jarii</span>:</strong> <em>This magneton</em></div><div class="chat chatmessage-chillshadow"><strong style="color:hsl(116,47%,43%)"><small>★</small><span class="username" data-name="ChillShadow">ChillShadow</span>:</strong> <em>it's for esca not regi</em></div><div class="chat chatmessage-chillshadow"><strong style="color:hsl(116,47%,43%)"><small>★</small><span class="username" data-name="ChillShadow">ChillShadow</span>:</strong> <em>but regi works</em></div><div class="spacer battle-history"><br></div><div class="battle-history">The opposing Flygon used <strong>Earthquake</strong>!<br></div><div class="battle-history"><small>It's super effective!</small><br></div><div class="battle-history"><small>(Magneton lost <abbr title="−12/301">4.0%</abbr> of its health!)</small><br></div><div class="spacer battle-history"><br></div><div class="battle-history">Magneton fainted!<br></div><div class="spacer battle-history"><br></div><div class="battle-history"><small>The opposing Flygon restored a little HP using its Leftovers!</small><br></div><div class="chat chatmessage-arifeen"><strong style="color:hsl(351,68%,47.77101180383878%)"><small>+</small><span class="username" data-name="Arifeen.">Arifeen.</span>:</strong> <em>y</em></div><div class="spacer battle-history"><br></div><div class="battle-history">Go! <strong>Blastoise</strong>!<br></div><div class="battle-history"><small>Pointed stones dug into Blastoise!</small><br></div><div class="spacer battle-history"><br></div><h2 class="battle-history">Turn 30</h2><div class="spacer battle-history"><br></div><div class="battle-history">The opposing Flygon used <strong>U-turn</strong>!<br></div><div class="battle-history"><small>(Blastoise lost <abbr title="−41/362">11.3%</abbr> of its health!)</small><br></div><div class="spacer battle-history"><br></div><div class="battle-history">The opposing Flygon went back to Kushalos!<br></div><div class="battle-history">Kushalos sent out <strong>Drapion</strong>!<br></div><div class="battle-history"><small>Pointed stones dug into the opposing Drapion!</small><br></div><div class="spacer battle-history"><br></div><div class="battle-history">Blastoise used <strong>Rapid Spin</strong>!<br></div><div class="battle-history"><small>(The opposing Drapion lost <abbr title="−11/281">3.9%</abbr> of its health!)</small><br></div><div class="battle-history"><small>The pointed stones disappeared from around your team!</small><br></div><div class="spacer battle-history"><br></div><div class="battle-history"><small>Blastoise restored a little HP using its Leftovers!</small><br></div><div class="spacer battle-history"><br></div><h2 class="battle-history">Turn 31</h2><div class="spacer battle-history"><br></div><div class="battle-history">The opposing Drapion used <strong>Knock Off</strong>!<br></div><div class="battle-history"><small>(Blastoise lost <abbr title="−109/362">30.1%</abbr> of its health!)</small><br></div><div class="battle-history"><small>The opposing Drapion knocked off Blastoise's Leftovers!</small><br></div><div class="spacer battle-history"><br></div><div class="battle-history">Blastoise used <strong>Scald</strong>!<br></div><div class="battle-history"><small>(The opposing Drapion lost <abbr title="−96/281">34.2%</abbr> of its health!)</small><br></div><div class="spacer battle-history"><br></div><h2 class="battle-history">Turn 32</h2><div class="spacer battle-history"><br></div><div class="battle-history">The opposing Drapion used <strong>Knock Off</strong>!<br></div><div class="battle-history"><small>A critical hit!</small><br></div><div class="battle-history"><small>(Blastoise lost <abbr title="−154/362">42.5%</abbr> of its health!)</small><br></div><div class="spacer battle-history"><br></div><div class="battle-history">Blastoise used <strong>Scald</strong>!<br></div><div class="battle-history"><small>(The opposing Drapion lost <abbr title="−70/281">24.9%</abbr> of its health!)</small><br></div><div class="spacer battle-history"><br></div><div class="battle-history">The opposing Drapion fainted!<br></div><div class="spacer battle-history"><br></div><div class="battle-history">Kushalos sent out <strong>Flygon</strong>!<br></div><div class="battle-history"><small>Pointed stones dug into the opposing Flygon!</small><br></div><div class="spacer battle-history"><br></div><h2 class="battle-history">Turn 33</h2><div class="spacer battle-history"><br></div><div class="battle-history">Blastoise, come back!<br></div><div class="battle-history">Go! <strong>Uxie</strong>!<br></div><div class="spacer battle-history"><br></div><div class="battle-history">The opposing Flygon used <strong>Defog</strong>!<br></div><div class="battle-history"><small>Uxie's evasiveness fell!</small><br></div><div class="battle-history"><small>The pointed stones disappeared from around the opposing team!</small><br></div><div class="spacer battle-history"><br></div><div class="battle-history"><small>The opposing Flygon restored a little HP using its Leftovers!</small><br></div><div class="battle-history"><small>Uxie was hurt by its burn!</small><br></div><div class="spacer battle-history"><br></div><h2 class="battle-history">Turn 34</h2><div class="spacer battle-history"><br></div><div class="battle-history">The opposing Flygon used <strong>U-turn</strong>!<br></div><div class="battle-history"><small>It's super effective!</small><br></div><div class="battle-history"><small>(Uxie lost <abbr title="−69/354">19.5%</abbr> of its health!)</small><br></div><div class="spacer battle-history"><br></div><div class="battle-history">Uxie fainted!<br></div><div class="spacer battle-history"><br></div><div class="battle-history">The opposing Flygon went back to Kushalos!<br></div><div class="battle-history">Kushalos sent out <strong>Emboar</strong>!<br></div><div class="spacer battle-history"><br></div><div class="battle-history"><small>The opposing Emboar restored a little HP using its Leftovers!</small><br></div><div class="spacer battle-history"><br></div><div class="battle-history">Go! <strong>Meloetta</strong>!<br></div><div class="spacer battle-history"><br></div><h2 class="battle-history">Turn 35</h2><div class="spacer battle-history"><br></div><div class="battle-history">Kushalos withdrew Emboar!<br></div><div class="battle-history">Kushalos sent out <strong>Slowking</strong>!<br></div><div class="spacer battle-history"><br></div><div class="battle-history">Meloetta used <strong>Substitute</strong>!<br></div><div class="battle-history"><small>Meloetta put in a substitute!</small><br></div><div class="battle-history"><small>(Meloetta lost <abbr title="−101/404">25%</abbr> of its health!)</small><br></div><div class="spacer battle-history"><br></div><div class="battle-history"><small>Meloetta restored a little HP using its Leftovers!</small><br></div><div class="spacer battle-history"><br></div><h2 class="battle-history">Turn 36</h2><div class="spacer battle-history"><br></div><div class="battle-history">Meloetta used <strong>Calm Mind</strong>!<br></div><div class="battle-history"><small>Meloetta's Special Attack rose!</small><br></div><div class="battle-history"><small>Meloetta's Special Defense rose!</small><br></div><div class="spacer battle-history"><br></div><div class="battle-history">The opposing Slowking used <strong>Calm Mind</strong>!<br></div><div class="battle-history"><small>The opposing Slowking's Special Attack rose!</small><br></div><div class="battle-history"><small>The opposing Slowking's Special Defense rose!</small><br></div><div class="spacer battle-history"><br></div><div class="battle-history"><small>Meloetta restored a little HP using its Leftovers!</small><br></div><div class="spacer battle-history"><br></div><h2 class="battle-history">Turn 37</h2><div class="spacer battle-history"><br></div><div class="battle-history">Meloetta used <strong>Calm Mind</strong>!<br></div><div class="battle-history"><small>Meloetta's Special Attack rose!</small><br></div><div class="battle-history"><small>Meloetta's Special Defense rose!</small><br></div><div class="spacer battle-history"><br></div><div class="battle-history">The opposing Slowking used <strong>Calm Mind</strong>!<br></div><div class="battle-history"><small>The opposing Slowking's Special Attack rose!</small><br></div><div class="battle-history"><small>The opposing Slowking's Special Defense rose!</small><br></div><div class="spacer battle-history"><br></div><div class="battle-history"><small>Meloetta restored a little HP using its Leftovers!</small><br></div><div class="spacer battle-history"><br></div><h2 class="battle-history">Turn 38</h2><div class="chat"><small>hogg joined.</small></div><div class="spacer battle-history"><br></div><div class="battle-history">Meloetta used <strong>Calm Mind</strong>!<br></div><div class="battle-history"><small>Meloetta's Special Attack rose!</small><br></div><div class="battle-history"><small>Meloetta's Special Defense rose!</small><br></div><div class="spacer battle-history"><br></div><div class="battle-history">The opposing Slowking used <strong>Calm Mind</strong>!<br></div><div class="battle-history"><small>The opposing Slowking's Special Attack rose!</small><br></div><div class="battle-history"><small>The opposing Slowking's Special Defense rose!</small><br></div><div class="spacer battle-history"><br></div><div class="battle-history"><small>Meloetta restored a little HP using its Leftovers!</small><br></div><div class="spacer battle-history"><br></div><h2 class="battle-history">Turn 39</h2><div class="spacer battle-history"><br></div><div class="battle-history">Meloetta used <strong>Calm Mind</strong>!<br></div><div class="battle-history"><small>Meloetta's Special Attack rose!</small><br></div><div class="battle-history"><small>Meloetta's Special Defense rose!</small><br></div><div class="spacer battle-history"><br></div><div class="battle-history">The opposing Slowking used <strong>Calm Mind</strong>!<br></div><div class="battle-history"><small>The opposing Slowking's Special Attack rose!</small><br></div><div class="battle-history"><small>The opposing Slowking's Special Defense rose!</small><br></div><div class="spacer battle-history"><br></div><div class="battle-history"><small>Meloetta restored a little HP using its Leftovers!</small><br></div><div class="spacer battle-history"><br></div><h2 class="battle-history">Turn 40</h2><div class="spacer battle-history"><br></div><div class="battle-history">Meloetta used <strong>Calm Mind</strong>!<br></div><div class="battle-history"><small>Meloetta's Special Attack rose!</small><br></div><div class="battle-history"><small>Meloetta's Special Defense rose!</small><br></div><div class="spacer battle-history"><br></div><div class="battle-history">The opposing Slowking used <strong>Calm Mind</strong>!<br></div><div class="battle-history"><small>The opposing Slowking's Special Attack rose!</small><br></div><div class="battle-history"><small>The opposing Slowking's Special Defense rose!</small><br></div><div class="spacer battle-history"><br></div><h2 class="battle-history">Turn 41</h2><div class="spacer battle-history"><br></div><div class="battle-history">Meloetta used <strong>Calm Mind</strong>!<br></div><div class="battle-history"><small>Meloetta's Special Attack rose!</small><br></div><div class="battle-history"><small>Meloetta's Special Defense rose!</small><br></div><div class="spacer battle-history"><br></div><div class="battle-history">The opposing Slowking used <strong>Calm Mind</strong>!<br></div><div class="battle-history"><small>The opposing Slowking's Special Attack rose!</small><br></div><div class="battle-history"><small>The opposing Slowking's Special Defense rose!</small><br></div><div class="spacer battle-history"><br></div><h2 class="battle-history">Turn 42</h2><div class="spacer battle-history"><br></div><div class="battle-history">Meloetta used <strong>Psyshock</strong>!<br></div><div class="battle-history"><small>It's not very effective...</small><br></div><div class="battle-history"><small>(The opposing Slowking lost <abbr title="−190/393">48.3%</abbr> of its health!)</small><br></div><div class="spacer battle-history"><br></div><div class="battle-history">The opposing Slowking used <strong>Psyshock</strong>!<br></div><div class="battle-history"><small>It's not very effective...</small><br></div><div class="battle-history"><small>Meloetta's substitute faded!</small><br></div><div class="spacer battle-history"><br></div><h2 class="battle-history">Turn 43</h2><div class="chat"><small>EviGaro left.</small></div><div class="chat chatmessage-kushalos"><strong style="color:hsl(241,86%,63.275220778172695%)"><small>★</small><span class="username" data-name="Kushalos">Kushalos</span>:</strong> <em>i choked</em></div><div class="chat chatmessage-kushalos"><strong style="color:hsl(241,86%,63.275220778172695%)"><small>★</small><span class="username" data-name="Kushalos">Kushalos</span>:</strong> <em>rofl</em></div><div class="spacer battle-history"><br></div><div class="battle-history">Meloetta used <strong>Psyshock</strong>!<br></div><div class="battle-history"><small>It's not very effective...</small><br></div><div class="battle-history"><small>(The opposing Slowking lost <abbr title="−167/393">42.5%</abbr> of its health!)</small><br></div><div class="spacer battle-history"><br></div><div class="battle-history">The opposing Slowking fainted!<br></div><div class="spacer battle-history"><br></div><div class="battle-history"><small>Kushalos forfeited.</small><br></div><div class="spacer battle-history"><br></div><div class="battle-history"><strong>ChillShadow</strong> won the battle!<br></div><div class="chat chatmessage-chillshadow"><strong style="color:hsl(116,47%,43%)"><small>★</small><span class="username" data-name="ChillShadow">ChillShadow</span>:</strong> <em>articuno won anw</em></div><div class="chat chatmessage-chillshadow"><strong style="color:hsl(116,47%,43%)"><small>★</small><span class="username" data-name="ChillShadow">ChillShadow</span>:</strong> <em>trust</em></div><div class="chat chatmessage-kushalos"><strong style="color:hsl(241,86%,63.275220778172695%)"><small>★</small><span class="username" data-name="Kushalos">Kushalos</span>:</strong> <em>nice cteam</em></div><div class="chat"><small>Serene's Grace left.</small></div><div class="chat chatmessage-chillshadow"><strong style="color:hsl(116,47%,43%)"><small>★</small><span class="username" data-name="ChillShadow">ChillShadow</span>:</strong> <em>gg</em></div><div class="chat"><small>Kushalos left.</small></div><div class="chat"><small>Eyan left.</small></div><div class="chat"><small>SolidSweeps left.</small></div><div class="chat"><small>Arifeen. left.</small></div></div><div class="inner-preempt"></div></div></div>
</div>
<script>
let daily = Math.floor(Date.now()/1000/60/60/24);document.write('<script src="https://play.pokemonshowdown.com/js/replay-embed.js?version'+daily+'"></'+'script>');
</script>
