<!DOCTYPE html>
<meta charset="utf-8" />
<!-- version 1 -->
<title>RU replay: Jarceus57 vs. Hammy0♧</title>
<style>
html,body {font-family:Verdana, sans-serif;font-size:10pt;margin:0;padding:0;}body{padding:12px 0;} .battle-log {font-family:Verdana, sans-serif;font-size:10pt;} .battle-log-inline {border:1px solid #AAAAAA;background:#EEF2F5;color:black;max-width:640px;margin:0 auto 80px;padding-bottom:5px;} .battle-log .inner {padding:4px 8px 0px 8px;} .battle-log .inner-preempt {padding:0 8px 4px 8px;} .battle-log .inner-after {margin-top:0.5em;} .battle-log h2 {margin:0.5em -8px;padding:4px 8px;border:1px solid #AAAAAA;background:#E0E7EA;border-left:0;border-right:0;font-family:Verdana, sans-serif;font-size:13pt;} .battle-log .chat {vertical-align:middle;padding:3px 0 3px 0;font-size:8pt;} .battle-log .chat strong {color:#40576A;} .battle-log .chat em {padding:1px 4px 1px 3px;color:#000000;font-style:normal;} .chat.mine {background:rgba(0,0,0,0.05);margin-left:-8px;margin-right:-8px;padding-left:8px;padding-right:8px;} .spoiler {color:#BBBBBB;background:#BBBBBB;padding:0px 3px;} .spoiler:hover, .spoiler:active, .spoiler-shown {color:#000000;background:#E2E2E2;padding:0px 3px;} .spoiler a {color:#BBBBBB;} .spoiler:hover a, .spoiler:active a, .spoiler-shown a {color:#2288CC;} .chat code, .chat .spoiler:hover code, .chat .spoiler:active code, .chat .spoiler-shown code {border:1px solid #C0C0C0;background:#EEEEEE;color:black;padding:0 2px;} .chat .spoiler code {border:1px solid #CCCCCC;background:#CCCCCC;color:#CCCCCC;} .battle-log .rated {padding:3px 4px;} .battle-log .rated strong {color:white;background:#89A;padding:1px 4px;border-radius:4px;} .spacer {margin-top:0.5em;} .message-announce {background:#6688AA;color:white;padding:1px 4px 2px;} .message-announce a, .broadcast-green a, .broadcast-blue a, .broadcast-red a {color:#DDEEFF;} .broadcast-green {background-color:#559955;color:white;padding:2px 4px;} .broadcast-blue {background-color:#6688AA;color:white;padding:2px 4px;} .infobox {border:1px solid #6688AA;padding:2px 4px;} .infobox-limited {max-height:200px;overflow:auto;overflow-x:hidden;} .broadcast-red {background-color:#AA5544;color:white;padding:2px 4px;} .message-learn-canlearn {font-weight:bold;color:#228822;text-decoration:underline;} .message-learn-cannotlearn {font-weight:bold;color:#CC2222;text-decoration:underline;} .message-effect-weak {font-weight:bold;color:#CC2222;} .message-effect-resist {font-weight:bold;color:#6688AA;} .message-effect-immune {font-weight:bold;color:#666666;} .message-learn-list {margin-top:0;margin-bottom:0;} .message-throttle-notice, .message-error {color:#992222;} .message-overflow, .chat small.message-overflow {font-size:0pt;} .message-overflow::before {font-size:9pt;content:'...';} .subtle {color:#3A4A66;}
</style>
<div class="wrapper replay-wrapper" style="max-width:1180px;margin:0 auto">
<input type="hidden" name="replayid" value="ru-486908883" />
<div class="battle"></div><div class="battle-log"></div><div class="replay-controls"></div><div class="replay-controls-2"></div>
<h1 style="font-weight:normal;text-align:center"><strong>RU</strong><br /><a href="http://pokemonshowdown.com/users/jarceus57" class="subtle" target="_blank">Jarceus57</a> vs. <a href="http://pokemonshowdown.com/users/hammy0" class="subtle" target="_blank">Hammy0♧</a></h1>
<script type="text/plain" class="battle-log-data">|j|Jarceus57
|j|Hammy0♧
|player|p1|Jarceus57|169
|player|p2|Hammy0♧|3
|gametype|singles
|gen|6
|tier|RU
|seed|46621,17602,49296,39994
|rule|Sleep Clause Mod: Limit one foe put to sleep
|rule|Species Clause: Limit one of each Pokémon
|rule|OHKO Clause: OHKO moves are banned
|rule|Moody Clause: Moody is banned
|rule|Evasion Moves Clause: Evasion moves are banned
|rule|Endless Battle Clause: Forcing endless battles is banned
|rule|HP Percentage Mod: HP is shown in percentages
|clearpoke
|poke|p1|Absol, M, shiny|item
|poke|p1|Uxie, shiny|item
|poke|p1|Emboar, M, shiny|item
|poke|p1|Flygon, F, shiny|item
|poke|p1|Golbat, M, shiny|item
|poke|p1|Slowking, F, shiny|item
|poke|p2|Medicham, F|item
|poke|p2|Drapion, F|item
|poke|p2|Registeel|item
|poke|p2|Venusaur, F|item
|poke|p2|Flygon, F|item
|poke|p2|Alomomola, M|item
|rule|Swagger Clause: Swagger is banned
|rule|Baton Pass Clause: Limit one Baton Passer, can't pass Spe and other stats simultaneously
|teampreview
|c|★Hammy0♧|Hf
|c|★Jarceus57|glhf
|choice|team 4, team 2, team 3, team 1, team 5, team 6|team 1, team 2, team 3, team 4, team 5, team 6
|
|start
|switch|p1a: Flygon|Flygon, F, shiny|364\/364
|switch|p2a: Medicham|Medicham, F|261\/261
|turn|1
|choice|move uturn|switch 6
|
|switch|p2a: Alomomola|Alomomola, M|497\/497
|move|p1a: Flygon|U-turn|p2a: Alomomola
|-damage|p2a: Alomomola|448\/497
|choice|switch 4|
|
|switch|p1a: Absol|Absol, M, shiny|272\/272
|
|-heal|p2a: Alomomola|479\/497|[from] item: Leftovers
|turn|2
|choice|move knockoff|move scald
|
|move|p1a: Absol|Knock Off|p2a: Alomomola
|-damage|p2a: Alomomola|275\/497
|-enditem|p2a: Alomomola|Leftovers|[from] move: Knock Off|[of] p1a: Absol
|-damage|p1a: Absol|245\/272|[from] item: Life Orb
|move|p2a: Alomomola|Scald|p1a: Absol
|-damage|p1a: Absol|176\/272
|
|turn|3
|choice|move suckerpunch|move wish
|
|move|p1a: Absol|Sucker Punch|p2a: Alomomola|[still]
|-fail|p1a: Absol
|move|p2a: Alomomola|Wish|p2a: Alomomola
|
|turn|4
|choice|move suckerpunch|move scald
|
|move|p1a: Absol|Sucker Punch|p2a: Alomomola
|-damage|p2a: Alomomola|115\/497
|-damage|p1a: Absol|149\/272|[from] item: Life Orb
|move|p2a: Alomomola|Scald|p1a: Absol
|-damage|p1a: Absol|77\/272
|
|-heal|p2a: Alomomola|363\/497|[from] move: Wish|[wisher] Alomomola
|turn|5
|choice|switch 6|move wish
|
|switch|p1a: Slowking|Slowking, F, shiny|394\/394
|move|p2a: Alomomola|Wish|p2a: Alomomola
|
|turn|6
|choice|move toxic|switch 4
|
|switch|p2a: Venusaur|Venusaur, F|301\/301
|move|p1a: Slowking|Toxic|p2a: Venusaur
|-immune|p2a: Venusaur|[msg]
|
|turn|7
|choice|switch 2|move sleeppowder
|
|switch|p1a: Uxie|Uxie, shiny|354\/354
|move|p2a: Venusaur|Sleep Powder|p1a: Uxie
|-status|p1a: Uxie|slp
|
|turn|8
|choice|move thunderwave|switch 2
|
|switch|p2a: Drapion|Drapion, F|281\/281
|cant|p1a: Uxie|slp
|
|turn|9
|choice|move thunderwave|move pursuit
|
|move|p2a: Drapion|Pursuit|p1a: Uxie
|-supereffective|p1a: Uxie
|-enditem|p1a: Uxie|Colbur Berry|[eat]
|-enditem|p1a: Uxie|Colbur Berry|[weaken]
|-damage|p1a: Uxie|312\/354 slp
|cant|p1a: Uxie|slp
|
|turn|10
|choice|move stealthrock|switch 3
|
|switch|p2a: Registeel|Registeel|364\/364
|-curestatus|p1a: Uxie|slp|[msg]
|move|p1a: Uxie|Stealth Rock|p2a: Registeel
|-sidestart|p2: Hammy0♧|move: Stealth Rock
|
|turn|11
|choice|move thunderwave|move stealthrock
|
|move|p1a: Uxie|Thunder Wave|p2a: Registeel
|-status|p2a: Registeel|par
|move|p2a: Registeel|Stealth Rock|p1a: Uxie
|-sidestart|p1: Jarceus57|move: Stealth Rock
|
|turn|12
|choice|move psyshock|move thunderwave
|
|move|p1a: Uxie|Psyshock|p2a: Registeel
|-resisted|p2a: Registeel
|-damage|p2a: Registeel|335\/364 par
|move|p2a: Registeel|Thunder Wave|p1a: Uxie
|-status|p1a: Uxie|par
|
|-heal|p2a: Registeel|357\/364 par|[from] item: Leftovers
|turn|13
|choice|move healbell|move seismictoss
|
|move|p1a: Uxie|Heal Bell|p1a: Uxie
|-activate|p1a: Uxie|move: Heal Bell
|-curestatus|p1a: Uxie|par|[msg]
|move|p2a: Registeel|Seismic Toss|p1a: Uxie
|-damage|p1a: Uxie|212\/354
|
|-heal|p2a: Registeel|364\/364 par|[from] item: Leftovers
|turn|14
|choice|switch 5|move seismictoss
|
|switch|p1a: Golbat|Golbat, M, shiny|354\/354
|-damage|p1a: Golbat|266\/354|[from] Stealth Rock
|move|p2a: Registeel|Seismic Toss|p1a: Golbat
|-damage|p1a: Golbat|166\/354
|
|turn|15
|choice|move roost|switch 6
|
|switch|p2a: Medicham|Medicham, F|261\/261
|-damage|p2a: Medicham|245\/261|[from] Stealth Rock
|move|p1a: Golbat|Roost|p1a: Golbat
|-heal|p1a: Golbat|343\/354
|
|turn|16
|choice|move uturn|move zenheadbutt
|
|move|p2a: Medicham|Zen Headbutt|p1a: Golbat
|-supereffective|p1a: Golbat
|-crit|p1a: Golbat
|-damage|p1a: Golbat|0 fnt
|faint|p1a: Golbat
|
|choice|switch 3|
|
|switch|p1a: Emboar|Emboar, M, shiny|361\/361
|-damage|p1a: Emboar|316\/361|[from] Stealth Rock
|turn|17
|choice|move flareblitz|move zenheadbutt
|
|move|p1a: Emboar|Flare Blitz|p2a: Medicham
|-damage|p2a: Medicham|0 fnt
|-damage|p1a: Emboar|235\/361|[from] recoil|[of] p2a: Medicham
|faint|p2a: Medicham
|
|choice||switch 5
|
|switch|p2a: Flygon|Flygon, F|329\/329
|-damage|p2a: Flygon|309\/329|[from] Stealth Rock
|turn|18
|choice|switch 5|move uturn
|
|switch|p1a: Uxie|Uxie, shiny|212\/354
|-damage|p1a: Uxie|168\/354|[from] Stealth Rock
|move|p2a: Flygon|U-turn|p1a: Uxie
|-supereffective|p1a: Uxie
|-damage|p1a: Uxie|78\/354
|choice||switch 3
|
|switch|p2a: Drapion|Drapion, F|281\/281
|-damage|p2a: Drapion|246\/281|[from] Stealth Rock
|
|turn|19
|j|DaSpoopsAre2Stronk
|l|DaSpoopsAre2Stronk
|choice|move thunderwave|move pursuit
|
|move|p2a: Drapion|Pursuit|p1a: Uxie
|-supereffective|p1a: Uxie
|-damage|p1a: Uxie|0 fnt
|faint|p1a: Uxie
|
|j|DaSpoopsAre2Stronk
|choice|switch 4|
|
|switch|p1a: Flygon|Flygon, F, shiny|364\/364
|-damage|p1a: Flygon|342\/364|[from] Stealth Rock
|turn|20
|choice|move earthquake|switch 4
|
|switch|p2a: Alomomola|Alomomola, M|497\/497
|-damage|p2a: Alomomola|435\/497|[from] Stealth Rock
|move|p1a: Flygon|Earthquake|p2a: Alomomola
|-damage|p2a: Alomomola|338\/497
|
|-heal|p1a: Flygon|364\/364|[from] item: Leftovers
|turn|21
|choice|move defog|move wish
|
|move|p1a: Flygon|Defog|p2a: Alomomola
|-unboost|p2a: Alomomola|evasion|1
|-sideend|p2: Hammy0♧|Stealth Rock|[from] move: Defog|[of] p2a: Alomomola
|-sideend|p1: Jarceus57|Stealth Rock|[from] move: Defog|[of] p1a: Flygon
|move|p2a: Alomomola|Wish|p2a: Alomomola
|
|turn|22
|choice|move uturn|move scald
|
|move|p1a: Flygon|U-turn|p2a: Alomomola
|-damage|p2a: Alomomola|295\/497
|choice|switch 2|
|
|switch|p1a: Slowking|Slowking, F, shiny|394\/394
|move|p2a: Alomomola|Scald|p1a: Slowking
|-resisted|p1a: Slowking
|-damage|p1a: Slowking|375\/394
|
|-heal|p2a: Alomomola|497\/497|[from] move: Wish|[wisher] Alomomola
|turn|23
|choice|move psyshock|switch 2
|
|switch|p2a: Venusaur|Venusaur, F|301\/301
|move|p1a: Slowking|Psyshock|p2a: Venusaur
|-supereffective|p2a: Venusaur
|-damage|p2a: Venusaur|83\/301
|
|turn|24
|choice|move psyshock|move leafstorm
|
|move|p2a: Venusaur|Leaf Storm|p1a: Slowking
|-supereffective|p1a: Slowking
|-damage|p1a: Slowking|0 fnt
|-unboost|p2a: Venusaur|spa|2
|-damage|p2a: Venusaur|53\/301|[from] item: Life Orb
|faint|p1a: Slowking
|
|choice|switch 6|
|
|switch|p1a: Absol|Absol, M, shiny|77\/272
|turn|25
|choice|move suckerpunch|move synthesis
|
|move|p1a: Absol|Sucker Punch|p2a: Venusaur|[still]
|-fail|p1a: Absol
|move|p2a: Venusaur|Synthesis|p2a: Venusaur
|-heal|p2a: Venusaur|203\/301
|
|turn|26
|choice|move knockoff|move sludgebomb
|
|move|p2a: Venusaur|Sludge Bomb|p1a: Absol
|-damage|p1a: Absol|0 fnt
|-damage|p2a: Venusaur|173\/301|[from] item: Life Orb
|faint|p1a: Absol
|
|j|jezuzinatree
|choice|switch 5|
|
|switch|p1a: Emboar|Emboar, M, shiny|235\/361
|turn|27
|choice|move flareblitz|switch 3
|
|switch|p2a: Flygon|Flygon, F|309\/329
|move|p1a: Emboar|Flare Blitz|p2a: Flygon
|-resisted|p2a: Flygon
|-damage|p2a: Flygon|151\/329
|-damage|p1a: Emboar|183\/361|[from] recoil|[of] p2a: Flygon
|
|-heal|p2a: Flygon|171\/329|[from] item: Leftovers
|turn|28
|choice|move flareblitz|move uturn
|
|move|p1a: Emboar|Flare Blitz|p2a: Flygon
|-resisted|p2a: Flygon
|-damage|p2a: Flygon|26\/329
|-damage|p1a: Emboar|135\/361|[from] recoil|[of] p2a: Flygon
|move|p2a: Flygon|U-turn|p1a: Emboar
|-resisted|p1a: Emboar
|-crit|p1a: Emboar
|-damage|p1a: Emboar|100\/361
|choice||switch 4
|
|switch|p2a: Drapion|Drapion, F|246\/281
|
|turn|29
|choice|move flareblitz|move poisonjab
|
|move|p2a: Drapion|Poison Jab|p1a: Emboar
|-damage|p1a: Emboar|0 fnt
|faint|p1a: Emboar
|
|c|★Jarceus57|gg
|choice|switch 2|
|
|switch|p1a: Flygon|Flygon, F, shiny|364\/364
|turn|30
|c|★Hammy0♧|Gg
|choice|move earthquake|switch 2
|
|switch|p2a: Alomomola|Alomomola, M|497\/497
|move|p1a: Flygon|Earthquake|p2a: Alomomola
|-damage|p2a: Alomomola|404\/497
|
|turn|31
|choice|move earthquake|move scald
|
|move|p1a: Flygon|Earthquake|p2a: Alomomola
|-damage|p2a: Alomomola|305\/497
|move|p2a: Alomomola|Scald|p1a: Flygon
|-damage|p1a: Flygon|310\/364
|
|-heal|p1a: Flygon|332\/364|[from] item: Leftovers
|turn|32
|choice|move earthquake|move wish
|
|move|p1a: Flygon|Earthquake|p2a: Alomomola
|-damage|p2a: Alomomola|214\/497
|move|p2a: Alomomola|Wish|p2a: Alomomola
|
|-heal|p1a: Flygon|354\/364|[from] item: Leftovers
|turn|33
|choice|move earthquake|move scald
|
|move|p1a: Flygon|Earthquake|p2a: Alomomola
|-crit|p2a: Alomomola
|-damage|p2a: Alomomola|55\/497
|move|p2a: Alomomola|Scald|p1a: Flygon
|-damage|p1a: Flygon|300\/364
|
|-heal|p2a: Alomomola|303\/497|[from] move: Wish|[wisher] Alomomola
|-heal|p1a: Flygon|322\/364|[from] item: Leftovers
|turn|34
|choice|move earthquake|move wish
|
|move|p1a: Flygon|Earthquake|p2a: Alomomola
|-damage|p2a: Alomomola|212\/497
|move|p2a: Alomomola|Wish|p2a: Alomomola
|
|-heal|p1a: Flygon|344\/364|[from] item: Leftovers
|turn|35
|choice|move earthquake|move scald
|
|move|p1a: Flygon|Earthquake|p2a: Alomomola
|-damage|p2a: Alomomola|118\/497
|move|p2a: Alomomola|Scald|p1a: Flygon
|-damage|p1a: Flygon|287\/364
|
|-heal|p2a: Alomomola|366\/497|[from] move: Wish|[wisher] Alomomola
|-heal|p1a: Flygon|309\/364|[from] item: Leftovers
|turn|36
|l|DaSpoopsAre2Stronk
|choice|move earthquake|move wish
|
|move|p1a: Flygon|Earthquake|p2a: Alomomola
|-damage|p2a: Alomomola|264\/497
|move|p2a: Alomomola|Wish|p2a: Alomomola
|
|-heal|p1a: Flygon|331\/364|[from] item: Leftovers
|turn|37
|l|Jarceus57
|player|p1
|l|jezuzinatree
|j|Jarceus57
|player|p1|Jarceus57|169
|choice|move uturn|move scald
|
|move|p1a: Flygon|U-turn|p2a: Alomomola
|-damage|p2a: Alomomola|216\/497
|move|p2a: Alomomola|Scald|p1a: Flygon
|-damage|p1a: Flygon|279\/364
|-status|p1a: Flygon|brn
|
|-heal|p2a: Alomomola|464\/497|[from] move: Wish|[wisher] Alomomola
|-heal|p1a: Flygon|301\/364 brn|[from] item: Leftovers
|-damage|p1a: Flygon|256\/364 brn|[from] brn
|turn|38
|choice|move uturn|move wish
|
|move|p1a: Flygon|U-turn|p2a: Alomomola
|-damage|p2a: Alomomola|440\/497
|move|p2a: Alomomola|Wish|p2a: Alomomola
|
|-heal|p1a: Flygon|278\/364 brn|[from] item: Leftovers
|-damage|p1a: Flygon|233\/364 brn|[from] brn
|turn|39
|j|Ping_Pong_Along
|choice|move uturn|switch 3
|
|switch|p2a: Venusaur|Venusaur, F|173\/301
|move|p1a: Flygon|U-turn|p2a: Venusaur
|-damage|p2a: Venusaur|143\/301
|
|-heal|p2a: Venusaur|301\/301|[from] move: Wish|[wisher] Alomomola
|-heal|p1a: Flygon|255\/364 brn|[from] item: Leftovers
|-damage|p1a: Flygon|210\/364 brn|[from] brn
|turn|40
|choice|move roost|move leafstorm
|
|move|p1a: Flygon|Roost|p1a: Flygon
|-heal|p1a: Flygon|364\/364 brn
|move|p2a: Venusaur|Leaf Storm|p1a: Flygon
|-damage|p1a: Flygon|55\/364 brn
|-unboost|p2a: Venusaur|spa|2
|-damage|p2a: Venusaur|271\/301|[from] item: Life Orb
|
|-heal|p1a: Flygon|77\/364 brn|[from] item: Leftovers
|-damage|p1a: Flygon|32\/364 brn|[from] brn
|turn|41
|-message|Jarceus57 forfeited.
|
|win|Hammy0♧
|player|p1
|player|p2
|l|Jarceus57</script>
</div>
<div class="battle-log battle-log-inline"><div class="inner"><div class="battle-options"></div><div class="inner"><div class="chat"><small>Jarceus57 joined.</small></div><div class="chat"><small>Hammy0♧ joined.</small></div><div class=""><small>Format:</small> <br><strong>RU</strong></div><div class=""><small><em>Sleep Clause Mod:</em> Limit one foe put to sleep</small></div><div class=""><small><em>Species Clause:</em> Limit one of each Pokémon</small></div><div class=""><small><em>OHKO Clause:</em> OHKO moves are banned</small></div><div class=""><small><em>Moody Clause:</em> Moody is banned</small></div><div class=""><small><em>Evasion Moves Clause:</em> Evasion moves are banned</small></div><div class=""><small><em>Endless Battle Clause:</em> Forcing endless battles is banned</small></div><div class=""><small><em>HP Percentage Mod:</em> HP is shown in percentages</small></div><div class=""><small><em>Swagger Clause:</em> Swagger is banned</small></div><div class=""><small><em>Baton Pass Clause:</em> Limit one Baton Passer, can't pass Spe and other stats simultaneously</small></div><div class="chat battle-history"><strong>Jarceus57's team:</strong> <em style="color:#445566;display:block;">Absol / Uxie / Emboar / Flygon / Golbat / Slowking</em></div><div class="chat battle-history"><strong>Hammy0♧'s team:</strong> <em style="color:#445566;display:block;">Medicham / Drapion / Registeel / Venusaur / Flygon / Alomomola</em></div><div class="chat chatmessage-hammy0"><strong style="color:hsl(34,62%,48.32057202993233%)"><small>★</small><span class="username" data-name="Hammy0♧">Hammy0♧</span>:</strong> <em>Hf</em></div><div class="chat chatmessage-jarceus57"><strong style="color:hsl(233,61%,58.39582587621807%)"><small>★</small><span class="username" data-name="Jarceus57">Jarceus57</span>:</strong> <em>glhf</em></div><div class="spacer battle-history"><br></div><div class="battle-history">Battle started between Jarceus57 and Hammy0♧!<br></div><div class="spacer battle-history"><br></div><div class="battle-history">Go! <strong>Flygon</strong>!<br></div><div class="spacer battle-history"><br></div><div class="battle-history">Hammy0♧ sent out <strong>Medicham</strong>!<br></div><div class="spacer battle-history"><br></div><h2 class="battle-history">Turn 1</h2><div class="spacer battle-history"><br></div><div class="battle-history">Hammy0♧ withdrew Medicham!<br></div><div class="battle-history">Hammy0♧ sent out <strong>Alomomola</strong>!<br></div><div class="spacer battle-history"><br></div><div class="battle-history">Flygon used <strong>U-turn</strong>!<br></div><div class="battle-history"><small>(The opposing Alomomola lost <abbr title="−49/497">9.9%</abbr> of its health!)</small><br></div><div class="spacer battle-history"><br></div><div class="battle-history">Flygon went back to Jarceus57!<br></div><div class="battle-history">Go! <strong>Absol</strong>!<br></div><div class="spacer battle-history"><br></div><div class="battle-history"><small>The opposing Alomomola restored a little HP using its Leftovers!</small><br></div><div class="spacer battle-history"><br></div><h2 class="battle-history">Turn 2</h2><div class="spacer battle-history"><br></div><div class="battle-history">Absol used <strong>Knock Off</strong>!<br></div><div class="battle-history"><small>(The opposing Alomomola lost <abbr title="−204/497">41.0%</abbr> of its health!)</small><br></div><div class="battle-history"><small>Absol knocked off the opposing Alomomola's Leftovers!</small><br></div><div class="battle-history"><small>Absol lost some of its HP!</small><br></div><div class="spacer battle-history"><br></div><div class="battle-history">The opposing Alomomola used <strong>Scald</strong>!<br></div><div class="battle-history"><small>(Absol lost <abbr title="−69/272">25.4%</abbr> of its health!)</small><br></div><div class="spacer battle-history"><br></div><h2 class="battle-history">Turn 3</h2><div class="spacer battle-history"><br></div><div class="battle-history">Absol used <strong>Sucker Punch</strong>!<br></div><div class="battle-history"><small>But it failed!</small><br></div><div class="spacer battle-history"><br></div><div class="battle-history">The opposing Alomomola used <strong>Wish</strong>!<br></div><div class="spacer battle-history"><br></div><h2 class="battle-history">Turn 4</h2><div class="spacer battle-history"><br></div><div class="battle-history">Absol used <strong>Sucker Punch</strong>!<br></div><div class="battle-history"><small>(The opposing Alomomola lost <abbr title="−160/497">32.2%</abbr> of its health!)</small><br></div><div class="battle-history"><small>Absol lost some of its HP!</small><br></div><div class="spacer battle-history"><br></div><div class="battle-history">The opposing Alomomola used <strong>Scald</strong>!<br></div><div class="battle-history"><small>(Absol lost <abbr title="−72/272">26.5%</abbr> of its health!)</small><br></div><div class="spacer battle-history"><br></div><div class="battle-history"><small>Alomomola's wish came true!</small><br></div><div class="spacer battle-history"><br></div><h2 class="battle-history">Turn 5</h2><div class="spacer battle-history"><br></div><div class="battle-history">Absol, come back!<br></div><div class="battle-history">Go! <strong>Slowking</strong>!<br></div><div class="spacer battle-history"><br></div><div class="battle-history">The opposing Alomomola used <strong>Wish</strong>!<br></div><div class="spacer battle-history"><br></div><h2 class="battle-history">Turn 6</h2><div class="spacer battle-history"><br></div><div class="battle-history">Hammy0♧ withdrew Alomomola!<br></div><div class="battle-history">Hammy0♧ sent out <strong>Venusaur</strong>!<br></div><div class="spacer battle-history"><br></div><div class="battle-history">Slowking used <strong>Toxic</strong>!<br></div><div class="battle-history"><small>It doesn't affect the opposing Venusaur...</small><br></div><div class="spacer battle-history"><br></div><h2 class="battle-history">Turn 7</h2><div class="spacer battle-history"><br></div><div class="battle-history">Slowking, come back!<br></div><div class="battle-history">Go! <strong>Uxie</strong>!<br></div><div class="spacer battle-history"><br></div><div class="battle-history">The opposing Venusaur used <strong>Sleep Powder</strong>!<br></div><div class="battle-history"><small>Uxie fell asleep!</small><br></div><div class="spacer battle-history"><br></div><h2 class="battle-history">Turn 8</h2><div class="spacer battle-history"><br></div><div class="battle-history">Hammy0♧ withdrew Venusaur!<br></div><div class="battle-history">Hammy0♧ sent out <strong>Drapion</strong>!<br></div><div class="spacer battle-history"><br></div><div class="battle-history">Uxie is fast asleep.<br></div><div class="spacer battle-history"><br></div><h2 class="battle-history">Turn 9</h2><div class="spacer battle-history"><br></div><div class="battle-history">The opposing Drapion used <strong>Pursuit</strong>!<br></div><div class="battle-history"><small>It's super effective!</small><br></div><div class="battle-history"><small>Uxie ate its Colbur Berry!</small><br></div><div class="battle-history"><small>The Colbur Berry weakened the damage to Uxie!</small><br></div><div class="battle-history"><small>(Uxie lost <abbr title="−42/354">11.9%</abbr> of its health!)</small><br></div><div class="spacer battle-history"><br></div><div class="battle-history">Uxie is fast asleep.<br></div><div class="spacer battle-history"><br></div><h2 class="battle-history">Turn 10</h2><div class="spacer battle-history"><br></div><div class="battle-history">Hammy0♧ withdrew Drapion!<br></div><div class="battle-history">Hammy0♧ sent out <strong>Registeel</strong>!<br></div><div class="battle-history"><small>Uxie woke up!</small><br></div><div class="spacer battle-history"><br></div><div class="battle-history">Uxie used <strong>Stealth Rock</strong>!<br></div><div class="battle-history"><small>Pointed stones float in the air around the opposing team!</small><br></div><div class="spacer battle-history"><br></div><h2 class="battle-history">Turn 11</h2><div class="spacer battle-history"><br></div><div class="battle-history">Uxie used <strong>Thunder Wave</strong>!<br></div><div class="battle-history"><small>The opposing Registeel is paralyzed! It may be unable to move!</small><br></div><div class="spacer battle-history"><br></div><div class="battle-history">The opposing Registeel used <strong>Stealth Rock</strong>!<br></div><div class="battle-history"><small>Pointed stones float in the air around your team!</small><br></div><div class="spacer battle-history"><br></div><h2 class="battle-history">Turn 12</h2><div class="spacer battle-history"><br></div><div class="battle-history">Uxie used <strong>Psyshock</strong>!<br></div><div class="battle-history"><small>It's not very effective...</small><br></div><div class="battle-history"><small>(The opposing Registeel lost <abbr title="−29/364">8.0%</abbr> of its health!)</small><br></div><div class="spacer battle-history"><br></div><div class="battle-history">The opposing Registeel used <strong>Thunder Wave</strong>!<br></div><div class="battle-history"><small>Uxie is paralyzed! It may be unable to move!</small><br></div><div class="spacer battle-history"><br></div><div class="battle-history"><small>The opposing Registeel restored a little HP using its Leftovers!</small><br></div><div class="spacer battle-history"><br></div><h2 class="battle-history">Turn 13</h2><div class="spacer battle-history"><br></div><div class="battle-history">Uxie used <strong>Heal Bell</strong>!<br></div><div class="battle-history"><small>A bell chimed!</small><br></div><div class="battle-history"><small>Uxie was cured of paralysis.</small><br></div><div class="spacer battle-history"><br></div><div class="battle-history">The opposing Registeel used <strong>Seismic Toss</strong>!<br></div><div class="battle-history"><small>(Uxie lost <abbr title="−100/354">28.2%</abbr> of its health!)</small><br></div><div class="spacer battle-history"><br></div><div class="battle-history"><small>The opposing Registeel restored a little HP using its Leftovers!</small><br></div><div class="spacer battle-history"><br></div><h2 class="battle-history">Turn 14</h2><div class="spacer battle-history"><br></div><div class="battle-history">Uxie, come back!<br></div><div class="battle-history">Go! <strong>Golbat</strong>!<br></div><div class="battle-history"><small>Pointed stones dug into Golbat!</small><br></div><div class="spacer battle-history"><br></div><div class="battle-history">The opposing Registeel used <strong>Seismic Toss</strong>!<br></div><div class="battle-history"><small>(Golbat lost <abbr title="−100/354">28.2%</abbr> of its health!)</small><br></div><div class="spacer battle-history"><br></div><h2 class="battle-history">Turn 15</h2><div class="spacer battle-history"><br></div><div class="battle-history">Hammy0♧ withdrew Registeel!<br></div><div class="battle-history">Hammy0♧ sent out <strong>Medicham</strong>!<br></div><div class="battle-history"><small>Pointed stones dug into the opposing Medicham!</small><br></div><div class="spacer battle-history"><br></div><div class="battle-history">Golbat used <strong>Roost</strong>!<br></div><div class="battle-history"><small>Golbat restored its HP.</small><br></div><div class="spacer battle-history"><br></div><h2 class="battle-history">Turn 16</h2><div class="spacer battle-history"><br></div><div class="battle-history">The opposing Medicham used <strong>Zen Headbutt</strong>!<br></div><div class="battle-history"><small>It's super effective!</small><br></div><div class="battle-history"><small>A critical hit!</small><br></div><div class="battle-history"><small>(Golbat lost <abbr title="−343/354">96.9%</abbr> of its health!)</small><br></div><div class="spacer battle-history"><br></div><div class="battle-history">Golbat fainted!<br></div><div class="spacer battle-history"><br></div><div class="battle-history">Go! <strong>Emboar</strong>!<br></div><div class="battle-history"><small>Pointed stones dug into Emboar!</small><br></div><div class="spacer battle-history"><br></div><h2 class="battle-history">Turn 17</h2><div class="spacer battle-history"><br></div><div class="battle-history">Emboar used <strong>Flare Blitz</strong>!<br></div><div class="battle-history"><small>(The opposing Medicham lost <abbr title="−245/261">93.9%</abbr> of its health!)</small><br></div><div class="battle-history"><small>Emboar is damaged by the recoil!</small><br></div><div class="spacer battle-history"><br></div><div class="battle-history">The opposing Medicham fainted!<br></div><div class="spacer battle-history"><br></div><div class="battle-history">Hammy0♧ sent out <strong>Flygon</strong>!<br></div><div class="battle-history"><small>Pointed stones dug into the opposing Flygon!</small><br></div><div class="spacer battle-history"><br></div><h2 class="battle-history">Turn 18</h2><div class="spacer battle-history"><br></div><div class="battle-history">Emboar, come back!<br></div><div class="battle-history">Go! <strong>Uxie</strong>!<br></div><div class="battle-history"><small>Pointed stones dug into Uxie!</small><br></div><div class="spacer battle-history"><br></div><div class="battle-history">The opposing Flygon used <strong>U-turn</strong>!<br></div><div class="battle-history"><small>It's super effective!</small><br></div><div class="battle-history"><small>(Uxie lost <abbr title="−90/354">25.4%</abbr> of its health!)</small><br></div><div class="spacer battle-history"><br></div><div class="battle-history">The opposing Flygon went back to Hammy0♧!<br></div><div class="battle-history">Hammy0♧ sent out <strong>Drapion</strong>!<br></div><div class="battle-history"><small>Pointed stones dug into the opposing Drapion!</small><br></div><div class="spacer battle-history"><br></div><h2 class="battle-history">Turn 19</h2><div class="chat"><small>DaSpoopsAre2Stronk joined.</small></div><div class="chat"><small>DaSpoopsAre2Stronk left.</small></div><div class="spacer battle-history"><br></div><div class="battle-history">The opposing Drapion used <strong>Pursuit</strong>!<br></div><div class="battle-history"><small>It's super effective!</small><br></div><div class="battle-history"><small>(Uxie lost <abbr title="−78/354">22.0%</abbr> of its health!)</small><br></div><div class="spacer battle-history"><br></div><div class="battle-history">Uxie fainted!<br></div><div class="chat"><small>DaSpoopsAre2Stronk joined.</small></div><div class="spacer battle-history"><br></div><div class="battle-history">Go! <strong>Flygon</strong>!<br></div><div class="battle-history"><small>Pointed stones dug into Flygon!</small><br></div><div class="spacer battle-history"><br></div><h2 class="battle-history">Turn 20</h2><div class="spacer battle-history"><br></div><div class="battle-history">Hammy0♧ withdrew Drapion!<br></div><div class="battle-history">Hammy0♧ sent out <strong>Alomomola</strong>!<br></div><div class="battle-history"><small>Pointed stones dug into the opposing Alomomola!</small><br></div><div class="spacer battle-history"><br></div><div class="battle-history">Flygon used <strong>Earthquake</strong>!<br></div><div class="battle-history"><small>(The opposing Alomomola lost <abbr title="−97/497">19.5%</abbr> of its health!)</small><br></div><div class="spacer battle-history"><br></div><div class="battle-history"><small>Flygon restored a little HP using its Leftovers!</small><br></div><div class="spacer battle-history"><br></div><h2 class="battle-history">Turn 21</h2><div class="spacer battle-history"><br></div><div class="battle-history">Flygon used <strong>Defog</strong>!<br></div><div class="battle-history"><small>The opposing Alomomola's evasiveness fell!</small><br></div><div class="battle-history"><small>The pointed stones disappeared from around the opposing team!</small><br></div><div class="battle-history"><small>The pointed stones disappeared from around your team!</small><br></div><div class="spacer battle-history"><br></div><div class="battle-history">The opposing Alomomola used <strong>Wish</strong>!<br></div><div class="spacer battle-history"><br></div><h2 class="battle-history">Turn 22</h2><div class="spacer battle-history"><br></div><div class="battle-history">Flygon used <strong>U-turn</strong>!<br></div><div class="battle-history"><small>(The opposing Alomomola lost <abbr title="−43/497">8.7%</abbr> of its health!)</small><br></div><div class="spacer battle-history"><br></div><div class="battle-history">Flygon went back to Jarceus57!<br></div><div class="battle-history">Go! <strong>Slowking</strong>!<br></div><div class="spacer battle-history"><br></div><div class="battle-history">The opposing Alomomola used <strong>Scald</strong>!<br></div><div class="battle-history"><small>It's not very effective...</small><br></div><div class="battle-history"><small>(Slowking lost <abbr title="−19/394">4.8%</abbr> of its health!)</small><br></div><div class="spacer battle-history"><br></div><div class="battle-history"><small>Alomomola's wish came true!</small><br></div><div class="spacer battle-history"><br></div><h2 class="battle-history">Turn 23</h2><div class="spacer battle-history"><br></div><div class="battle-history">Hammy0♧ withdrew Alomomola!<br></div><div class="battle-history">Hammy0♧ sent out <strong>Venusaur</strong>!<br></div><div class="spacer battle-history"><br></div><div class="battle-history">Slowking used <strong>Psyshock</strong>!<br></div><div class="battle-history"><small>It's super effective!</small><br></div><div class="battle-history"><small>(The opposing Venusaur lost <abbr title="−218/301">72.4%</abbr> of its health!)</small><br></div><div class="spacer battle-history"><br></div><h2 class="battle-history">Turn 24</h2><div class="spacer battle-history"><br></div><div class="battle-history">The opposing Venusaur used <strong>Leaf Storm</strong>!<br></div><div class="battle-history"><small>It's super effective!</small><br></div><div class="battle-history"><small>(Slowking lost <abbr title="−375/394">95.2%</abbr> of its health!)</small><br></div><div class="battle-history"><small>The opposing Venusaur's Special Attack fell harshly!</small><br></div><div class="battle-history"><small>The opposing Venusaur lost some of its HP!</small><br></div><div class="spacer battle-history"><br></div><div class="battle-history">Slowking fainted!<br></div><div class="spacer battle-history"><br></div><div class="battle-history">Go! <strong>Absol</strong>!<br></div><div class="spacer battle-history"><br></div><h2 class="battle-history">Turn 25</h2><div class="spacer battle-history"><br></div><div class="battle-history">Absol used <strong>Sucker Punch</strong>!<br></div><div class="battle-history"><small>But it failed!</small><br></div><div class="spacer battle-history"><br></div><div class="battle-history">The opposing Venusaur used <strong>Synthesis</strong>!<br></div><div class="battle-history"><small>The opposing Venusaur restored its HP.</small><br></div><div class="spacer battle-history"><br></div><h2 class="battle-history">Turn 26</h2><div class="spacer battle-history"><br></div><div class="battle-history">The opposing Venusaur used <strong>Sludge Bomb</strong>!<br></div><div class="battle-history"><small>(Absol lost <abbr title="−77/272">28.3%</abbr> of its health!)</small><br></div><div class="battle-history"><small>The opposing Venusaur lost some of its HP!</small><br></div><div class="spacer battle-history"><br></div><div class="battle-history">Absol fainted!<br></div><div class="chat"><small>jezuzinatree joined.</small></div><div class="spacer battle-history"><br></div><div class="battle-history">Go! <strong>Emboar</strong>!<br></div><div class="spacer battle-history"><br></div><h2 class="battle-history">Turn 27</h2><div class="spacer battle-history"><br></div><div class="battle-history">Hammy0♧ withdrew Venusaur!<br></div><div class="battle-history">Hammy0♧ sent out <strong>Flygon</strong>!<br></div><div class="spacer battle-history"><br></div><div class="battle-history">Emboar used <strong>Flare Blitz</strong>!<br></div><div class="battle-history"><small>It's not very effective...</small><br></div><div class="battle-history"><small>(The opposing Flygon lost <abbr title="−158/329">48.0%</abbr> of its health!)</small><br></div><div class="battle-history"><small>Emboar is damaged by the recoil!</small><br></div><div class="spacer battle-history"><br></div><div class="battle-history"><small>The opposing Flygon restored a little HP using its Leftovers!</small><br></div><div class="spacer battle-history"><br></div><h2 class="battle-history">Turn 28</h2><div class="spacer battle-history"><br></div><div class="battle-history">Emboar used <strong>Flare Blitz</strong>!<br></div><div class="battle-history"><small>It's not very effective...</small><br></div><div class="battle-history"><small>(The opposing Flygon lost <abbr title="−145/329">44.1%</abbr> of its health!)</small><br></div><div class="battle-history"><small>Emboar is damaged by the recoil!</small><br></div><div class="spacer battle-history"><br></div><div class="battle-history">The opposing Flygon used <strong>U-turn</strong>!<br></div><div class="battle-history"><small>It's not very effective...</small><br></div><div class="battle-history"><small>A critical hit!</small><br></div><div class="battle-history"><small>(Emboar lost <abbr title="−35/361">9.7%</abbr> of its health!)</small><br></div><div class="spacer battle-history"><br></div><div class="battle-history">The opposing Flygon went back to Hammy0♧!<br></div><div class="battle-history">Hammy0♧ sent out <strong>Drapion</strong>!<br></div><div class="spacer battle-history"><br></div><h2 class="battle-history">Turn 29</h2><div class="spacer battle-history"><br></div><div class="battle-history">The opposing Drapion used <strong>Poison Jab</strong>!<br></div><div class="battle-history"><small>(Emboar lost <abbr title="−100/361">27.7%</abbr> of its health!)</small><br></div><div class="spacer battle-history"><br></div><div class="battle-history">Emboar fainted!<br></div><div class="chat chatmessage-jarceus57"><strong style="color:hsl(233,61%,58.39582587621807%)"><small>★</small><span class="username" data-name="Jarceus57">Jarceus57</span>:</strong> <em>gg</em></div><div class="spacer battle-history"><br></div><div class="battle-history">Go! <strong>Flygon</strong>!<br></div><div class="spacer battle-history"><br></div><h2 class="battle-history">Turn 30</h2><div class="chat chatmessage-hammy0"><strong style="color:hsl(34,62%,48.32057202993233%)"><small>★</small><span class="username" data-name="Hammy0♧">Hammy0♧</span>:</strong> <em>Gg</em></div><div class="spacer battle-history"><br></div><div class="battle-history">Hammy0♧ withdrew Drapion!<br></div><div class="battle-history">Hammy0♧ sent out <strong>Alomomola</strong>!<br></div><div class="spacer battle-history"><br></div><div class="battle-history">Flygon used <strong>Earthquake</strong>!<br></div><div class="battle-history"><small>(The opposing Alomomola lost <abbr title="−93/497">18.7%</abbr> of its health!)</small><br></div><div class="spacer battle-history"><br></div><h2 class="battle-history">Turn 31</h2><div class="spacer battle-history"><br></div><div class="battle-history">Flygon used <strong>Earthquake</strong>!<br></div><div class="battle-history"><small>(The opposing Alomomola lost <abbr title="−99/497">19.9%</abbr> of its health!)</small><br></div><div class="spacer battle-history"><br></div><div class="battle-history">The opposing Alomomola used <strong>Scald</strong>!<br></div><div class="battle-history"><small>(Flygon lost <abbr title="−54/364">14.8%</abbr> of its health!)</small><br></div><div class="spacer battle-history"><br></div><div class="battle-history"><small>Flygon restored a little HP using its Leftovers!</small><br></div><div class="spacer battle-history"><br></div><h2 class="battle-history">Turn 32</h2><div class="spacer battle-history"><br></div><div class="battle-history">Flygon used <strong>Earthquake</strong>!<br></div><div class="battle-history"><small>(The opposing Alomomola lost <abbr title="−91/497">18.3%</abbr> of its health!)</small><br></div><div class="spacer battle-history"><br></div><div class="battle-history">The opposing Alomomola used <strong>Wish</strong>!<br></div><div class="spacer battle-history"><br></div><div class="battle-history"><small>Flygon restored a little HP using its Leftovers!</small><br></div><div class="spacer battle-history"><br></div><h2 class="battle-history">Turn 33</h2><div class="spacer battle-history"><br></div><div class="battle-history">Flygon used <strong>Earthquake</strong>!<br></div><div class="battle-history"><small>A critical hit!</small><br></div><div class="battle-history"><small>(The opposing Alomomola lost <abbr title="−159/497">32.0%</abbr> of its health!)</small><br></div><div class="spacer battle-history"><br></div><div class="battle-history">The opposing Alomomola used <strong>Scald</strong>!<br></div><div class="battle-history"><small>(Flygon lost <abbr title="−54/364">14.8%</abbr> of its health!)</small><br></div><div class="spacer battle-history"><br></div><div class="battle-history"><small>Alomomola's wish came true!</small><br></div><div class="battle-history"><small>Flygon restored a little HP using its Leftovers!</small><br></div><div class="spacer battle-history"><br></div><h2 class="battle-history">Turn 34</h2><div class="spacer battle-history"><br></div><div class="battle-history">Flygon used <strong>Earthquake</strong>!<br></div><div class="battle-history"><small>(The opposing Alomomola lost <abbr title="−91/497">18.3%</abbr> of its health!)</small><br></div><div class="spacer battle-history"><br></div><div class="battle-history">The opposing Alomomola used <strong>Wish</strong>!<br></div><div class="spacer battle-history"><br></div><div class="battle-history"><small>Flygon restored a little HP using its Leftovers!</small><br></div><div class="spacer battle-history"><br></div><h2 class="battle-history">Turn 35</h2><div class="spacer battle-history"><br></div><div class="battle-history">Flygon used <strong>Earthquake</strong>!<br></div><div class="battle-history"><small>(The opposing Alomomola lost <abbr title="−94/497">18.9%</abbr> of its health!)</small><br></div><div class="spacer battle-history"><br></div><div class="battle-history">The opposing Alomomola used <strong>Scald</strong>!<br></div><div class="battle-history"><small>(Flygon lost <abbr title="−57/364">15.7%</abbr> of its health!)</small><br></div><div class="spacer battle-history"><br></div><div class="battle-history"><small>Alomomola's wish came true!</small><br></div><div class="battle-history"><small>Flygon restored a little HP using its Leftovers!</small><br></div><div class="spacer battle-history"><br></div><h2 class="battle-history">Turn 36</h2><div class="chat"><small>DaSpoopsAre2Stronk left.</small></div><div class="spacer battle-history"><br></div><div class="battle-history">Flygon used <strong>Earthquake</strong>!<br></div><div class="battle-history"><small>(The opposing Alomomola lost <abbr title="−102/497">20.5%</abbr> of its health!)</small><br></div><div class="spacer battle-history"><br></div><div class="battle-history">The opposing Alomomola used <strong>Wish</strong>!<br></div><div class="spacer battle-history"><br></div><div class="battle-history"><small>Flygon restored a little HP using its Leftovers!</small><br></div><div class="spacer battle-history"><br></div><h2 class="battle-history">Turn 37</h2><div class="chat"><small>Jarceus57 left.</small></div><div class="chat"><small>jezuzinatree left.</small></div><div class="chat"><small>Jarceus57 joined.</small></div><div class="spacer battle-history"><br></div><div class="battle-history">Flygon used <strong>U-turn</strong>!<br></div><div class="battle-history"><small>(The opposing Alomomola lost <abbr title="−48/497">9.7%</abbr> of its health!)</small><br></div><div class="spacer battle-history"><br></div><div class="battle-history">The opposing Alomomola used <strong>Scald</strong>!<br></div><div class="battle-history"><small>(Flygon lost <abbr title="−52/364">14.3%</abbr> of its health!)</small><br></div><div class="battle-history"><small>Flygon was burned!</small><br></div><div class="spacer battle-history"><br></div><div class="battle-history"><small>Alomomola's wish came true!</small><br></div><div class="battle-history"><small>Flygon restored a little HP using its Leftovers!</small><br></div><div class="battle-history"><small>Flygon was hurt by its burn!</small><br></div><div class="spacer battle-history"><br></div><h2 class="battle-history">Turn 38</h2><div class="spacer battle-history"><br></div><div class="battle-history">Flygon used <strong>U-turn</strong>!<br></div><div class="battle-history"><small>(The opposing Alomomola lost <abbr title="−24/497">4.8%</abbr> of its health!)</small><br></div><div class="spacer battle-history"><br></div><div class="battle-history">The opposing Alomomola used <strong>Wish</strong>!<br></div><div class="spacer battle-history"><br></div><div class="battle-history"><small>Flygon restored a little HP using its Leftovers!</small><br></div><div class="battle-history"><small>Flygon was hurt by its burn!</small><br></div><div class="spacer battle-history"><br></div><h2 class="battle-history">Turn 39</h2><div class="chat"><small>Ping_Pong_Along joined.</small></div><div class="spacer battle-history"><br></div><div class="battle-history">Hammy0♧ withdrew Alomomola!<br></div><div class="battle-history">Hammy0♧ sent out <strong>Venusaur</strong>!<br></div><div class="spacer battle-history"><br></div><div class="battle-history">Flygon used <strong>U-turn</strong>!<br></div><div class="battle-history"><small>(The opposing Venusaur lost <abbr title="−30/301">10.0%</abbr> of its health!)</small><br></div><div class="spacer battle-history"><br></div><div class="battle-history"><small>Alomomola's wish came true!</small><br></div><div class="battle-history"><small>Flygon restored a little HP using its Leftovers!</small><br></div><div class="battle-history"><small>Flygon was hurt by its burn!</small><br></div><div class="spacer battle-history"><br></div><h2 class="battle-history">Turn 40</h2><div class="spacer battle-history"><br></div><div class="battle-history">Flygon used <strong>Roost</strong>!<br></div><div class="battle-history"><small>Flygon restored its HP.</small><br></div><div class="spacer battle-history"><br></div><div class="battle-history">The opposing Venusaur used <strong>Leaf Storm</strong>!<br></div><div class="battle-history"><small>(Flygon lost <abbr title="−309/364">84.9%</abbr> of its health!)</small><br></div><div class="battle-history"><small>The opposing Venusaur's Special Attack fell harshly!</small><br></div><div class="battle-history"><small>The opposing Venusaur lost some of its HP!</small><br></div><div class="spacer battle-history"><br></div><div class="battle-history"><small>Flygon restored a little HP using its Leftovers!</small><br></div><div class="battle-history"><small>Flygon was hurt by its burn!</small><br></div><div class="spacer battle-history"><br></div><h2 class="battle-history">Turn 41</h2><div class="spacer battle-history"><br></div><div class="battle-history"><small>Jarceus57 forfeited.</small><br></div><div class="spacer battle-history"><br></div><div class="battle-history"><strong>Hammy0♧</strong> won the battle!<br></div><div class="chat"><small>Jarceus57 left.</small></div></div><div class="inner-preempt"></div></div></div>
</div>
<script>
let daily = Math.floor(Date.now()/1000/60/60/24);document.write('<script src="https://play.pokemonshowdown.com/js/replay-embed.js?version'+daily+'"></'+'script>');
</script>
