<!DOCTYPE html>
<meta charset="utf-8" />
<!-- version 1 -->
<title>RU replay: adewale vs. oSwishy</title>
<style>
html,body {font-family:Verdana, sans-serif;font-size:10pt;margin:0;padding:0;}body{padding:12px 0;} .battle-log {font-family:Verdana, sans-serif;font-size:10pt;} .battle-log-inline {border:1px solid #AAAAAA;background:#EEF2F5;color:black;max-width:640px;margin:0 auto 80px;padding-bottom:5px;} .battle-log .inner {padding:4px 8px 0px 8px;} .battle-log .inner-preempt {padding:0 8px 4px 8px;} .battle-log .inner-after {margin-top:0.5em;} .battle-log h2 {margin:0.5em -8px;padding:4px 8px;border:1px solid #AAAAAA;background:#E0E7EA;border-left:0;border-right:0;font-family:Verdana, sans-serif;font-size:13pt;} .battle-log .chat {vertical-align:middle;padding:3px 0 3px 0;font-size:8pt;} .battle-log .chat strong {color:#40576A;} .battle-log .chat em {padding:1px 4px 1px 3px;color:#000000;font-style:normal;} .chat.mine {background:rgba(0,0,0,0.05);margin-left:-8px;margin-right:-8px;padding-left:8px;padding-right:8px;} .spoiler {color:#BBBBBB;background:#BBBBBB;padding:0px 3px;} .spoiler:hover, .spoiler:active, .spoiler-shown {color:#000000;background:#E2E2E2;padding:0px 3px;} .spoiler a {color:#BBBBBB;} .spoiler:hover a, .spoiler:active a, .spoiler-shown a {color:#2288CC;} .chat code, .chat .spoiler:hover code, .chat .spoiler:active code, .chat .spoiler-shown code {border:1px solid #C0C0C0;background:#EEEEEE;color:black;padding:0 2px;} .chat .spoiler code {border:1px solid #CCCCCC;background:#CCCCCC;color:#CCCCCC;} .battle-log .rated {padding:3px 4px;} .battle-log .rated strong {color:white;background:#89A;padding:1px 4px;border-radius:4px;} .spacer {margin-top:0.5em;} .message-announce {background:#6688AA;color:white;padding:1px 4px 2px;} .message-announce a, .broadcast-green a, .broadcast-blue a, .broadcast-red a {color:#DDEEFF;} .broadcast-green {background-color:#559955;color:white;padding:2px 4px;} .broadcast-blue {background-color:#6688AA;color:white;padding:2px 4px;} .infobox {border:1px solid #6688AA;padding:2px 4px;} .infobox-limited {max-height:200px;overflow:auto;overflow-x:hidden;} .broadcast-red {background-color:#AA5544;color:white;padding:2px 4px;} .message-learn-canlearn {font-weight:bold;color:#228822;text-decoration:underline;} .message-learn-cannotlearn {font-weight:bold;color:#CC2222;text-decoration:underline;} .message-effect-weak {font-weight:bold;color:#CC2222;} .message-effect-resist {font-weight:bold;color:#6688AA;} .message-effect-immune {font-weight:bold;color:#666666;} .message-learn-list {margin-top:0;margin-bottom:0;} .message-throttle-notice, .message-error {color:#992222;} .message-overflow, .chat small.message-overflow {font-size:0pt;} .message-overflow::before {font-size:9pt;content:'...';} .subtle {color:#3A4A66;}
</style>
<div class="wrapper replay-wrapper" style="max-width:1180px;margin:0 auto">
<input type="hidden" name="replayid" value="ru-537980172" />
<div class="battle"></div><div class="battle-log"></div><div class="replay-controls"></div><div class="replay-controls-2"></div>
<h1 style="font-weight:normal;text-align:center"><strong>RU</strong><br /><a href="http://pokemonshowdown.com/users/adewale" class="subtle" target="_blank">adewale</a> vs. <a href="http://pokemonshowdown.com/users/oswishy" class="subtle" target="_blank">oSwishy</a></h1>
<script type="text/plain" class="battle-log-data">|j|adewale
|j|oSwishy
|player|p1|adewale|40
|player|p2|oSwishy|96
|gametype|singles
|gen|6
|tier|RU
|rated
|seed|6682,1107,6717,3282
|rule|Sleep Clause Mod: Limit one foe put to sleep
|rule|Species Clause: Limit one of each Pokémon
|rule|OHKO Clause: OHKO moves are banned
|rule|Moody Clause: Moody is banned
|rule|Evasion Moves Clause: Evasion moves are banned
|rule|Endless Battle Clause: Forcing endless battles is banned
|rule|HP Percentage Mod: HP is shown in percentages
|clearpoke
|poke|p1|Aromatisse, M|item
|poke|p1|Exploud, F|item
|poke|p1|Druddigon, M|item
|poke|p1|Hoopa|item
|poke|p1|Houndoom, M|item
|poke|p1|Golem, M|item
|poke|p2|Camerupt, M|item
|poke|p2|Alomomola, M|item
|poke|p2|Venusaur, M|item
|poke|p2|Registeel|item
|poke|p2|Drapion, M|item
|poke|p2|Hitmontop, M|item
|rule|Swagger Clause: Swagger is banned
|rule|Baton Pass Clause: Limit one Baton Passer, can't pass Spe and other stats simultaneously
|teampreview
|choice|team 4, team 2, team 3, team 1, team 5, team 6|team 1, team 2, team 3, team 4, team 5, team 6
|
|start
|switch|p1a: Hoopa|Hoopa|364\/364
|switch|p2a: Camerupt|Camerupt, M|343\/343
|turn|1
|choice|move dualchop|move stealthrock mega
|
|detailschange|p2a: Camerupt|Camerupt-Mega, M
|-mega|p2a: Camerupt|Camerupt|Cameruptite
|move|p1a: Hoopa|Dual Chop|p2a: Camerupt
|-damage|p2a: Camerupt|310\/343
|-damage|p2a: Camerupt|275\/343
|-hitcount|p2a: Camerupt|2
|move|p2a: Camerupt|Stealth Rock|p1a: Hoopa
|-sidestart|p1: adewale|move: Stealth Rock
|
|upkeep
|turn|2
|choice|move shadowball|move toxic
|
|move|p1a: Hoopa|Shadow Ball|p2a: Camerupt
|-damage|p2a: Camerupt|154\/343
|move|p2a: Camerupt|Toxic|p1a: Hoopa
|-status|p1a: Hoopa|tox
|
|-damage|p1a: Hoopa|342\/364 tox|[from] psn
|upkeep
|turn|3
|choice|move shadowball|switch 5
|
|switch|p2a: Drapion|Drapion, M|343\/343
|move|p1a: Hoopa|Shadow Ball|p2a: Drapion
|-resisted|p2a: Drapion
|-damage|p2a: Drapion|260\/343
|
|-heal|p2a: Drapion|281\/343|[from] item: Black Sludge
|-damage|p1a: Hoopa|298\/364 tox|[from] psn
|upkeep
|turn|4
|choice|switch 6|move knockoff
|
|switch|p1a: Golem|Golem, M|364\/364
|-damage|p1a: Golem|342\/364|[from] Stealth Rock
|move|p2a: Drapion|Knock Off|p1a: Golem
|-damage|p1a: Golem|260\/364
|-enditem|p1a: Golem|Sitrus Berry|[from] move: Knock Off|[of] p2a: Drapion
|
|-heal|p2a: Drapion|302\/343|[from] item: Black Sludge
|upkeep
|turn|5
|choice|move ironhead|switch 3
|
|switch|p2a: Venusaur|Venusaur, M|364\/364
|move|p1a: Golem|Iron Head|p2a: Venusaur
|-damage|p2a: Venusaur|243\/364
|
|-heal|p2a: Venusaur|265\/364|[from] item: Black Sludge
|upkeep
|turn|6
|choice|move explosion|move leechseed
|
|move|p2a: Venusaur|Leech Seed|p1a: Golem
|-start|p1a: Golem|move: Leech Seed
|move|p1a: Golem|Explosion|p2a: Venusaur
|-damage|p2a: Venusaur|0 fnt
|faint|p1a: Golem
|faint|p2a: Venusaur
|
|upkeep
|choice|switch 2|switch 3
|
|switch|p2a: Drapion|Drapion, M|302\/343
|switch|p1a: Exploud|Exploud, F|412\/412
|-damage|p1a: Exploud|361\/412|[from] Stealth Rock
|-item|p1a: Exploud|Air Balloon
|turn|7
|choice|move circlethrow|move toxicspikes
|
|move|p2a: Drapion|Toxic Spikes|p1a: Exploud
|-sidestart|p1: adewale|move: Toxic Spikes
|move|p1a: Exploud|Circle Throw|p2a: Drapion
|-damage|p2a: Drapion|258\/343
|drag|p2a: Registeel|Registeel|364\/364
|
|upkeep
|turn|8
|choice|move hypervoice|move toxic
|
|move|p1a: Exploud|Hyper Voice|p2a: Registeel
|-resisted|p2a: Registeel
|-damage|p2a: Registeel|325\/364
|move|p2a: Registeel|Toxic|p1a: Exploud
|-status|p1a: Exploud|tox
|
|-heal|p2a: Registeel|347\/364|[from] item: Leftovers
|-damage|p1a: Exploud|336\/412 tox|[from] psn
|upkeep
|turn|9
|choice|switch 5|move ironhead
|
|switch|p1a: Houndoom|Houndoom, M|291\/291
|-status|p1a: Houndoom|psn
|-damage|p1a: Houndoom|219\/291 psn|[from] Stealth Rock
|move|p2a: Registeel|Iron Head|p1a: Houndoom
|-resisted|p1a: Houndoom
|-damage|p1a: Houndoom|156\/291 psn
|
|-heal|p2a: Registeel|364\/364|[from] item: Leftovers
|-damage|p1a: Houndoom|120\/291 psn|[from] psn
|upkeep
|turn|10
|choice|move fireblast|switch 2
|
|switch|p2a: Alomomola|Alomomola, M|501\/501
|move|p1a: Houndoom|Fire Blast|p2a: Alomomola
|-resisted|p2a: Alomomola
|-damage|p2a: Alomomola|375\/501
|
|-heal|p2a: Alomomola|406\/501|[from] item: Leftovers
|-damage|p1a: Houndoom|84\/291 psn|[from] psn
|upkeep
|turn|11
|choice|switch 3|move scald
|
|switch|p1a: Druddigon|Druddigon, M|358\/358
|-damage|p1a: Druddigon|314\/358|[from] Stealth Rock
|-status|p1a: Druddigon|psn
|move|p2a: Alomomola|Scald|p1a: Druddigon
|-resisted|p1a: Druddigon
|-damage|p1a: Druddigon|291\/358 psn
|
|-heal|p2a: Alomomola|437\/501|[from] item: Leftovers
|-damage|p1a: Druddigon|247\/358 psn|[from] psn
|upkeep
|turn|12
|choice|move glare|move wish
|
|move|p2a: Alomomola|Wish|p2a: Alomomola
|move|p1a: Druddigon|Glare|p2a: Alomomola
|-status|p2a: Alomomola|par
|
|-heal|p2a: Alomomola|468\/501 par|[from] item: Leftovers
|-damage|p1a: Druddigon|203\/358 psn|[from] psn
|upkeep
|turn|13
|choice|move bulldoze|switch 4
|
|switch|p2a: Drapion|Drapion, M|258\/343
|move|p1a: Druddigon|Bulldoze|p2a: Drapion
|-supereffective|p2a: Drapion
|-damage|p2a: Drapion|112\/343
|-unboost|p2a: Drapion|spe|1
|
|-heal|p2a: Drapion|343\/343|[from] move: Wish|[wisher] Alomomola
|-damage|p1a: Druddigon|159\/358 psn|[from] psn
|upkeep
|turn|14
|choice|move bulldoze|switch 2
|
|switch|p2a: Registeel|Registeel|364\/364
|move|p1a: Druddigon|Bulldoze|p2a: Registeel
|-supereffective|p2a: Registeel
|-damage|p2a: Registeel|258\/364
|
|-heal|p2a: Registeel|280\/364|[from] item: Leftovers
|-damage|p1a: Druddigon|115\/358 psn|[from] psn
|upkeep
|turn|15
|choice|move glare|move ironhead
|
|move|p2a: Registeel|Iron Head|p1a: Druddigon
|-damage|p1a: Druddigon|34\/358 psn
|-damage|p2a: Registeel|235\/364|[from] ability: Rough Skin|[of] p1a: Druddigon
|-damage|p2a: Registeel|175\/364|[from] item: Rocky Helmet|[of] p1a: Druddigon
|move|p1a: Druddigon|Glare|p2a: Registeel
|-status|p2a: Registeel|par
|
|-heal|p2a: Registeel|197\/364 par|[from] item: Leftovers
|-damage|p1a: Druddigon|0 fnt|[from] psn
|upkeep
|faint|p1a: Druddigon
|choice|switch 3|
|
|switch|p1a: Houndoom|Houndoom, M|84\/291 psn
|-damage|p1a: Houndoom|12\/291 psn|[from] Stealth Rock
|turn|16
|choice|move fireblast|switch 4
|
|switch|p2a: Alomomola|Alomomola, M|501\/501 par
|move|p1a: Houndoom|Fire Blast|p2a: Alomomola|[miss]
|-miss|p1a: Houndoom|p2a: Alomomola
|
|-damage|p1a: Houndoom|0 fnt|[from] psn
|upkeep
|faint|p1a: Houndoom
|choice|switch 4|
|
|switch|p1a: Aromatisse|Aromatisse, M|406\/406
|-status|p1a: Aromatisse|psn
|-damage|p1a: Aromatisse|356\/406 psn|[from] Stealth Rock
|turn|17
|choice|move thunder|move protect
|
|move|p2a: Alomomola|Protect|p2a: Alomomola
|-singleturn|p2a: Alomomola|Protect
|move|p1a: Aromatisse|Thunder|p2a: Alomomola
|-activate|p2a: Alomomola|move: Protect
|
|-damage|p1a: Aromatisse|306\/406 psn|[from] psn
|upkeep
|turn|18
|choice|move thunder|switch 5
|
|switch|p2a: Camerupt|Camerupt-Mega, M|154\/343
|move|p1a: Aromatisse|Thunder|p2a: Camerupt
|-immune|p2a: Camerupt|[msg]
|
|-damage|p1a: Aromatisse|256\/406 psn|[from] psn
|upkeep
|turn|19
|choice|move moonblast|move flamethrower
|
|move|p2a: Camerupt|Flamethrower|p1a: Aromatisse
|-damage|p1a: Aromatisse|40\/406 psn
|-enditem|p1a: Aromatisse|Apicot Berry|[eat]
|-boost|p1a: Aromatisse|spd|1
|move|p1a: Aromatisse|Moonblast|p2a: Camerupt
|-resisted|p2a: Camerupt
|-damage|p2a: Camerupt|102\/343
|
|-damage|p1a: Aromatisse|0 fnt|[from] psn
|upkeep
|faint|p1a: Aromatisse
|choice|switch 6|
|
|switch|p1a: Hoopa|Hoopa|298\/364 tox
|-damage|p1a: Hoopa|253\/364 tox|[from] Stealth Rock
|turn|20
|choice|move shadowball|move flamethrower
|
|move|p1a: Hoopa|Shadow Ball|p2a: Camerupt
|-damage|p2a: Camerupt|0 fnt
|faint|p2a: Camerupt
|
|-damage|p1a: Hoopa|231\/364 tox|[from] psn
|upkeep
|choice||switch 2
|
|switch|p2a: Drapion|Drapion, M|343\/343
|turn|21
|choice|move shadowball|move knockoff
|
|move|p2a: Drapion|Knock Off|p1a: Hoopa
|-supereffective|p1a: Hoopa
|-enditem|p1a: Hoopa|Colbur Berry|[eat]
|-enditem|p1a: Hoopa|Colbur Berry|[weaken]
|-damage|p1a: Hoopa|0 fnt
|faint|p1a: Hoopa
|
|upkeep
|choice|switch 5|
|
|switch|p1a: Exploud|Exploud, F|336\/412 tox
|-damage|p1a: Exploud|285\/412 tox|[from] Stealth Rock
|-item|p1a: Exploud|Air Balloon
|turn|22
|choice|move circlethrow|switch 6
|
|switch|p2a: Hitmontop|Hitmontop, M|304\/304
|-ability|p2a: Hitmontop|Intimidate|boost
|-unboost|p1a: Exploud|atk|1
|move|p1a: Exploud|Circle Throw|p2a: Hitmontop
|-damage|p2a: Hitmontop|276\/304
|drag|p2a: Drapion|Drapion, M|343\/343
|
|-damage|p1a: Exploud|260\/412 tox|[from] psn
|upkeep
|turn|23
|choice|move boomburst|switch 6
|
|switch|p2a: Hitmontop|Hitmontop, M|276\/304
|-ability|p2a: Hitmontop|Intimidate|boost
|-unboost|p1a: Exploud|atk|1
|move|p1a: Exploud|Boomburst|p2a: Hitmontop
|-damage|p2a: Hitmontop|134\/304
|
|-heal|p2a: Hitmontop|153\/304|[from] item: Leftovers
|-damage|p1a: Exploud|210\/412 tox|[from] psn
|upkeep
|turn|24
|choice|move boomburst|move closecombat
|
|move|p2a: Hitmontop|Close Combat|p1a: Exploud
|-supereffective|p1a: Exploud
|-damage|p1a: Exploud|0 fnt
|-enditem|p1a: Exploud|Air Balloon
|-unboost|p2a: Hitmontop|def|1
|-unboost|p2a: Hitmontop|spd|1
|faint|p1a: Exploud
|
|win|oSwishy
|player|p1
|player|p2
|c|★adewale|gg
|raw|adewale's rating: 1000 &rarr; <strong>1000<\/strong><br \/>(+0 for losing)
|raw|oSwishy's rating: 1000 &rarr; <strong>1040<\/strong><br \/>(+40 for winning)</script>
</div>
<div class="battle-log battle-log-inline"><div class="inner"><div class="battle-options"></div><div class="inner"><div class="chat"><small>adewale joined.</small></div><div class="chat"><small>oSwishy joined.</small></div><div class=""><small>Format:</small> <br><strong>RU</strong></div><div class="rated"><strong>Rated battle</strong></div><div class=""><small><em>Sleep Clause Mod:</em> Limit one foe put to sleep</small></div><div class=""><small><em>Species Clause:</em> Limit one of each Pokémon</small></div><div class=""><small><em>OHKO Clause:</em> OHKO moves are banned</small></div><div class=""><small><em>Moody Clause:</em> Moody is banned</small></div><div class=""><small><em>Evasion Moves Clause:</em> Evasion moves are banned</small></div><div class=""><small><em>Endless Battle Clause:</em> Forcing endless battles is banned</small></div><div class=""><small><em>HP Percentage Mod:</em> HP is shown in percentages</small></div><div class=""><small><em>Swagger Clause:</em> Swagger is banned</small></div><div class=""><small><em>Baton Pass Clause:</em> Limit one Baton Passer, can't pass Spe and other stats simultaneously</small></div><div class="chat battle-history"><strong>adewale's team:</strong> <em style="color:#445566;display:block;">Aromatisse / Exploud / Druddigon / Hoopa / Houndoom / Golem</em></div><div class="chat battle-history"><strong>oSwishy's team:</strong> <em style="color:#445566;display:block;">Camerupt / Alomomola / Venusaur / Registeel / Drapion / Hitmontop</em></div><div class="spacer battle-history"><br></div><div class="battle-history">Battle started between adewale and oSwishy!<br></div><div class="spacer battle-history"><br></div><div class="battle-history">Go! <strong>Hoopa</strong>!<br></div><div class="spacer battle-history"><br></div><div class="battle-history">oSwishy sent out <strong>Camerupt</strong>!<br></div><div class="spacer battle-history"><br></div><h2 class="battle-history">Turn 1</h2><div class="spacer battle-history"><br></div><div class="battle-history"><small>The opposing Camerupt's Cameruptite is reacting to oSwishy's Mega Bracelet!</small><br>The opposing Camerupt has Mega Evolved into Mega Camerupt!<br></div><div class="spacer battle-history"><br></div><div class="battle-history">Hoopa used <strong>Dual Chop</strong>!<br></div><div class="battle-history"><small>(The opposing Camerupt lost <abbr title="−33/343">9.6%</abbr> of its health!)</small><br></div><div class="battle-history"><small>(The opposing Camerupt lost <abbr title="−35/343">10.2%</abbr> of its health!)</small><br></div><div class="battle-history"><small>Hit 2 times!</small><br></div><div class="spacer battle-history"><br></div><div class="battle-history">The opposing Camerupt used <strong>Stealth Rock</strong>!<br></div><div class="battle-history"><small>Pointed stones float in the air around your team!</small><br></div><div class="spacer battle-history"><br></div><h2 class="battle-history">Turn 2</h2><div class="spacer battle-history"><br></div><div class="battle-history">Hoopa used <strong>Shadow Ball</strong>!<br></div><div class="battle-history"><small>(The opposing Camerupt lost <abbr title="−121/343">35.3%</abbr> of its health!)</small><br></div><div class="spacer battle-history"><br></div><div class="battle-history">The opposing Camerupt used <strong>Toxic</strong>!<br></div><div class="battle-history"><small>Hoopa was badly poisoned!</small><br></div><div class="spacer battle-history"><br></div><div class="battle-history"><small>Hoopa was hurt by poison!</small><br></div><div class="spacer battle-history"><br></div><h2 class="battle-history">Turn 3</h2><div class="spacer battle-history"><br></div><div class="battle-history">oSwishy withdrew Camerupt!<br></div><div class="battle-history">oSwishy sent out <strong>Drapion</strong>!<br></div><div class="spacer battle-history"><br></div><div class="battle-history">Hoopa used <strong>Shadow Ball</strong>!<br></div><div class="battle-history"><small>It's not very effective...</small><br></div><div class="battle-history"><small>(The opposing Drapion lost <abbr title="−83/343">24.2%</abbr> of its health!)</small><br></div><div class="spacer battle-history"><br></div><div class="battle-history"><small>The opposing Drapion restored a little HP using its Black Sludge!</small><br></div><div class="battle-history"><small>Hoopa was hurt by poison!</small><br></div><div class="spacer battle-history"><br></div><h2 class="battle-history">Turn 4</h2><div class="spacer battle-history"><br></div><div class="battle-history">Hoopa, come back!<br></div><div class="battle-history">Go! <strong>Golem</strong>!<br></div><div class="battle-history"><small>Pointed stones dug into Golem!</small><br></div><div class="spacer battle-history"><br></div><div class="battle-history">The opposing Drapion used <strong>Knock Off</strong>!<br></div><div class="battle-history"><small>(Golem lost <abbr title="−82/364">22.5%</abbr> of its health!)</small><br></div><div class="battle-history"><small>The opposing Drapion knocked off Golem's Sitrus Berry!</small><br></div><div class="spacer battle-history"><br></div><div class="battle-history"><small>The opposing Drapion restored a little HP using its Black Sludge!</small><br></div><div class="spacer battle-history"><br></div><h2 class="battle-history">Turn 5</h2><div class="spacer battle-history"><br></div><div class="battle-history">oSwishy withdrew Drapion!<br></div><div class="battle-history">oSwishy sent out <strong>Venusaur</strong>!<br></div><div class="spacer battle-history"><br></div><div class="battle-history">Golem used <strong>Iron Head</strong>!<br></div><div class="battle-history"><small>(The opposing Venusaur lost <abbr title="−121/364">33.2%</abbr> of its health!)</small><br></div><div class="spacer battle-history"><br></div><div class="battle-history"><small>The opposing Venusaur restored a little HP using its Black Sludge!</small><br></div><div class="spacer battle-history"><br></div><h2 class="battle-history">Turn 6</h2><div class="spacer battle-history"><br></div><div class="battle-history">The opposing Venusaur used <strong>Leech Seed</strong>!<br></div><div class="battle-history"><small>Golem was seeded!</small><br></div><div class="spacer battle-history"><br></div><div class="battle-history">Golem used <strong>Explosion</strong>!<br></div><div class="battle-history"><small>(The opposing Venusaur lost <abbr title="−265/364">72.8%</abbr> of its health!)</small><br></div><div class="spacer battle-history"><br></div><div class="battle-history">Golem fainted!<br></div><div class="battle-history">The opposing Venusaur fainted!<br></div><div class="spacer battle-history"><br></div><div class="battle-history">oSwishy sent out <strong>Drapion</strong>!<br></div><div class="spacer battle-history"><br></div><div class="battle-history">Go! <strong>Exploud</strong>!<br></div><div class="battle-history"><small>Pointed stones dug into Exploud!</small><br></div><div class="battle-history"><small>Exploud floats in the air with its Air Balloon!</small><br></div><div class="spacer battle-history"><br></div><h2 class="battle-history">Turn 7</h2><div class="spacer battle-history"><br></div><div class="battle-history">The opposing Drapion used <strong>Toxic Spikes</strong>!<br></div><div class="battle-history"><small>Poison spikes were scattered on the ground all around your team!</small><br></div><div class="spacer battle-history"><br></div><div class="battle-history">Exploud used <strong>Circle Throw</strong>!<br></div><div class="battle-history"><small>(The opposing Drapion lost <abbr title="−44/343">12.8%</abbr> of its health!)</small><br></div><div class="spacer battle-history"><br></div><div class="battle-history"><strong>Registeel</strong> was dragged out!<br></div><div class="spacer battle-history"><br></div><h2 class="battle-history">Turn 8</h2><div class="spacer battle-history"><br></div><div class="battle-history">Exploud used <strong>Hyper Voice</strong>!<br></div><div class="battle-history"><small>It's not very effective...</small><br></div><div class="battle-history"><small>(The opposing Registeel lost <abbr title="−39/364">10.7%</abbr> of its health!)</small><br></div><div class="spacer battle-history"><br></div><div class="battle-history">The opposing Registeel used <strong>Toxic</strong>!<br></div><div class="battle-history"><small>Exploud was badly poisoned!</small><br></div><div class="spacer battle-history"><br></div><div class="battle-history"><small>The opposing Registeel restored a little HP using its Leftovers!</small><br></div><div class="battle-history"><small>Exploud was hurt by poison!</small><br></div><div class="spacer battle-history"><br></div><h2 class="battle-history">Turn 9</h2><div class="spacer battle-history"><br></div><div class="battle-history">Exploud, come back!<br></div><div class="battle-history">Go! <strong>Houndoom</strong>!<br></div><div class="battle-history"><small>Houndoom was poisoned!</small><br></div><div class="battle-history"><small>Pointed stones dug into Houndoom!</small><br></div><div class="spacer battle-history"><br></div><div class="battle-history">The opposing Registeel used <strong>Iron Head</strong>!<br></div><div class="battle-history"><small>It's not very effective...</small><br></div><div class="battle-history"><small>(Houndoom lost <abbr title="−63/291">21.6%</abbr> of its health!)</small><br></div><div class="spacer battle-history"><br></div><div class="battle-history"><small>The opposing Registeel restored a little HP using its Leftovers!</small><br></div><div class="battle-history"><small>Houndoom was hurt by poison!</small><br></div><div class="spacer battle-history"><br></div><h2 class="battle-history">Turn 10</h2><div class="spacer battle-history"><br></div><div class="battle-history">oSwishy withdrew Registeel!<br></div><div class="battle-history">oSwishy sent out <strong>Alomomola</strong>!<br></div><div class="spacer battle-history"><br></div><div class="battle-history">Houndoom used <strong>Fire Blast</strong>!<br></div><div class="battle-history"><small>It's not very effective...</small><br></div><div class="battle-history"><small>(The opposing Alomomola lost <abbr title="−126/501">25.1%</abbr> of its health!)</small><br></div><div class="spacer battle-history"><br></div><div class="battle-history"><small>The opposing Alomomola restored a little HP using its Leftovers!</small><br></div><div class="battle-history"><small>Houndoom was hurt by poison!</small><br></div><div class="spacer battle-history"><br></div><h2 class="battle-history">Turn 11</h2><div class="spacer battle-history"><br></div><div class="battle-history">Houndoom, come back!<br></div><div class="battle-history">Go! <strong>Druddigon</strong>!<br></div><div class="battle-history"><small>Pointed stones dug into Druddigon!</small><br></div><div class="battle-history"><small>Druddigon was poisoned!</small><br></div><div class="spacer battle-history"><br></div><div class="battle-history">The opposing Alomomola used <strong>Scald</strong>!<br></div><div class="battle-history"><small>It's not very effective...</small><br></div><div class="battle-history"><small>(Druddigon lost <abbr title="−23/358">6.4%</abbr> of its health!)</small><br></div><div class="spacer battle-history"><br></div><div class="battle-history"><small>The opposing Alomomola restored a little HP using its Leftovers!</small><br></div><div class="battle-history"><small>Druddigon was hurt by poison!</small><br></div><div class="spacer battle-history"><br></div><h2 class="battle-history">Turn 12</h2><div class="spacer battle-history"><br></div><div class="battle-history">The opposing Alomomola used <strong>Wish</strong>!<br></div><div class="spacer battle-history"><br></div><div class="battle-history">Druddigon used <strong>Glare</strong>!<br></div><div class="battle-history"><small>The opposing Alomomola is paralyzed! It may be unable to move!</small><br></div><div class="spacer battle-history"><br></div><div class="battle-history"><small>The opposing Alomomola restored a little HP using its Leftovers!</small><br></div><div class="battle-history"><small>Druddigon was hurt by poison!</small><br></div><div class="spacer battle-history"><br></div><h2 class="battle-history">Turn 13</h2><div class="spacer battle-history"><br></div><div class="battle-history">oSwishy withdrew Alomomola!<br></div><div class="battle-history">oSwishy sent out <strong>Drapion</strong>!<br></div><div class="spacer battle-history"><br></div><div class="battle-history">Druddigon used <strong>Bulldoze</strong>!<br></div><div class="battle-history"><small>It's super effective!</small><br></div><div class="battle-history"><small>(The opposing Drapion lost <abbr title="−146/343">42.6%</abbr> of its health!)</small><br></div><div class="battle-history"><small>The opposing Drapion's Speed fell!</small><br></div><div class="spacer battle-history"><br></div><div class="battle-history"><small>Alomomola's wish came true!</small><br></div><div class="battle-history"><small>Druddigon was hurt by poison!</small><br></div><div class="spacer battle-history"><br></div><h2 class="battle-history">Turn 14</h2><div class="spacer battle-history"><br></div><div class="battle-history">oSwishy withdrew Drapion!<br></div><div class="battle-history">oSwishy sent out <strong>Registeel</strong>!<br></div><div class="spacer battle-history"><br></div><div class="battle-history">Druddigon used <strong>Bulldoze</strong>!<br></div><div class="battle-history"><small>It's super effective!</small><br></div><div class="battle-history"><small>(The opposing Registeel lost <abbr title="−106/364">29.1%</abbr> of its health!)</small><br></div><div class="spacer battle-history"><br></div><div class="battle-history"><small>The opposing Registeel restored a little HP using its Leftovers!</small><br></div><div class="battle-history"><small>Druddigon was hurt by poison!</small><br></div><div class="spacer battle-history"><br></div><h2 class="battle-history">Turn 15</h2><div class="spacer battle-history"><br></div><div class="battle-history">The opposing Registeel used <strong>Iron Head</strong>!<br></div><div class="battle-history"><small>(Druddigon lost <abbr title="−81/358">22.6%</abbr> of its health!)</small><br></div><div class="battle-history"><small>[Druddigon's Rough Skin]</small><br><small>The opposing Registeel was hurt!</small><br></div><div class="battle-history"><small>The opposing Registeel was hurt by the Rocky Helmet!</small><br></div><div class="spacer battle-history"><br></div><div class="battle-history">Druddigon used <strong>Glare</strong>!<br></div><div class="battle-history"><small>The opposing Registeel is paralyzed! It may be unable to move!</small><br></div><div class="spacer battle-history"><br></div><div class="battle-history"><small>The opposing Registeel restored a little HP using its Leftovers!</small><br></div><div class="battle-history"><small>Druddigon was hurt by poison!</small><br></div><div class="spacer battle-history"><br></div><div class="battle-history">Druddigon fainted!<br></div><div class="spacer battle-history"><br></div><div class="battle-history">Go! <strong>Houndoom</strong>!<br></div><div class="battle-history"><small>Pointed stones dug into Houndoom!</small><br></div><div class="spacer battle-history"><br></div><h2 class="battle-history">Turn 16</h2><div class="spacer battle-history"><br></div><div class="battle-history">oSwishy withdrew Registeel!<br></div><div class="battle-history">oSwishy sent out <strong>Alomomola</strong>!<br></div><div class="spacer battle-history"><br></div><div class="battle-history">Houndoom used <strong>Fire Blast</strong>!<br></div><div class="battle-history"><small>The opposing Alomomola avoided the attack!</small><br></div><div class="spacer battle-history"><br></div><div class="battle-history"><small>Houndoom was hurt by poison!</small><br></div><div class="spacer battle-history"><br></div><div class="battle-history">Houndoom fainted!<br></div><div class="spacer battle-history"><br></div><div class="battle-history">Go! <strong>Aromatisse</strong>!<br></div><div class="battle-history"><small>Aromatisse was poisoned!</small><br></div><div class="battle-history"><small>Pointed stones dug into Aromatisse!</small><br></div><div class="spacer battle-history"><br></div><h2 class="battle-history">Turn 17</h2><div class="spacer battle-history"><br></div><div class="battle-history">The opposing Alomomola used <strong>Protect</strong>!<br></div><div class="battle-history"><small>The opposing Alomomola protected itself!</small><br></div><div class="spacer battle-history"><br></div><div class="battle-history">Aromatisse used <strong>Thunder</strong>!<br></div><div class="battle-history"><small>The opposing Alomomola protected itself!</small><br></div><div class="spacer battle-history"><br></div><div class="battle-history"><small>Aromatisse was hurt by poison!</small><br></div><div class="spacer battle-history"><br></div><h2 class="battle-history">Turn 18</h2><div class="spacer battle-history"><br></div><div class="battle-history">oSwishy withdrew Alomomola!<br></div><div class="battle-history">oSwishy sent out Camerupt (<strong>Camerupt-Mega</strong>)!<br></div><div class="spacer battle-history"><br></div><div class="battle-history">Aromatisse used <strong>Thunder</strong>!<br></div><div class="battle-history"><small>It doesn't affect the opposing Camerupt...</small><br></div><div class="spacer battle-history"><br></div><div class="battle-history"><small>Aromatisse was hurt by poison!</small><br></div><div class="spacer battle-history"><br></div><h2 class="battle-history">Turn 19</h2><div class="spacer battle-history"><br></div><div class="battle-history">The opposing Camerupt used <strong>Flamethrower</strong>!<br></div><div class="battle-history"><small>(Aromatisse lost <abbr title="−216/406">53.2%</abbr> of its health!)</small><br></div><div class="battle-history"><small>Aromatisse ate its Apicot Berry!</small><br></div><div class="battle-history"><small>Aromatisse's Special Defense rose!</small><br></div><div class="spacer battle-history"><br></div><div class="battle-history">Aromatisse used <strong>Moonblast</strong>!<br></div><div class="battle-history"><small>It's not very effective...</small><br></div><div class="battle-history"><small>(The opposing Camerupt lost <abbr title="−52/343">15.2%</abbr> of its health!)</small><br></div><div class="spacer battle-history"><br></div><div class="battle-history"><small>Aromatisse was hurt by poison!</small><br></div><div class="spacer battle-history"><br></div><div class="battle-history">Aromatisse fainted!<br></div><div class="spacer battle-history"><br></div><div class="battle-history">Go! <strong>Hoopa</strong>!<br></div><div class="battle-history"><small>Pointed stones dug into Hoopa!</small><br></div><div class="spacer battle-history"><br></div><h2 class="battle-history">Turn 20</h2><div class="spacer battle-history"><br></div><div class="battle-history">Hoopa used <strong>Shadow Ball</strong>!<br></div><div class="battle-history"><small>(The opposing Camerupt lost <abbr title="−102/343">29.7%</abbr> of its health!)</small><br></div><div class="spacer battle-history"><br></div><div class="battle-history">The opposing Camerupt fainted!<br></div><div class="spacer battle-history"><br></div><div class="battle-history"><small>Hoopa was hurt by poison!</small><br></div><div class="spacer battle-history"><br></div><div class="battle-history">oSwishy sent out <strong>Drapion</strong>!<br></div><div class="spacer battle-history"><br></div><h2 class="battle-history">Turn 21</h2><div class="spacer battle-history"><br></div><div class="battle-history">The opposing Drapion used <strong>Knock Off</strong>!<br></div><div class="battle-history"><small>It's super effective!</small><br></div><div class="battle-history"><small>Hoopa ate its Colbur Berry!</small><br></div><div class="battle-history"><small>The Colbur Berry weakened the damage to Hoopa!</small><br></div><div class="battle-history"><small>(Hoopa lost <abbr title="−231/364">63.5%</abbr> of its health!)</small><br></div><div class="spacer battle-history"><br></div><div class="battle-history">Hoopa fainted!<br></div><div class="spacer battle-history"><br></div><div class="battle-history">Go! <strong>Exploud</strong>!<br></div><div class="battle-history"><small>Pointed stones dug into Exploud!</small><br></div><div class="battle-history"><small>Exploud floats in the air with its Air Balloon!</small><br></div><div class="spacer battle-history"><br></div><h2 class="battle-history">Turn 22</h2><div class="spacer battle-history"><br></div><div class="battle-history">oSwishy withdrew Drapion!<br></div><div class="battle-history">oSwishy sent out <strong>Hitmontop</strong>!<br></div><div class="battle-history"><small>[The opposing Hitmontop's Intimidate]</small><br></div><div class="battle-history"><small>Exploud's Attack fell!</small><br></div><div class="spacer battle-history"><br></div><div class="battle-history">Exploud used <strong>Circle Throw</strong>!<br></div><div class="battle-history"><small>(The opposing Hitmontop lost <abbr title="−28/304">9.2%</abbr> of its health!)</small><br></div><div class="spacer battle-history"><br></div><div class="battle-history"><strong>Drapion</strong> was dragged out!<br></div><div class="spacer battle-history"><br></div><div class="battle-history"><small>Exploud was hurt by poison!</small><br></div><div class="spacer battle-history"><br></div><h2 class="battle-history">Turn 23</h2><div class="spacer battle-history"><br></div><div class="battle-history">oSwishy withdrew Drapion!<br></div><div class="battle-history">oSwishy sent out <strong>Hitmontop</strong>!<br></div><div class="battle-history"><small>[The opposing Hitmontop's Intimidate]</small><br></div><div class="battle-history"><small>Exploud's Attack fell!</small><br></div><div class="spacer battle-history"><br></div><div class="battle-history">Exploud used <strong>Boomburst</strong>!<br></div><div class="battle-history"><small>(The opposing Hitmontop lost <abbr title="−142/304">46.7%</abbr> of its health!)</small><br></div><div class="spacer battle-history"><br></div><div class="battle-history"><small>The opposing Hitmontop restored a little HP using its Leftovers!</small><br></div><div class="battle-history"><small>Exploud was hurt by poison!</small><br></div><div class="spacer battle-history"><br></div><h2 class="battle-history">Turn 24</h2><div class="spacer battle-history"><br></div><div class="battle-history">The opposing Hitmontop used <strong>Close Combat</strong>!<br></div><div class="battle-history"><small>It's super effective!</small><br></div><div class="battle-history"><small>(Exploud lost <abbr title="−210/412">51.0%</abbr> of its health!)</small><br></div><div class="battle-history"><small>Exploud's Air Balloon popped!</small><br></div><div class="battle-history"><small>The opposing Hitmontop's Defense fell!</small><br></div><div class="battle-history"><small>The opposing Hitmontop's Special Defense fell!</small><br></div><div class="spacer battle-history"><br></div><div class="battle-history">Exploud fainted!<br></div><div class="spacer battle-history"><br></div><div class="battle-history"><strong>oSwishy</strong> won the battle!<br></div><div class="chat chatmessage-adewale"><strong style="color:hsl(252,81%,60.2159000574748%)"><small>★</small><span class="username" data-name="adewale">adewale</span>:</strong> <em>gg</em></div><div class="chat">adewale's rating: 1000 → <strong>1000</strong><br>(+0 for losing)</div><div class="chat">oSwishy's rating: 1000 → <strong>1040</strong><br>(+40 for winning)</div></div><div class="inner-preempt"></div></div></div>
</div>
<script>
let daily = Math.floor(Date.now()/1000/60/60/24);document.write('<script src="https://play.pokemonshowdown.com/js/replay-embed.js?version'+daily+'"></'+'script>');
</script>
