<!DOCTYPE html>
<meta charset="utf-8" />
<!-- version 1 -->
<title>RU replay: purplemonkey749 vs. Hillaryforprison16</title>
<style>
html,body {font-family:Verdana, sans-serif;font-size:10pt;margin:0;padding:0;}body{padding:12px 0;} .battle-log {font-family:Verdana, sans-serif;font-size:10pt;} .battle-log-inline {border:1px solid #AAAAAA;background:#EEF2F5;color:black;max-width:640px;margin:0 auto 80px;padding-bottom:5px;} .battle-log .inner {padding:4px 8px 0px 8px;} .battle-log .inner-preempt {padding:0 8px 4px 8px;} .battle-log .inner-after {margin-top:0.5em;} .battle-log h2 {margin:0.5em -8px;padding:4px 8px;border:1px solid #AAAAAA;background:#E0E7EA;border-left:0;border-right:0;font-family:Verdana, sans-serif;font-size:13pt;} .battle-log .chat {vertical-align:middle;padding:3px 0 3px 0;font-size:8pt;} .battle-log .chat strong {color:#40576A;} .battle-log .chat em {padding:1px 4px 1px 3px;color:#000000;font-style:normal;} .chat.mine {background:rgba(0,0,0,0.05);margin-left:-8px;margin-right:-8px;padding-left:8px;padding-right:8px;} .spoiler {color:#BBBBBB;background:#BBBBBB;padding:0px 3px;} .spoiler:hover, .spoiler:active, .spoiler-shown {color:#000000;background:#E2E2E2;padding:0px 3px;} .spoiler a {color:#BBBBBB;} .spoiler:hover a, .spoiler:active a, .spoiler-shown a {color:#2288CC;} .chat code, .chat .spoiler:hover code, .chat .spoiler:active code, .chat .spoiler-shown code {border:1px solid #C0C0C0;background:#EEEEEE;color:black;padding:0 2px;} .chat .spoiler code {border:1px solid #CCCCCC;background:#CCCCCC;color:#CCCCCC;} .battle-log .rated {padding:3px 4px;} .battle-log .rated strong {color:white;background:#89A;padding:1px 4px;border-radius:4px;} .spacer {margin-top:0.5em;} .message-announce {background:#6688AA;color:white;padding:1px 4px 2px;} .message-announce a, .broadcast-green a, .broadcast-blue a, .broadcast-red a {color:#DDEEFF;} .broadcast-green {background-color:#559955;color:white;padding:2px 4px;} .broadcast-blue {background-color:#6688AA;color:white;padding:2px 4px;} .infobox {border:1px solid #6688AA;padding:2px 4px;} .infobox-limited {max-height:200px;overflow:auto;overflow-x:hidden;} .broadcast-red {background-color:#AA5544;color:white;padding:2px 4px;} .message-learn-canlearn {font-weight:bold;color:#228822;text-decoration:underline;} .message-learn-cannotlearn {font-weight:bold;color:#CC2222;text-decoration:underline;} .message-effect-weak {font-weight:bold;color:#CC2222;} .message-effect-resist {font-weight:bold;color:#6688AA;} .message-effect-immune {font-weight:bold;color:#666666;} .message-learn-list {margin-top:0;margin-bottom:0;} .message-throttle-notice, .message-error {color:#992222;} .message-overflow, .chat small.message-overflow {font-size:0pt;} .message-overflow::before {font-size:9pt;content:'...';} .subtle {color:#3A4A66;}
</style>
<div class="wrapper replay-wrapper" style="max-width:1180px;margin:0 auto">
<input type="hidden" name="replayid" value="ru-490085523" />
<div class="battle"></div><div class="battle-log"></div><div class="replay-controls"></div><div class="replay-controls-2"></div>
<h1 style="font-weight:normal;text-align:center"><strong>RU</strong><br /><a href="http://pokemonshowdown.com/users/purplemonkey749" class="subtle" target="_blank">purplemonkey749</a> vs. <a href="http://pokemonshowdown.com/users/hillaryforprison16" class="subtle" target="_blank">Hillaryforprison16</a></h1>
<script type="text/plain" class="battle-log-data">|j|purplemonkey749
|j|Hillaryforprison16
|player|p1|purplemonkey749|101
|player|p2|Hillaryforprison16|254
|gametype|singles
|gen|6
|tier|RU
|rated
|seed|49665,27952,18747,40884
|rule|Sleep Clause Mod: Limit one foe put to sleep
|rule|Species Clause: Limit one of each Pokémon
|rule|OHKO Clause: OHKO moves are banned
|rule|Moody Clause: Moody is banned
|rule|Evasion Moves Clause: Evasion moves are banned
|rule|Endless Battle Clause: Forcing endless battles is banned
|rule|HP Percentage Mod: HP is shown in percentages
|clearpoke
|poke|p1|Virizion|item
|poke|p1|Flygon, M|item
|poke|p1|Alomomola, F|item
|poke|p1|Houndoom, F|item
|poke|p1|Omastar, M|item
|poke|p1|Absol, M|item
|poke|p2|Leafeon, F|item
|poke|p2|Sneasel, F|item
|poke|p2|Kabutops, M|item
|poke|p2|Medicham, F|item
|poke|p2|Hitmonlee, M|item
|poke|p2|Aerodactyl, M|item
|rule|Swagger Clause: Swagger is banned
|rule|Baton Pass Clause: Limit one Baton Passer, can't pass Spe and other stats simultaneously
|teampreview
|choice|team 5, team 2, team 3, team 4, team 1, team 6|team 5, team 2, team 3, team 4, team 1, team 6
|
|start
|switch|p1a: Omastar|Omastar, M|281\/281
|switch|p2a: Hitmonlee|Hitmonlee, M|241\/241
|turn|1
|choice|move stealthrock|move highjumpkick
|
|move|p2a: Hitmonlee|High Jump Kick|p1a: Omastar
|-supereffective|p1a: Omastar
|-damage|p1a: Omastar|0 fnt
|faint|p1a: Omastar
|
|choice|switch 2|
|
|switch|p1a: Flygon|Flygon, M|301\/301
|turn|2
|choice|move honeclaws|move highjumpkick
|
|move|p1a: Flygon|Hone Claws|p1a: Flygon
|-boost|p1a: Flygon|atk|1
|-boost|p1a: Flygon|accuracy|1
|move|p2a: Hitmonlee|High Jump Kick|p1a: Flygon
|-damage|p1a: Flygon|0 fnt
|faint|p1a: Flygon
|
|choice|switch 3|
|
|switch|p1a: Alomomola|Alomomola, F|501\/501
|turn|3
|choice|move toxic|switch 5
|
|switch|p2a: Leafeon|Leafeon, F|271\/271
|move|p1a: Alomomola|Toxic|p2a: Leafeon
|-status|p2a: Leafeon|tox
|
|-damage|p2a: Leafeon|255\/271 tox|[from] psn
|turn|4
|choice|move protect|move swordsdance
|
|move|p1a: Alomomola|Protect|p1a: Alomomola
|-singleturn|p1a: Alomomola|Protect
|move|p2a: Leafeon|Swords Dance|p2a: Leafeon
|-boost|p2a: Leafeon|atk|2
|
|-damage|p2a: Leafeon|223\/271 tox|[from] psn
|turn|5
|choice|move wish|move healbell
|
|move|p2a: Leafeon|Heal Bell|p2a: Leafeon
|-activate|p2a: Leafeon|move: Heal Bell
|-curestatus|p2a: Leafeon|tox|[msg]
|move|p1a: Alomomola|Wish|p1a: Alomomola
|
|turn|6
|choice|move protect|move leafblade
|
|move|p1a: Alomomola|Protect|p1a: Alomomola
|-singleturn|p1a: Alomomola|Protect
|move|p2a: Leafeon|Leaf Blade|p1a: Alomomola
|-activate|p1a: Alomomola|move: Protect
|
|turn|7
|choice|move scald|move leafblade
|
|move|p2a: Leafeon|Leaf Blade|p1a: Alomomola
|-supereffective|p1a: Alomomola
|-damage|p1a: Alomomola|0 fnt
|-damage|p2a: Leafeon|196\/271|[from] item: Life Orb
|faint|p1a: Alomomola
|
|choice|switch 4|
|
|switch|p1a: Houndoom|Houndoom, F|291\/291
|turn|8
|choice|move nastyplot|move batonpass
|
|move|p2a: Leafeon|Baton Pass|p2a: Leafeon
|choice||switch 3
|
|switch|p2a: Kabutops|Kabutops, M|261\/261
|move|p1a: Houndoom|Nasty Plot|p1a: Houndoom
|-boost|p1a: Houndoom|spa|2
|
|turn|9
|choice|move hiddenpower|move aquajet
|
|move|p2a: Kabutops|Aqua Jet|p1a: Houndoom
|-supereffective|p1a: Houndoom
|-damage|p1a: Houndoom|0 fnt
|-damage|p2a: Kabutops|235\/261|[from] item: Life Orb
|faint|p1a: Houndoom
|
|choice|switch 5|
|
|switch|p1a: Virizion|Virizion|323\/323
|turn|10
|c|★Hillaryforprison16|Are you even trying?
|choice|move swordsdance|move aerialace
|
|move|p1a: Virizion|Swords Dance|p1a: Virizion
|-boost|p1a: Virizion|atk|2
|move|p2a: Kabutops|Aerial Ace|p1a: Virizion
|-supereffective|p1a: Virizion
|-damage|p1a: Virizion|0 fnt
|-damage|p2a: Kabutops|209\/261|[from] item: Life Orb
|faint|p1a: Virizion
|
|choice|switch 6|
|
|switch|p1a: Absol|Absol, M|271\/271
|turn|11
|choice|move suckerpunch|move stoneedge
|
|move|p1a: Absol|Sucker Punch|p2a: Kabutops
|-damage|p2a: Kabutops|61\/261
|move|p2a: Kabutops|Stone Edge|p1a: Absol|[miss]
|-miss|p2a: Kabutops|p1a: Absol
|
|turn|12
|choice|move suckerpunch|move aquajet
|
|move|p2a: Kabutops|Aqua Jet|p1a: Absol
|-enditem|p1a: Absol|Focus Sash
|-damage|p1a: Absol|1\/271
|-damage|p2a: Kabutops|35\/261|[from] item: Life Orb
|move|p1a: Absol|Sucker Punch|p2a: Kabutops|[still]
|-fail|p1a: Absol
|
|turn|13
|choice|move psychocut|move aquajet
|
|move|p2a: Kabutops|Aqua Jet|p1a: Absol
|-damage|p1a: Absol|0 fnt
|-damage|p2a: Kabutops|9\/261|[from] item: Life Orb
|faint|p1a: Absol
|
|win|Hillaryforprison16
|player|p1
|player|p2
|raw|purplemonkey749's rating: 1000 &rarr; <strong>1000<\/strong><br \/>(+0 for losing)
|raw|Hillaryforprison16's rating: 1095 &rarr; <strong>1114<\/strong><br \/>(+19 for winning)
|l|purplemonkey749</script>
</div>
<div class="battle-log battle-log-inline"><div class="inner"><div class="battle-options"></div><div class="inner"><div class="chat"><small>purplemonkey749 joined.</small></div><div class="chat"><small>Hillaryforprison16 joined.</small></div><div class=""><small>Format:</small> <br><strong>RU</strong></div><div class="rated"><strong>Rated battle</strong></div><div class=""><small><em>Sleep Clause Mod:</em> Limit one foe put to sleep</small></div><div class=""><small><em>Species Clause:</em> Limit one of each Pokémon</small></div><div class=""><small><em>OHKO Clause:</em> OHKO moves are banned</small></div><div class=""><small><em>Moody Clause:</em> Moody is banned</small></div><div class=""><small><em>Evasion Moves Clause:</em> Evasion moves are banned</small></div><div class=""><small><em>Endless Battle Clause:</em> Forcing endless battles is banned</small></div><div class=""><small><em>HP Percentage Mod:</em> HP is shown in percentages</small></div><div class=""><small><em>Swagger Clause:</em> Swagger is banned</small></div><div class=""><small><em>Baton Pass Clause:</em> Limit one Baton Passer, can't pass Spe and other stats simultaneously</small></div><div class="chat battle-history"><strong>purplemonkey749's team:</strong> <em style="color:#445566;display:block;">Virizion / Flygon / Alomomola / Houndoom / Omastar / Absol</em></div><div class="chat battle-history"><strong>Hillaryforprison16's team:</strong> <em style="color:#445566;display:block;">Leafeon / Sneasel / Kabutops / Medicham / Hitmonlee / Aerodactyl</em></div><div class="spacer battle-history"><br></div><div class="battle-history">Battle started between purplemonkey749 and Hillaryforprison16!<br></div><div class="spacer battle-history"><br></div><div class="battle-history">Go! <strong>Omastar</strong>!<br></div><div class="spacer battle-history"><br></div><div class="battle-history">Hillaryforprison16 sent out <strong>Hitmonlee</strong>!<br></div><div class="spacer battle-history"><br></div><h2 class="battle-history">Turn 1</h2><div class="spacer battle-history"><br></div><div class="battle-history">The opposing Hitmonlee used <strong>High Jump Kick</strong>!<br></div><div class="battle-history"><small>It's super effective!</small><br></div><div class="battle-history"><small>(Omastar lost <abbr title="−281/281">100%</abbr> of its health!)</small><br></div><div class="spacer battle-history"><br></div><div class="battle-history">Omastar fainted!<br></div><div class="spacer battle-history"><br></div><div class="battle-history">Go! <strong>Flygon</strong>!<br></div><div class="spacer battle-history"><br></div><h2 class="battle-history">Turn 2</h2><div class="spacer battle-history"><br></div><div class="battle-history">Flygon used <strong>Hone Claws</strong>!<br></div><div class="battle-history"><small>Flygon's Attack rose!</small><br></div><div class="battle-history"><small>Flygon's accuracy rose!</small><br></div><div class="spacer battle-history"><br></div><div class="battle-history">The opposing Hitmonlee used <strong>High Jump Kick</strong>!<br></div><div class="battle-history"><small>(Flygon lost <abbr title="−301/301">100%</abbr> of its health!)</small><br></div><div class="spacer battle-history"><br></div><div class="battle-history">Flygon fainted!<br></div><div class="spacer battle-history"><br></div><div class="battle-history">Go! <strong>Alomomola</strong>!<br></div><div class="spacer battle-history"><br></div><h2 class="battle-history">Turn 3</h2><div class="spacer battle-history"><br></div><div class="battle-history">Hillaryforprison16 withdrew Hitmonlee!<br></div><div class="battle-history">Hillaryforprison16 sent out <strong>Leafeon</strong>!<br></div><div class="spacer battle-history"><br></div><div class="battle-history">Alomomola used <strong>Toxic</strong>!<br></div><div class="battle-history"><small>The opposing Leafeon was badly poisoned!</small><br></div><div class="spacer battle-history"><br></div><div class="battle-history"><small>The opposing Leafeon was hurt by poison!</small><br></div><div class="spacer battle-history"><br></div><h2 class="battle-history">Turn 4</h2><div class="spacer battle-history"><br></div><div class="battle-history">Alomomola used <strong>Protect</strong>!<br></div><div class="battle-history"><small>Alomomola protected itself!</small><br></div><div class="spacer battle-history"><br></div><div class="battle-history">The opposing Leafeon used <strong>Swords Dance</strong>!<br></div><div class="battle-history"><small>The opposing Leafeon's Attack rose sharply!</small><br></div><div class="spacer battle-history"><br></div><div class="battle-history"><small>The opposing Leafeon was hurt by poison!</small><br></div><div class="spacer battle-history"><br></div><h2 class="battle-history">Turn 5</h2><div class="spacer battle-history"><br></div><div class="battle-history">The opposing Leafeon used <strong>Heal Bell</strong>!<br></div><div class="battle-history"><small>A bell chimed!</small><br></div><div class="battle-history"><small>The opposing Leafeon was cured of its poisoning.</small><br></div><div class="spacer battle-history"><br></div><div class="battle-history">Alomomola used <strong>Wish</strong>!<br></div><div class="spacer battle-history"><br></div><h2 class="battle-history">Turn 6</h2><div class="spacer battle-history"><br></div><div class="battle-history">Alomomola used <strong>Protect</strong>!<br></div><div class="battle-history"><small>Alomomola protected itself!</small><br></div><div class="spacer battle-history"><br></div><div class="battle-history">The opposing Leafeon used <strong>Leaf Blade</strong>!<br></div><div class="battle-history"><small>Alomomola protected itself!</small><br></div><div class="spacer battle-history"><br></div><h2 class="battle-history">Turn 7</h2><div class="spacer battle-history"><br></div><div class="battle-history">The opposing Leafeon used <strong>Leaf Blade</strong>!<br></div><div class="battle-history"><small>It's super effective!</small><br></div><div class="battle-history"><small>(Alomomola lost <abbr title="−501/501">100%</abbr> of its health!)</small><br></div><div class="battle-history"><small>The opposing Leafeon lost some of its HP!</small><br></div><div class="spacer battle-history"><br></div><div class="battle-history">Alomomola fainted!<br></div><div class="spacer battle-history"><br></div><div class="battle-history">Go! <strong>Houndoom</strong>!<br></div><div class="spacer battle-history"><br></div><h2 class="battle-history">Turn 8</h2><div class="spacer battle-history"><br></div><div class="battle-history">The opposing Leafeon used <strong>Baton Pass</strong>!<br></div><div class="spacer battle-history"><br></div><div class="battle-history">Hillaryforprison16 sent out <strong>Kabutops</strong>!<br></div><div class="spacer battle-history"><br></div><div class="battle-history">Houndoom used <strong>Nasty Plot</strong>!<br></div><div class="battle-history"><small>Houndoom's Special Attack rose sharply!</small><br></div><div class="spacer battle-history"><br></div><h2 class="battle-history">Turn 9</h2><div class="spacer battle-history"><br></div><div class="battle-history">The opposing Kabutops used <strong>Aqua Jet</strong>!<br></div><div class="battle-history"><small>It's super effective!</small><br></div><div class="battle-history"><small>(Houndoom lost <abbr title="−291/291">100%</abbr> of its health!)</small><br></div><div class="battle-history"><small>The opposing Kabutops lost some of its HP!</small><br></div><div class="spacer battle-history"><br></div><div class="battle-history">Houndoom fainted!<br></div><div class="spacer battle-history"><br></div><div class="battle-history">Go! <strong>Virizion</strong>!<br></div><div class="spacer battle-history"><br></div><h2 class="battle-history">Turn 10</h2><div class="chat chatmessage-hillaryforprison16"><strong style="color:hsl(171,42%,37.91141715335541%)"><small>★</small><span class="username" data-name="Hillaryforprison16">Hillaryforprison16</span>:</strong> <em>Are you even trying?</em></div><div class="spacer battle-history"><br></div><div class="battle-history">Virizion used <strong>Swords Dance</strong>!<br></div><div class="battle-history"><small>Virizion's Attack rose sharply!</small><br></div><div class="spacer battle-history"><br></div><div class="battle-history">The opposing Kabutops used <strong>Aerial Ace</strong>!<br></div><div class="battle-history"><small>It's super effective!</small><br></div><div class="battle-history"><small>(Virizion lost <abbr title="−323/323">100%</abbr> of its health!)</small><br></div><div class="battle-history"><small>The opposing Kabutops lost some of its HP!</small><br></div><div class="spacer battle-history"><br></div><div class="battle-history">Virizion fainted!<br></div><div class="spacer battle-history"><br></div><div class="battle-history">Go! <strong>Absol</strong>!<br></div><div class="spacer battle-history"><br></div><h2 class="battle-history">Turn 11</h2><div class="spacer battle-history"><br></div><div class="battle-history">Absol used <strong>Sucker Punch</strong>!<br></div><div class="battle-history"><small>(The opposing Kabutops lost <abbr title="−148/261">56.7%</abbr> of its health!)</small><br></div><div class="spacer battle-history"><br></div><div class="battle-history">The opposing Kabutops used <strong>Stone Edge</strong>!<br></div><div class="battle-history"><small>Absol avoided the attack!</small><br></div><div class="spacer battle-history"><br></div><h2 class="battle-history">Turn 12</h2><div class="spacer battle-history"><br></div><div class="battle-history">The opposing Kabutops used <strong>Aqua Jet</strong>!<br></div><div class="battle-history"><small>Absol hung on using its Focus Sash!</small><br></div><div class="battle-history"><small>(Absol lost <abbr title="−270/271">99.6%</abbr> of its health!)</small><br></div><div class="battle-history"><small>The opposing Kabutops lost some of its HP!</small><br></div><div class="spacer battle-history"><br></div><div class="battle-history">Absol used <strong>Sucker Punch</strong>!<br></div><div class="battle-history"><small>But it failed!</small><br></div><div class="spacer battle-history"><br></div><h2 class="battle-history">Turn 13</h2><div class="spacer battle-history"><br></div><div class="battle-history">The opposing Kabutops used <strong>Aqua Jet</strong>!<br></div><div class="battle-history"><small>(Absol lost <abbr title="−1/271">0.4%</abbr> of its health!)</small><br></div><div class="battle-history"><small>The opposing Kabutops lost some of its HP!</small><br></div><div class="spacer battle-history"><br></div><div class="battle-history">Absol fainted!<br></div><div class="spacer battle-history"><br></div><div class="battle-history"><strong>Hillaryforprison16</strong> won the battle!<br></div><div class="chat">purplemonkey749's rating: 1000 → <strong>1000</strong><br>(+0 for losing)</div><div class="chat">Hillaryforprison16's rating: 1095 → <strong>1114</strong><br>(+19 for winning)</div><div class="chat"><small>purplemonkey749 left.</small></div></div><div class="inner-preempt"></div></div></div>
</div>
<script>
let daily = Math.floor(Date.now()/1000/60/60/24);document.write('<script src="https://play.pokemonshowdown.com/js/replay-embed.js?version'+daily+'"></'+'script>');
</script>
