<!DOCTYPE html>
<meta charset="utf-8" />
<!-- version 1 -->
<title>RU replay: Local Stride vs. Egyptianmego5</title>
<style>
html,body {font-family:Verdana, sans-serif;font-size:10pt;margin:0;padding:0;}body{padding:12px 0;} .battle-log {font-family:Verdana, sans-serif;font-size:10pt;} .battle-log-inline {border:1px solid #AAAAAA;background:#EEF2F5;color:black;max-width:640px;margin:0 auto 80px;padding-bottom:5px;} .battle-log .inner {padding:4px 8px 0px 8px;} .battle-log .inner-preempt {padding:0 8px 4px 8px;} .battle-log .inner-after {margin-top:0.5em;} .battle-log h2 {margin:0.5em -8px;padding:4px 8px;border:1px solid #AAAAAA;background:#E0E7EA;border-left:0;border-right:0;font-family:Verdana, sans-serif;font-size:13pt;} .battle-log .chat {vertical-align:middle;padding:3px 0 3px 0;font-size:8pt;} .battle-log .chat strong {color:#40576A;} .battle-log .chat em {padding:1px 4px 1px 3px;color:#000000;font-style:normal;} .chat.mine {background:rgba(0,0,0,0.05);margin-left:-8px;margin-right:-8px;padding-left:8px;padding-right:8px;} .spoiler {color:#BBBBBB;background:#BBBBBB;padding:0px 3px;} .spoiler:hover, .spoiler:active, .spoiler-shown {color:#000000;background:#E2E2E2;padding:0px 3px;} .spoiler a {color:#BBBBBB;} .spoiler:hover a, .spoiler:active a, .spoiler-shown a {color:#2288CC;} .chat code, .chat .spoiler:hover code, .chat .spoiler:active code, .chat .spoiler-shown code {border:1px solid #C0C0C0;background:#EEEEEE;color:black;padding:0 2px;} .chat .spoiler code {border:1px solid #CCCCCC;background:#CCCCCC;color:#CCCCCC;} .battle-log .rated {padding:3px 4px;} .battle-log .rated strong {color:white;background:#89A;padding:1px 4px;border-radius:4px;} .spacer {margin-top:0.5em;} .message-announce {background:#6688AA;color:white;padding:1px 4px 2px;} .message-announce a, .broadcast-green a, .broadcast-blue a, .broadcast-red a {color:#DDEEFF;} .broadcast-green {background-color:#559955;color:white;padding:2px 4px;} .broadcast-blue {background-color:#6688AA;color:white;padding:2px 4px;} .infobox {border:1px solid #6688AA;padding:2px 4px;} .infobox-limited {max-height:200px;overflow:auto;overflow-x:hidden;} .broadcast-red {background-color:#AA5544;color:white;padding:2px 4px;} .message-learn-canlearn {font-weight:bold;color:#228822;text-decoration:underline;} .message-learn-cannotlearn {font-weight:bold;color:#CC2222;text-decoration:underline;} .message-effect-weak {font-weight:bold;color:#CC2222;} .message-effect-resist {font-weight:bold;color:#6688AA;} .message-effect-immune {font-weight:bold;color:#666666;} .message-learn-list {margin-top:0;margin-bottom:0;} .message-throttle-notice, .message-error {color:#992222;} .message-overflow, .chat small.message-overflow {font-size:0pt;} .message-overflow::before {font-size:9pt;content:'...';} .subtle {color:#3A4A66;}
</style>
<div class="wrapper replay-wrapper" style="max-width:1180px;margin:0 auto">
<input type="hidden" name="replayid" value="ru-535944651" />
<div class="battle"></div><div class="battle-log"></div><div class="replay-controls"></div><div class="replay-controls-2"></div>
<h1 style="font-weight:normal;text-align:center"><strong>RU</strong><br /><a href="http://pokemonshowdown.com/users/localstride" class="subtle" target="_blank">Local Stride</a> vs. <a href="http://pokemonshowdown.com/users/egyptianmego5" class="subtle" target="_blank">Egyptianmego5</a></h1>
<script type="text/plain" class="battle-log-data">|j|Local Stride
|j|Egyptianmego5
|player|p1|Local Stride|2
|player|p2|Egyptianmego5|20
|gametype|singles
|gen|6
|tier|RU
|seed|5937,10030,4673,38149
|rule|Sleep Clause Mod: Limit one foe put to sleep
|rule|Species Clause: Limit one of each Pokémon
|rule|OHKO Clause: OHKO moves are banned
|rule|Moody Clause: Moody is banned
|rule|Evasion Moves Clause: Evasion moves are banned
|rule|Endless Battle Clause: Forcing endless battles is banned
|rule|HP Percentage Mod: HP is shown in percentages
|clearpoke
|poke|p1|Quagsire, F|item
|poke|p1|Granbull, F|item
|poke|p1|Lickilicky, M|item
|poke|p1|Abomasnow, M|item
|poke|p1|Regirock|item
|poke|p1|Roselia, M|item
|poke|p2|Sawk, M|item
|poke|p2|Drapion, M|item
|poke|p2|Rhyperior, M|item
|poke|p2|Rotom-Mow|item
|poke|p2|Delphox, M|item
|poke|p2|Blastoise, M|item
|rule|Swagger Clause: Swagger is banned
|rule|Baton Pass Clause: Limit one Baton Passer, can't pass Spe and other stats simultaneously
|teampreview
|j|Stats Bot
|l|Stats Bot
|c|★Egyptianmego5|glhf
|c|★Local Stride|u2
|c|★Egyptianmego5|nice team
|c|★Egyptianmego5|im cared
|c|★Egyptianmego5|scared
|choice|team 4, team 2, team 3, team 1, team 5, team 6|team 1, team 2, team 3, team 4, team 5, team 6
|
|start
|switch|p1a: Abomasnow|Abomasnow, M|321\/321
|switch|p2a: Sawk|Sawk, M|292\/292
|-weather|Hail|[from] ability: Snow Warning|[of] p1a: Abomasnow
|turn|1
|choice|switch 2|switch 5
|
|switch|p2a: Delphox|Delphox, M|291\/291
|switch|p1a: Granbull|Granbull, F|375\/375
|-ability|p1a: Granbull|Intimidate|boost
|-unboost|p2a: Delphox|atk|1
|
|-weather|Hail|[upkeep]
|-damage|p2a: Delphox|273\/291|[from] hail
|-damage|p1a: Granbull|352\/375|[from] hail
|-heal|p1a: Granbull|375\/375|[from] item: Leftovers
|upkeep
|turn|2
|choice|switch 3|switch 3
|
|switch|p2a: Rhyperior|Rhyperior, M|434\/434
|switch|p1a: Lickilicky|Lickilicky, M|424\/424
|
|-weather|Hail|[upkeep]
|-damage|p1a: Lickilicky|398\/424|[from] hail
|-damage|p2a: Rhyperior|407\/434|[from] hail
|-heal|p1a: Lickilicky|424\/424|[from] item: Leftovers
|-heal|p2a: Rhyperior|434\/434|[from] item: Leftovers
|upkeep
|turn|3
|choice|move knockoff|move stealthrock
|
|move|p1a: Lickilicky|Knock Off|p2a: Rhyperior
|-damage|p2a: Rhyperior|383\/434
|-enditem|p2a: Rhyperior|Leftovers|[from] move: Knock Off|[of] p1a: Lickilicky
|move|p2a: Rhyperior|Stealth Rock|p1a: Lickilicky
|-sidestart|p1: Local Stride|move: Stealth Rock
|
|-weather|Hail|[upkeep]
|-damage|p1a: Lickilicky|398\/424|[from] hail
|-damage|p2a: Rhyperior|356\/434|[from] hail
|-heal|p1a: Lickilicky|424\/424|[from] item: Leftovers
|upkeep
|turn|4
|choice|move wish|move earthquake
|
|move|p1a: Lickilicky|Wish|p1a: Lickilicky
|move|p2a: Rhyperior|Earthquake|p1a: Lickilicky
|-damage|p1a: Lickilicky|204\/424
|
|-weather|Hail|[upkeep]
|-damage|p1a: Lickilicky|178\/424|[from] hail
|-damage|p2a: Rhyperior|329\/434|[from] hail
|-heal|p1a: Lickilicky|204\/424|[from] item: Leftovers
|upkeep
|turn|5
|choice|move protect|move earthquake
|
|move|p1a: Lickilicky|Protect|p1a: Lickilicky
|-singleturn|p1a: Lickilicky|Protect
|move|p2a: Rhyperior|Earthquake|p1a: Lickilicky
|-activate|p1a: Lickilicky|move: Protect
|
|-weather|none
|-heal|p1a: Lickilicky|416\/424|[from] move: Wish|[wisher] Lickilicky
|-heal|p1a: Lickilicky|424\/424|[from] item: Leftovers
|upkeep
|turn|6
|choice|switch 4|move earthquake
|
|switch|p1a: Quagsire|Quagsire, F|394\/394
|-damage|p1a: Quagsire|370\/394|[from] Stealth Rock
|move|p2a: Rhyperior|Earthquake|p1a: Quagsire
|-damage|p1a: Quagsire|190\/394
|
|-heal|p1a: Quagsire|214\/394|[from] item: Leftovers
|upkeep
|turn|7
|choice|move recover|switch 6
|
|switch|p2a: Blastoise|Blastoise, M|362\/362
|move|p1a: Quagsire|Recover|p1a: Quagsire
|-heal|p1a: Quagsire|394\/394
|
|upkeep
|turn|8
|choice|switch 6|move scald
|
|switch|p1a: Roselia|Roselia, M|304\/304
|-damage|p1a: Roselia|266\/304|[from] Stealth Rock
|move|p2a: Blastoise|Scald|p1a: Roselia
|-resisted|p1a: Roselia
|-damage|p1a: Roselia|244\/304
|
|upkeep
|turn|9
|choice|move spikes|switch 4
|
|switch|p2a: Rotom|Rotom-Mow|241\/241
|move|p1a: Roselia|Spikes|p2a: Rotom
|-sidestart|p2: Egyptianmego5|Spikes
|
|upkeep
|turn|10
|choice|move sludgebomb|move trick
|
|move|p2a: Rotom|Trick|p1a: Roselia
|-activate|p2a: Rotom|move: Trick|[of] p1a: Roselia
|-item|p1a: Roselia|Choice Specs|[from] move: Trick
|-item|p2a: Rotom|Eviolite|[from] move: Trick
|move|p1a: Roselia|Sludge Bomb|p2a: Rotom
|-supereffective|p2a: Rotom
|-damage|p2a: Rotom|0 fnt
|faint|p2a: Rotom
|
|upkeep
|choice||switch 4
|
|switch|p2a: Blastoise|Blastoise, M|362\/362
|-damage|p2a: Blastoise|317\/362|[from] Spikes
|turn|11
|choice|move sludgebomb|switch 6
|
|switch|p2a: Rhyperior|Rhyperior, M|329\/434
|-damage|p2a: Rhyperior|275\/434|[from] Spikes
|move|p1a: Roselia|Sludge Bomb|p2a: Rhyperior
|-resisted|p2a: Rhyperior
|-damage|p2a: Rhyperior|211\/434
|
|upkeep
|turn|12
|choice|switch 3|move earthquake
|
|switch|p1a: Granbull|Granbull, F|375\/375
|-damage|p1a: Granbull|329\/375|[from] Stealth Rock
|-ability|p1a: Granbull|Intimidate|boost
|-unboost|p2a: Rhyperior|atk|1
|move|p2a: Rhyperior|Earthquake|p1a: Granbull
|-damage|p1a: Granbull|148\/375
|
|-heal|p1a: Granbull|171\/375|[from] item: Leftovers
|upkeep
|turn|13
|j|Ultimate Reedpea
|choice|switch 6|switch 6
|
|switch|p1a: Quagsire|Quagsire, F|394\/394
|-damage|p1a: Quagsire|370\/394|[from] Stealth Rock
|switch|p2a: Blastoise|Blastoise, M|317\/362
|-damage|p2a: Blastoise|272\/362|[from] Spikes
|
|-heal|p2a: Blastoise|294\/362|[from] item: Leftovers
|-heal|p1a: Quagsire|394\/394|[from] item: Leftovers
|upkeep
|turn|14
|choice|switch 3|move rapidspin
|
|switch|p1a: Roselia|Roselia, M|244\/304
|-damage|p1a: Roselia|206\/304|[from] Stealth Rock
|move|p2a: Blastoise|Rapid Spin|p1a: Roselia
|-damage|p1a: Roselia|188\/304
|-sideend|p2: Egyptianmego5|Spikes|[from] move: Rapid Spin|[of] p2a: Blastoise
|
|-heal|p2a: Blastoise|316\/362|[from] item: Leftovers
|upkeep
|turn|15
|choice|move gigadrain|switch 2
|
|switch|p2a: Drapion|Drapion, M|282\/282
|move|p1a: Roselia|Giga Drain|p2a: Drapion
|-resisted|p2a: Drapion
|-damage|p2a: Drapion|198\/282
|-heal|p1a: Roselia|230\/304|[from] drain|[of] p2a: Drapion
|
|upkeep
|turn|16
|choice|switch 5|move knockoff
|
|switch|p1a: Regirock|Regirock|364\/364
|-damage|p1a: Regirock|319\/364|[from] Stealth Rock
|move|p2a: Drapion|Knock Off|p1a: Regirock
|-damage|p1a: Regirock|258\/364
|-enditem|p1a: Regirock|Leftovers|[from] move: Knock Off|[of] p2a: Drapion
|
|upkeep
|turn|17
|choice|move earthquake|switch 2
|
|switch|p2a: Blastoise|Blastoise, M|316\/362
|move|p1a: Regirock|Earthquake|p2a: Blastoise
|-crit|p2a: Blastoise
|-damage|p2a: Blastoise|220\/362
|
|-heal|p2a: Blastoise|242\/362|[from] item: Leftovers
|upkeep
|turn|18
|choice|switch 5|move scald
|
|switch|p1a: Roselia|Roselia, M|230\/304
|-damage|p1a: Roselia|192\/304|[from] Stealth Rock
|move|p2a: Blastoise|Scald|p1a: Roselia
|-resisted|p1a: Roselia
|-damage|p1a: Roselia|159\/304
|
|-heal|p2a: Blastoise|264\/362|[from] item: Leftovers
|upkeep
|turn|19
|choice|move gigadrain|switch 2
|
|switch|p2a: Drapion|Drapion, M|198\/282
|move|p1a: Roselia|Giga Drain|p2a: Drapion
|-resisted|p2a: Drapion
|-crit|p2a: Drapion
|-damage|p2a: Drapion|71\/282
|-heal|p1a: Roselia|223\/304|[from] drain|[of] p2a: Drapion
|
|upkeep
|turn|20
|c|★Egyptianmego5|please
|c|★Egyptianmego5|stab
|choice|switch 5|move aquatail
|
|switch|p1a: Regirock|Regirock|258\/364
|-damage|p1a: Regirock|213\/364|[from] Stealth Rock
|move|p2a: Drapion|Aqua Tail|p1a: Regirock
|-supereffective|p1a: Regirock
|-damage|p1a: Regirock|137\/364
|
|upkeep
|turn|21
|j|Yoshi2410
|choice|move stealthrock|move swordsdance
|
|move|p2a: Drapion|Swords Dance|p2a: Drapion
|-boost|p2a: Drapion|atk|2
|move|p1a: Regirock|Stealth Rock|p2a: Drapion
|-sidestart|p2: Egyptianmego5|move: Stealth Rock
|
|upkeep
|turn|22
|choice|move earthquake|move aquatail
|
|move|p2a: Drapion|Aqua Tail|p1a: Regirock
|-supereffective|p1a: Regirock
|-damage|p1a: Regirock|0 fnt
|faint|p1a: Regirock
|
|upkeep
|choice|switch 3|
|
|switch|p1a: Quagsire|Quagsire, F|394\/394
|-damage|p1a: Quagsire|370\/394|[from] Stealth Rock
|turn|23
|choice|move curse|switch 2
|
|switch|p2a: Blastoise|Blastoise, M|264\/362
|-damage|p2a: Blastoise|219\/362|[from] Stealth Rock
|move|p1a: Quagsire|Curse|p1a: Quagsire
|-unboost|p1a: Quagsire|spe|1
|-boost|p1a: Quagsire|atk|1
|-boost|p1a: Quagsire|def|1
|
|-heal|p2a: Blastoise|241\/362|[from] item: Leftovers
|-heal|p1a: Quagsire|394\/394|[from] item: Leftovers
|upkeep
|turn|24
|choice|move curse|move rapidspin
|
|move|p2a: Blastoise|Rapid Spin|p1a: Quagsire
|-damage|p1a: Quagsire|389\/394
|-sideend|p2: Egyptianmego5|Stealth Rock|[from] move: Rapid Spin|[of] p2a: Blastoise
|move|p1a: Quagsire|Curse|p1a: Quagsire
|-unboost|p1a: Quagsire|spe|1
|-boost|p1a: Quagsire|atk|1
|-boost|p1a: Quagsire|def|1
|
|-heal|p2a: Blastoise|263\/362|[from] item: Leftovers
|-heal|p1a: Quagsire|394\/394|[from] item: Leftovers
|upkeep
|turn|25
|j|PokemonCestDur
|choice|move earthquake|move toxic
|
|move|p2a: Blastoise|Toxic|p1a: Quagsire
|-status|p1a: Quagsire|tox
|move|p1a: Quagsire|Earthquake|p2a: Blastoise
|-damage|p2a: Blastoise|122\/362
|
|-heal|p2a: Blastoise|144\/362|[from] item: Leftovers
|-damage|p1a: Quagsire|370\/394 tox|[from] psn
|upkeep
|turn|26
|choice|move earthquake|move scald
|
|move|p2a: Blastoise|Scald|p1a: Quagsire
|-damage|p1a: Quagsire|253\/394 tox
|move|p1a: Quagsire|Earthquake|p2a: Blastoise
|-damage|p2a: Blastoise|0 fnt
|faint|p2a: Blastoise
|
|-heal|p1a: Quagsire|277\/394 tox|[from] item: Leftovers
|-damage|p1a: Quagsire|229\/394 tox|[from] psn
|upkeep
|choice||switch 3
|
|switch|p2a: Delphox|Delphox, M|273\/291
|turn|27
|choice|switch 4|switch 2
|
|switch|p2a: Drapion|Drapion, M|71\/282
|switch|p1a: Lickilicky|Lickilicky, M|424\/424
|-damage|p1a: Lickilicky|371\/424|[from] Stealth Rock
|
|-heal|p1a: Lickilicky|397\/424|[from] item: Leftovers
|upkeep
|turn|28
|choice|move wish|move knockoff
|
|move|p2a: Drapion|Knock Off|p1a: Lickilicky
|-damage|p1a: Lickilicky|247\/424
|-enditem|p1a: Lickilicky|Leftovers|[from] move: Knock Off|[of] p2a: Drapion
|move|p1a: Lickilicky|Wish|p1a: Lickilicky
|
|upkeep
|turn|29
|choice|move bodyslam|move swordsdance
|
|move|p2a: Drapion|Swords Dance|p2a: Drapion
|-boost|p2a: Drapion|atk|2
|move|p1a: Lickilicky|Body Slam|p2a: Drapion
|-damage|p2a: Drapion|0 fnt
|faint|p2a: Drapion
|
|-heal|p1a: Lickilicky|424\/424|[from] move: Wish|[wisher] Lickilicky
|upkeep
|choice||switch 5
|
|switch|p2a: Sawk|Sawk, M|292\/292
|turn|30
|choice|move protect|move closecombat
|
|move|p1a: Lickilicky|Protect|p1a: Lickilicky
|-singleturn|p1a: Lickilicky|Protect
|move|p2a: Sawk|Close Combat|p1a: Lickilicky
|-activate|p1a: Lickilicky|move: Protect
|
|upkeep
|turn|31
|choice|switch 4|move closecombat
|
|switch|p1a: Quagsire|Quagsire, F|229\/394 tox
|-damage|p1a: Quagsire|205\/394 tox|[from] Stealth Rock
|move|p2a: Sawk|Close Combat|p1a: Quagsire
|-damage|p1a: Quagsire|0 fnt
|-unboost|p2a: Sawk|def|1
|-unboost|p2a: Sawk|spd|1
|faint|p1a: Quagsire
|
|upkeep
|choice|switch 6|
|
|switch|p1a: Granbull|Granbull, F|171\/375
|-damage|p1a: Granbull|125\/375|[from] Stealth Rock
|-ability|p1a: Granbull|Intimidate|boost
|-unboost|p2a: Sawk|atk|1
|turn|32
|choice|move earthquake|switch 6
|
|switch|p2a: Rhyperior|Rhyperior, M|211\/434
|move|p1a: Granbull|Earthquake|p2a: Rhyperior
|-supereffective|p2a: Rhyperior
|-damage|p2a: Rhyperior|69\/434
|
|-heal|p1a: Granbull|148\/375|[from] item: Leftovers
|upkeep
|turn|33
|choice|move earthquake|move earthquake
|
|move|p1a: Granbull|Earthquake|p2a: Rhyperior
|-supereffective|p2a: Rhyperior
|-damage|p2a: Rhyperior|0 fnt
|faint|p2a: Rhyperior
|
|-heal|p1a: Granbull|171\/375|[from] item: Leftovers
|upkeep
|choice||switch 6
|
|switch|p2a: Sawk|Sawk, M|292\/292
|turn|34
|j|theultimategamer95
|choice|switch 2|move closecombat
|
|switch|p1a: Abomasnow|Abomasnow, M|321\/321
|-damage|p1a: Abomasnow|241\/321|[from] Stealth Rock
|-weather|Hail|[from] ability: Snow Warning|[of] p1a: Abomasnow
|move|p2a: Sawk|Close Combat|p1a: Abomasnow
|-supereffective|p1a: Abomasnow
|-damage|p1a: Abomasnow|0 fnt
|-unboost|p2a: Sawk|def|1
|-unboost|p2a: Sawk|spd|1
|faint|p1a: Abomasnow
|
|-weather|Hail|[upkeep]
|-damage|p2a: Sawk|274\/292|[from] hail
|upkeep
|j|WASDfarian
|choice|switch 5|
|
|switch|p1a: Roselia|Roselia, M|223\/304
|-damage|p1a: Roselia|185\/304|[from] Stealth Rock
|turn|35
|choice|move sludgebomb|move closecombat
|
|move|p2a: Sawk|Close Combat|p1a: Roselia
|-resisted|p1a: Roselia
|-crit|p1a: Roselia
|-damage|p1a: Roselia|0 fnt
|-unboost|p2a: Sawk|def|1
|-unboost|p2a: Sawk|spd|1
|faint|p1a: Roselia
|
|-weather|Hail|[upkeep]
|-damage|p2a: Sawk|256\/292|[from] hail
|upkeep
|c|★Egyptianmego5|did it matter
|choice|switch 2|
|
|switch|p1a: Granbull|Granbull, F|171\/375
|-damage|p1a: Granbull|125\/375|[from] Stealth Rock
|-ability|p1a: Granbull|Intimidate|boost
|-unboost|p2a: Sawk|atk|1
|turn|36
|c|★Egyptianmego5|gimmie evs
|choice|switch 4|switch 2
|
|switch|p2a: Delphox|Delphox, M|273\/291
|switch|p1a: Lickilicky|Lickilicky, M|424\/424
|-damage|p1a: Lickilicky|371\/424|[from] Stealth Rock
|
|-weather|Hail|[upkeep]
|-damage|p2a: Delphox|255\/291|[from] hail
|-damage|p1a: Lickilicky|345\/424|[from] hail
|upkeep
|turn|37
|choice|move wish|move trick
|
|move|p2a: Delphox|Trick|p1a: Lickilicky
|-activate|p2a: Delphox|move: Trick|[of] p1a: Lickilicky
|-item|p1a: Lickilicky|Choice Scarf|[from] move: Trick
|-enditem|p2a: Delphox|Choice Scarf|[silent]
|move|p1a: Lickilicky|Wish|p1a: Lickilicky
|
|-weather|Hail|[upkeep]
|-damage|p2a: Delphox|237\/291|[from] hail
|-damage|p1a: Lickilicky|319\/424|[from] hail
|upkeep
|turn|38
|choice|move wish|move psychic
|
|move|p2a: Delphox|Psychic|p1a: Lickilicky
|-damage|p1a: Lickilicky|216\/424
|move|p1a: Lickilicky|Wish|p1a: Lickilicky
|-fail|p1a: Lickilicky
|
|-weather|none
|-heal|p1a: Lickilicky|424\/424|[from] move: Wish|[wisher] Lickilicky
|upkeep
|turn|39
|choice|move wish|move psychic
|
|move|p2a: Delphox|Psychic|p1a: Lickilicky
|-damage|p1a: Lickilicky|312\/424
|move|p1a: Lickilicky|Wish|p1a: Lickilicky
|
|upkeep
|turn|40
|choice|move wish|move psychic
|
|move|p2a: Delphox|Psychic|p1a: Lickilicky
|-damage|p1a: Lickilicky|203\/424
|move|p1a: Lickilicky|Wish|p1a: Lickilicky
|-fail|p1a: Lickilicky
|
|-heal|p1a: Lickilicky|415\/424|[from] move: Wish|[wisher] Lickilicky
|upkeep
|turn|41
|choice|move wish|switch 2
|
|switch|p2a: Sawk|Sawk, M|256\/292
|move|p1a: Lickilicky|Wish|p1a: Lickilicky
|
|upkeep
|turn|42
|choice|switch 4|move closecombat
|
|switch|p1a: Granbull|Granbull, F|125\/375
|-damage|p1a: Granbull|79\/375|[from] Stealth Rock
|-ability|p1a: Granbull|Intimidate|boost
|-unboost|p2a: Sawk|atk|1
|move|p2a: Sawk|Close Combat|p1a: Granbull
|-resisted|p1a: Granbull
|-damage|p1a: Granbull|0 fnt
|-unboost|p2a: Sawk|def|1
|-unboost|p2a: Sawk|spd|1
|faint|p1a: Granbull
|
|upkeep
|choice|switch 4|
|
|switch|p1a: Lickilicky|Lickilicky, M|415\/424
|-damage|p1a: Lickilicky|362\/424|[from] Stealth Rock
|turn|43
|choice|move bodyslam|switch 2
|
|switch|p2a: Delphox|Delphox, M|237\/291
|move|p1a: Lickilicky|Body Slam|p2a: Delphox
|-damage|p2a: Delphox|120\/291
|-status|p2a: Delphox|par
|
|upkeep
|turn|44
|choice|move bodyslam|move fireblast
|
|move|p1a: Lickilicky|Body Slam|p2a: Delphox
|-damage|p2a: Delphox|6\/291 par
|cant|p2a: Delphox|par
|
|upkeep
|turn|45
|choice|move bodyslam|move fireblast
|
|move|p1a: Lickilicky|Body Slam|p2a: Delphox
|-damage|p2a: Delphox|0 fnt
|faint|p2a: Delphox
|
|upkeep
|choice||switch 2
|
|switch|p2a: Sawk|Sawk, M|256\/292
|turn|46
|choice|move bodyslam|move closecombat
|
|move|p2a: Sawk|Close Combat|p1a: Lickilicky
|-supereffective|p1a: Lickilicky
|-damage|p1a: Lickilicky|0 fnt
|-unboost|p2a: Sawk|def|1
|-unboost|p2a: Sawk|spd|1
|faint|p1a: Lickilicky
|
|win|Egyptianmego5
|player|p1
|player|p2</script>
</div>
<div class="battle-log battle-log-inline"><div class="inner"><div class="battle-options"></div><div class="inner"><div class="chat"><small>Local Stride joined.</small></div><div class="chat"><small>Egyptianmego5 joined.</small></div><div class=""><small>Format:</small> <br><strong>RU</strong></div><div class=""><small><em>Sleep Clause Mod:</em> Limit one foe put to sleep</small></div><div class=""><small><em>Species Clause:</em> Limit one of each Pokémon</small></div><div class=""><small><em>OHKO Clause:</em> OHKO moves are banned</small></div><div class=""><small><em>Moody Clause:</em> Moody is banned</small></div><div class=""><small><em>Evasion Moves Clause:</em> Evasion moves are banned</small></div><div class=""><small><em>Endless Battle Clause:</em> Forcing endless battles is banned</small></div><div class=""><small><em>HP Percentage Mod:</em> HP is shown in percentages</small></div><div class=""><small><em>Swagger Clause:</em> Swagger is banned</small></div><div class=""><small><em>Baton Pass Clause:</em> Limit one Baton Passer, can't pass Spe and other stats simultaneously</small></div><div class="chat battle-history"><strong>Local Stride's team:</strong> <em style="color:#445566;display:block;">Quagsire / Granbull / Lickilicky / Abomasnow / Regirock / Roselia</em></div><div class="chat battle-history"><strong>Egyptianmego5's team:</strong> <em style="color:#445566;display:block;">Sawk / Drapion / Rhyperior / Rotom-Mow / Delphox / Blastoise</em></div><div class="chat"><small>Stats Bot joined.</small></div><div class="chat"><small>Stats Bot left.</small></div><div class="chat chatmessage-egyptianmego5"><strong style="color:hsl(197,73%,37.30992902744528%)"><small>★</small><span class="username" data-name="Egyptianmego5">Egyptianmego5</span>:</strong> <em>glhf</em></div><div class="chat chatmessage-localstride"><strong style="color:hsl(277,79%,50.49912496055427%)"><small>★</small><span class="username" data-name="Local Stride">Local Stride</span>:</strong> <em>u2</em></div><div class="chat chatmessage-egyptianmego5"><strong style="color:hsl(197,73%,37.30992902744528%)"><small>★</small><span class="username" data-name="Egyptianmego5">Egyptianmego5</span>:</strong> <em>nice team</em></div><div class="chat chatmessage-egyptianmego5"><strong style="color:hsl(197,73%,37.30992902744528%)"><small>★</small><span class="username" data-name="Egyptianmego5">Egyptianmego5</span>:</strong> <em>im cared</em></div><div class="chat chatmessage-egyptianmego5"><strong style="color:hsl(197,73%,37.30992902744528%)"><small>★</small><span class="username" data-name="Egyptianmego5">Egyptianmego5</span>:</strong> <em>scared</em></div><div class="spacer battle-history"><br></div><div class="battle-history">Battle started between Local Stride and Egyptianmego5!<br></div><div class="spacer battle-history"><br></div><div class="battle-history">Go! <strong>Abomasnow</strong>!<br></div><div class="spacer battle-history"><br></div><div class="battle-history">Egyptianmego5 sent out <strong>Sawk</strong>!<br></div><div class="battle-history"><small>[Abomasnow's Snow Warning]</small><br><small>It started to hail!</small><br></div><div class="spacer battle-history"><br></div><h2 class="battle-history">Turn 1</h2><div class="spacer battle-history"><br></div><div class="battle-history">Egyptianmego5 withdrew Sawk!<br></div><div class="battle-history">Egyptianmego5 sent out <strong>Delphox</strong>!<br></div><div class="spacer battle-history"><br></div><div class="battle-history">Abomasnow, come back!<br></div><div class="battle-history">Go! <strong>Granbull</strong>!<br></div><div class="battle-history"><small>[Granbull's Intimidate]</small><br></div><div class="battle-history"><small>The opposing Delphox's Attack fell!</small><br></div><div class="spacer battle-history"><br></div><div class="battle-history"><small>The hail is crashing down.</small><br></div><div class="battle-history"><small>The opposing Delphox is buffeted by the hail!</small><br></div><div class="battle-history"><small>Granbull is buffeted by the hail!</small><br></div><div class="battle-history"><small>Granbull restored a little HP using its Leftovers!</small><br></div><div class="spacer battle-history"><br></div><h2 class="battle-history">Turn 2</h2><div class="spacer battle-history"><br></div><div class="battle-history">Egyptianmego5 withdrew Delphox!<br></div><div class="battle-history">Egyptianmego5 sent out <strong>Rhyperior</strong>!<br></div><div class="spacer battle-history"><br></div><div class="battle-history">Granbull, come back!<br></div><div class="battle-history">Go! <strong>Lickilicky</strong>!<br></div><div class="spacer battle-history"><br></div><div class="battle-history"><small>The hail is crashing down.</small><br></div><div class="battle-history"><small>Lickilicky is buffeted by the hail!</small><br></div><div class="battle-history"><small>The opposing Rhyperior is buffeted by the hail!</small><br></div><div class="battle-history"><small>Lickilicky restored a little HP using its Leftovers!</small><br></div><div class="battle-history"><small>The opposing Rhyperior restored a little HP using its Leftovers!</small><br></div><div class="spacer battle-history"><br></div><h2 class="battle-history">Turn 3</h2><div class="spacer battle-history"><br></div><div class="battle-history">Lickilicky used <strong>Knock Off</strong>!<br></div><div class="battle-history"><small>(The opposing Rhyperior lost <abbr title="−51/434">11.8%</abbr> of its health!)</small><br></div><div class="battle-history"><small>Lickilicky knocked off the opposing Rhyperior's Leftovers!</small><br></div><div class="spacer battle-history"><br></div><div class="battle-history">The opposing Rhyperior used <strong>Stealth Rock</strong>!<br></div><div class="battle-history"><small>Pointed stones float in the air around your team!</small><br></div><div class="spacer battle-history"><br></div><div class="battle-history"><small>The hail is crashing down.</small><br></div><div class="battle-history"><small>Lickilicky is buffeted by the hail!</small><br></div><div class="battle-history"><small>The opposing Rhyperior is buffeted by the hail!</small><br></div><div class="battle-history"><small>Lickilicky restored a little HP using its Leftovers!</small><br></div><div class="spacer battle-history"><br></div><h2 class="battle-history">Turn 4</h2><div class="spacer battle-history"><br></div><div class="battle-history">Lickilicky used <strong>Wish</strong>!<br></div><div class="spacer battle-history"><br></div><div class="battle-history">The opposing Rhyperior used <strong>Earthquake</strong>!<br></div><div class="battle-history"><small>(Lickilicky lost <abbr title="−220/424">51.9%</abbr> of its health!)</small><br></div><div class="spacer battle-history"><br></div><div class="battle-history"><small>The hail is crashing down.</small><br></div><div class="battle-history"><small>Lickilicky is buffeted by the hail!</small><br></div><div class="battle-history"><small>The opposing Rhyperior is buffeted by the hail!</small><br></div><div class="battle-history"><small>Lickilicky restored a little HP using its Leftovers!</small><br></div><div class="spacer battle-history"><br></div><h2 class="battle-history">Turn 5</h2><div class="spacer battle-history"><br></div><div class="battle-history">Lickilicky used <strong>Protect</strong>!<br></div><div class="battle-history"><small>Lickilicky protected itself!</small><br></div><div class="spacer battle-history"><br></div><div class="battle-history">The opposing Rhyperior used <strong>Earthquake</strong>!<br></div><div class="battle-history"><small>Lickilicky protected itself!</small><br></div><div class="spacer battle-history"><br></div><div class="battle-history"><small>The hail stopped.</small><br></div><div class="battle-history"><small>Lickilicky's wish came true!</small><br></div><div class="battle-history"><small>Lickilicky restored a little HP using its Leftovers!</small><br></div><div class="spacer battle-history"><br></div><h2 class="battle-history">Turn 6</h2><div class="spacer battle-history"><br></div><div class="battle-history">Lickilicky, come back!<br></div><div class="battle-history">Go! <strong>Quagsire</strong>!<br></div><div class="battle-history"><small>Pointed stones dug into Quagsire!</small><br></div><div class="spacer battle-history"><br></div><div class="battle-history">The opposing Rhyperior used <strong>Earthquake</strong>!<br></div><div class="battle-history"><small>(Quagsire lost <abbr title="−180/394">45.7%</abbr> of its health!)</small><br></div><div class="spacer battle-history"><br></div><div class="battle-history"><small>Quagsire restored a little HP using its Leftovers!</small><br></div><div class="spacer battle-history"><br></div><h2 class="battle-history">Turn 7</h2><div class="spacer battle-history"><br></div><div class="battle-history">Egyptianmego5 withdrew Rhyperior!<br></div><div class="battle-history">Egyptianmego5 sent out <strong>Blastoise</strong>!<br></div><div class="spacer battle-history"><br></div><div class="battle-history">Quagsire used <strong>Recover</strong>!<br></div><div class="battle-history"><small>Quagsire restored its HP.</small><br></div><div class="spacer battle-history"><br></div><h2 class="battle-history">Turn 8</h2><div class="spacer battle-history"><br></div><div class="battle-history">Quagsire, come back!<br></div><div class="battle-history">Go! <strong>Roselia</strong>!<br></div><div class="battle-history"><small>Pointed stones dug into Roselia!</small><br></div><div class="spacer battle-history"><br></div><div class="battle-history">The opposing Blastoise used <strong>Scald</strong>!<br></div><div class="battle-history"><small>It's not very effective...</small><br></div><div class="battle-history"><small>(Roselia lost <abbr title="−22/304">7.2%</abbr> of its health!)</small><br></div><div class="spacer battle-history"><br></div><h2 class="battle-history">Turn 9</h2><div class="spacer battle-history"><br></div><div class="battle-history">Egyptianmego5 withdrew Blastoise!<br></div><div class="battle-history">Egyptianmego5 sent out Rotom (<strong>Rotom-Mow</strong>)!<br></div><div class="spacer battle-history"><br></div><div class="battle-history">Roselia used <strong>Spikes</strong>!<br></div><div class="battle-history"><small>Spikes were scattered on the ground all around the opposing team!</small><br></div><div class="spacer battle-history"><br></div><h2 class="battle-history">Turn 10</h2><div class="spacer battle-history"><br></div><div class="battle-history">The opposing Rotom used <strong>Trick</strong>!<br></div><div class="battle-history"><small>The opposing Rotom switched items with its target!</small><br></div><div class="battle-history"><small>Roselia obtained one Choice Specs.</small><br></div><div class="battle-history"><small>The opposing Rotom obtained one Eviolite.</small><br></div><div class="spacer battle-history"><br></div><div class="battle-history">Roselia used <strong>Sludge Bomb</strong>!<br></div><div class="battle-history"><small>It's super effective!</small><br></div><div class="battle-history"><small>(The opposing Rotom lost <abbr title="−241/241">100%</abbr> of its health!)</small><br></div><div class="spacer battle-history"><br></div><div class="battle-history">The opposing Rotom fainted!<br></div><div class="spacer battle-history"><br></div><div class="battle-history">Egyptianmego5 sent out <strong>Blastoise</strong>!<br></div><div class="battle-history"><small>The opposing Blastoise is hurt by the spikes!</small><br></div><div class="spacer battle-history"><br></div><h2 class="battle-history">Turn 11</h2><div class="spacer battle-history"><br></div><div class="battle-history">Egyptianmego5 withdrew Blastoise!<br></div><div class="battle-history">Egyptianmego5 sent out <strong>Rhyperior</strong>!<br></div><div class="battle-history"><small>The opposing Rhyperior is hurt by the spikes!</small><br></div><div class="spacer battle-history"><br></div><div class="battle-history">Roselia used <strong>Sludge Bomb</strong>!<br></div><div class="battle-history"><small>It's not very effective...</small><br></div><div class="battle-history"><small>(The opposing Rhyperior lost <abbr title="−64/434">14.7%</abbr> of its health!)</small><br></div><div class="spacer battle-history"><br></div><h2 class="battle-history">Turn 12</h2><div class="spacer battle-history"><br></div><div class="battle-history">Roselia, come back!<br></div><div class="battle-history">Go! <strong>Granbull</strong>!<br></div><div class="battle-history"><small>Pointed stones dug into Granbull!</small><br></div><div class="battle-history"><small>[Granbull's Intimidate]</small><br></div><div class="battle-history"><small>The opposing Rhyperior's Attack fell!</small><br></div><div class="spacer battle-history"><br></div><div class="battle-history">The opposing Rhyperior used <strong>Earthquake</strong>!<br></div><div class="battle-history"><small>(Granbull lost <abbr title="−181/375">48.3%</abbr> of its health!)</small><br></div><div class="spacer battle-history"><br></div><div class="battle-history"><small>Granbull restored a little HP using its Leftovers!</small><br></div><div class="spacer battle-history"><br></div><h2 class="battle-history">Turn 13</h2><div class="chat"><small>Ultimate Reedpea joined.</small></div><div class="spacer battle-history"><br></div><div class="battle-history">Granbull, come back!<br></div><div class="battle-history">Go! <strong>Quagsire</strong>!<br></div><div class="battle-history"><small>Pointed stones dug into Quagsire!</small><br></div><div class="spacer battle-history"><br></div><div class="battle-history">Egyptianmego5 withdrew Rhyperior!<br></div><div class="battle-history">Egyptianmego5 sent out <strong>Blastoise</strong>!<br></div><div class="battle-history"><small>The opposing Blastoise is hurt by the spikes!</small><br></div><div class="spacer battle-history"><br></div><div class="battle-history"><small>The opposing Blastoise restored a little HP using its Leftovers!</small><br></div><div class="battle-history"><small>Quagsire restored a little HP using its Leftovers!</small><br></div><div class="spacer battle-history"><br></div><h2 class="battle-history">Turn 14</h2><div class="spacer battle-history"><br></div><div class="battle-history">Quagsire, come back!<br></div><div class="battle-history">Go! <strong>Roselia</strong>!<br></div><div class="battle-history"><small>Pointed stones dug into Roselia!</small><br></div><div class="spacer battle-history"><br></div><div class="battle-history">The opposing Blastoise used <strong>Rapid Spin</strong>!<br></div><div class="battle-history"><small>(Roselia lost <abbr title="−18/304">5.9%</abbr> of its health!)</small><br></div><div class="battle-history"><small>The spikes disappeared from the ground around the opposing team!</small><br></div><div class="spacer battle-history"><br></div><div class="battle-history"><small>The opposing Blastoise restored a little HP using its Leftovers!</small><br></div><div class="spacer battle-history"><br></div><h2 class="battle-history">Turn 15</h2><div class="spacer battle-history"><br></div><div class="battle-history">Egyptianmego5 withdrew Blastoise!<br></div><div class="battle-history">Egyptianmego5 sent out <strong>Drapion</strong>!<br></div><div class="spacer battle-history"><br></div><div class="battle-history">Roselia used <strong>Giga Drain</strong>!<br></div><div class="battle-history"><small>It's not very effective...</small><br></div><div class="battle-history"><small>(The opposing Drapion lost <abbr title="−84/282">29.8%</abbr> of its health!)</small><br></div><div class="battle-history"><small>The opposing Drapion had its energy drained!</small><br></div><div class="spacer battle-history"><br></div><h2 class="battle-history">Turn 16</h2><div class="spacer battle-history"><br></div><div class="battle-history">Roselia, come back!<br></div><div class="battle-history">Go! <strong>Regirock</strong>!<br></div><div class="battle-history"><small>Pointed stones dug into Regirock!</small><br></div><div class="spacer battle-history"><br></div><div class="battle-history">The opposing Drapion used <strong>Knock Off</strong>!<br></div><div class="battle-history"><small>(Regirock lost <abbr title="−61/364">16.8%</abbr> of its health!)</small><br></div><div class="battle-history"><small>The opposing Drapion knocked off Regirock's Leftovers!</small><br></div><div class="spacer battle-history"><br></div><h2 class="battle-history">Turn 17</h2><div class="spacer battle-history"><br></div><div class="battle-history">Egyptianmego5 withdrew Drapion!<br></div><div class="battle-history">Egyptianmego5 sent out <strong>Blastoise</strong>!<br></div><div class="spacer battle-history"><br></div><div class="battle-history">Regirock used <strong>Earthquake</strong>!<br></div><div class="battle-history"><small>A critical hit!</small><br></div><div class="battle-history"><small>(The opposing Blastoise lost <abbr title="−96/362">26.5%</abbr> of its health!)</small><br></div><div class="spacer battle-history"><br></div><div class="battle-history"><small>The opposing Blastoise restored a little HP using its Leftovers!</small><br></div><div class="spacer battle-history"><br></div><h2 class="battle-history">Turn 18</h2><div class="spacer battle-history"><br></div><div class="battle-history">Regirock, come back!<br></div><div class="battle-history">Go! <strong>Roselia</strong>!<br></div><div class="battle-history"><small>Pointed stones dug into Roselia!</small><br></div><div class="spacer battle-history"><br></div><div class="battle-history">The opposing Blastoise used <strong>Scald</strong>!<br></div><div class="battle-history"><small>It's not very effective...</small><br></div><div class="battle-history"><small>(Roselia lost <abbr title="−33/304">10.9%</abbr> of its health!)</small><br></div><div class="spacer battle-history"><br></div><div class="battle-history"><small>The opposing Blastoise restored a little HP using its Leftovers!</small><br></div><div class="spacer battle-history"><br></div><h2 class="battle-history">Turn 19</h2><div class="spacer battle-history"><br></div><div class="battle-history">Egyptianmego5 withdrew Blastoise!<br></div><div class="battle-history">Egyptianmego5 sent out <strong>Drapion</strong>!<br></div><div class="spacer battle-history"><br></div><div class="battle-history">Roselia used <strong>Giga Drain</strong>!<br></div><div class="battle-history"><small>It's not very effective...</small><br></div><div class="battle-history"><small>A critical hit!</small><br></div><div class="battle-history"><small>(The opposing Drapion lost <abbr title="−127/282">45.0%</abbr> of its health!)</small><br></div><div class="battle-history"><small>The opposing Drapion had its energy drained!</small><br></div><div class="spacer battle-history"><br></div><h2 class="battle-history">Turn 20</h2><div class="chat chatmessage-egyptianmego5"><strong style="color:hsl(197,73%,37.30992902744528%)"><small>★</small><span class="username" data-name="Egyptianmego5">Egyptianmego5</span>:</strong> <em>please</em></div><div class="chat chatmessage-egyptianmego5"><strong style="color:hsl(197,73%,37.30992902744528%)"><small>★</small><span class="username" data-name="Egyptianmego5">Egyptianmego5</span>:</strong> <em>stab</em></div><div class="spacer battle-history"><br></div><div class="battle-history">Roselia, come back!<br></div><div class="battle-history">Go! <strong>Regirock</strong>!<br></div><div class="battle-history"><small>Pointed stones dug into Regirock!</small><br></div><div class="spacer battle-history"><br></div><div class="battle-history">The opposing Drapion used <strong>Aqua Tail</strong>!<br></div><div class="battle-history"><small>It's super effective!</small><br></div><div class="battle-history"><small>(Regirock lost <abbr title="−76/364">20.9%</abbr> of its health!)</small><br></div><div class="spacer battle-history"><br></div><h2 class="battle-history">Turn 21</h2><div class="chat"><small>Yoshi2410 joined.</small></div><div class="spacer battle-history"><br></div><div class="battle-history">The opposing Drapion used <strong>Swords Dance</strong>!<br></div><div class="battle-history"><small>The opposing Drapion's Attack rose sharply!</small><br></div><div class="spacer battle-history"><br></div><div class="battle-history">Regirock used <strong>Stealth Rock</strong>!<br></div><div class="battle-history"><small>Pointed stones float in the air around the opposing team!</small><br></div><div class="spacer battle-history"><br></div><h2 class="battle-history">Turn 22</h2><div class="spacer battle-history"><br></div><div class="battle-history">The opposing Drapion used <strong>Aqua Tail</strong>!<br></div><div class="battle-history"><small>It's super effective!</small><br></div><div class="battle-history"><small>(Regirock lost <abbr title="−137/364">37.6%</abbr> of its health!)</small><br></div><div class="spacer battle-history"><br></div><div class="battle-history">Regirock fainted!<br></div><div class="spacer battle-history"><br></div><div class="battle-history">Go! <strong>Quagsire</strong>!<br></div><div class="battle-history"><small>Pointed stones dug into Quagsire!</small><br></div><div class="spacer battle-history"><br></div><h2 class="battle-history">Turn 23</h2><div class="spacer battle-history"><br></div><div class="battle-history">Egyptianmego5 withdrew Drapion!<br></div><div class="battle-history">Egyptianmego5 sent out <strong>Blastoise</strong>!<br></div><div class="battle-history"><small>Pointed stones dug into the opposing Blastoise!</small><br></div><div class="spacer battle-history"><br></div><div class="battle-history">Quagsire used <strong>Curse</strong>!<br></div><div class="battle-history"><small>Quagsire's Speed fell!</small><br></div><div class="battle-history"><small>Quagsire's Attack rose!</small><br></div><div class="battle-history"><small>Quagsire's Defense rose!</small><br></div><div class="spacer battle-history"><br></div><div class="battle-history"><small>The opposing Blastoise restored a little HP using its Leftovers!</small><br></div><div class="battle-history"><small>Quagsire restored a little HP using its Leftovers!</small><br></div><div class="spacer battle-history"><br></div><h2 class="battle-history">Turn 24</h2><div class="spacer battle-history"><br></div><div class="battle-history">The opposing Blastoise used <strong>Rapid Spin</strong>!<br></div><div class="battle-history"><small>(Quagsire lost <abbr title="−5/394">1.3%</abbr> of its health!)</small><br></div><div class="battle-history"><small>The pointed stones disappeared from around the opposing team!</small><br></div><div class="spacer battle-history"><br></div><div class="battle-history">Quagsire used <strong>Curse</strong>!<br></div><div class="battle-history"><small>Quagsire's Speed fell!</small><br></div><div class="battle-history"><small>Quagsire's Attack rose!</small><br></div><div class="battle-history"><small>Quagsire's Defense rose!</small><br></div><div class="spacer battle-history"><br></div><div class="battle-history"><small>The opposing Blastoise restored a little HP using its Leftovers!</small><br></div><div class="battle-history"><small>Quagsire restored a little HP using its Leftovers!</small><br></div><div class="spacer battle-history"><br></div><h2 class="battle-history">Turn 25</h2><div class="chat"><small>PokemonCestDur joined.</small></div><div class="spacer battle-history"><br></div><div class="battle-history">The opposing Blastoise used <strong>Toxic</strong>!<br></div><div class="battle-history"><small>Quagsire was badly poisoned!</small><br></div><div class="spacer battle-history"><br></div><div class="battle-history">Quagsire used <strong>Earthquake</strong>!<br></div><div class="battle-history"><small>(The opposing Blastoise lost <abbr title="−141/362">39.0%</abbr> of its health!)</small><br></div><div class="spacer battle-history"><br></div><div class="battle-history"><small>The opposing Blastoise restored a little HP using its Leftovers!</small><br></div><div class="battle-history"><small>Quagsire was hurt by poison!</small><br></div><div class="spacer battle-history"><br></div><h2 class="battle-history">Turn 26</h2><div class="spacer battle-history"><br></div><div class="battle-history">The opposing Blastoise used <strong>Scald</strong>!<br></div><div class="battle-history"><small>(Quagsire lost <abbr title="−117/394">29.7%</abbr> of its health!)</small><br></div><div class="spacer battle-history"><br></div><div class="battle-history">Quagsire used <strong>Earthquake</strong>!<br></div><div class="battle-history"><small>(The opposing Blastoise lost <abbr title="−144/362">39.8%</abbr> of its health!)</small><br></div><div class="spacer battle-history"><br></div><div class="battle-history">The opposing Blastoise fainted!<br></div><div class="spacer battle-history"><br></div><div class="battle-history"><small>Quagsire restored a little HP using its Leftovers!</small><br></div><div class="battle-history"><small>Quagsire was hurt by poison!</small><br></div><div class="spacer battle-history"><br></div><div class="battle-history">Egyptianmego5 sent out <strong>Delphox</strong>!<br></div><div class="spacer battle-history"><br></div><h2 class="battle-history">Turn 27</h2><div class="spacer battle-history"><br></div><div class="battle-history">Egyptianmego5 withdrew Delphox!<br></div><div class="battle-history">Egyptianmego5 sent out <strong>Drapion</strong>!<br></div><div class="spacer battle-history"><br></div><div class="battle-history">Quagsire, come back!<br></div><div class="battle-history">Go! <strong>Lickilicky</strong>!<br></div><div class="battle-history"><small>Pointed stones dug into Lickilicky!</small><br></div><div class="spacer battle-history"><br></div><div class="battle-history"><small>Lickilicky restored a little HP using its Leftovers!</small><br></div><div class="spacer battle-history"><br></div><h2 class="battle-history">Turn 28</h2><div class="spacer battle-history"><br></div><div class="battle-history">The opposing Drapion used <strong>Knock Off</strong>!<br></div><div class="battle-history"><small>(Lickilicky lost <abbr title="−150/424">35.4%</abbr> of its health!)</small><br></div><div class="battle-history"><small>The opposing Drapion knocked off Lickilicky's Leftovers!</small><br></div><div class="spacer battle-history"><br></div><div class="battle-history">Lickilicky used <strong>Wish</strong>!<br></div><div class="spacer battle-history"><br></div><h2 class="battle-history">Turn 29</h2><div class="spacer battle-history"><br></div><div class="battle-history">The opposing Drapion used <strong>Swords Dance</strong>!<br></div><div class="battle-history"><small>The opposing Drapion's Attack rose sharply!</small><br></div><div class="spacer battle-history"><br></div><div class="battle-history">Lickilicky used <strong>Body Slam</strong>!<br></div><div class="battle-history"><small>(The opposing Drapion lost <abbr title="−71/282">25.2%</abbr> of its health!)</small><br></div><div class="spacer battle-history"><br></div><div class="battle-history">The opposing Drapion fainted!<br></div><div class="spacer battle-history"><br></div><div class="battle-history"><small>Lickilicky's wish came true!</small><br></div><div class="spacer battle-history"><br></div><div class="battle-history">Egyptianmego5 sent out <strong>Sawk</strong>!<br></div><div class="spacer battle-history"><br></div><h2 class="battle-history">Turn 30</h2><div class="spacer battle-history"><br></div><div class="battle-history">Lickilicky used <strong>Protect</strong>!<br></div><div class="battle-history"><small>Lickilicky protected itself!</small><br></div><div class="spacer battle-history"><br></div><div class="battle-history">The opposing Sawk used <strong>Close Combat</strong>!<br></div><div class="battle-history"><small>Lickilicky protected itself!</small><br></div><div class="spacer battle-history"><br></div><h2 class="battle-history">Turn 31</h2><div class="spacer battle-history"><br></div><div class="battle-history">Lickilicky, come back!<br></div><div class="battle-history">Go! <strong>Quagsire</strong>!<br></div><div class="battle-history"><small>Pointed stones dug into Quagsire!</small><br></div><div class="spacer battle-history"><br></div><div class="battle-history">The opposing Sawk used <strong>Close Combat</strong>!<br></div><div class="battle-history"><small>(Quagsire lost <abbr title="−205/394">52.0%</abbr> of its health!)</small><br></div><div class="battle-history"><small>The opposing Sawk's Defense fell!</small><br></div><div class="battle-history"><small>The opposing Sawk's Special Defense fell!</small><br></div><div class="spacer battle-history"><br></div><div class="battle-history">Quagsire fainted!<br></div><div class="spacer battle-history"><br></div><div class="battle-history">Go! <strong>Granbull</strong>!<br></div><div class="battle-history"><small>Pointed stones dug into Granbull!</small><br></div><div class="battle-history"><small>[Granbull's Intimidate]</small><br></div><div class="battle-history"><small>The opposing Sawk's Attack fell!</small><br></div><div class="spacer battle-history"><br></div><h2 class="battle-history">Turn 32</h2><div class="spacer battle-history"><br></div><div class="battle-history">Egyptianmego5 withdrew Sawk!<br></div><div class="battle-history">Egyptianmego5 sent out <strong>Rhyperior</strong>!<br></div><div class="spacer battle-history"><br></div><div class="battle-history">Granbull used <strong>Earthquake</strong>!<br></div><div class="battle-history"><small>It's super effective!</small><br></div><div class="battle-history"><small>(The opposing Rhyperior lost <abbr title="−142/434">32.7%</abbr> of its health!)</small><br></div><div class="spacer battle-history"><br></div><div class="battle-history"><small>Granbull restored a little HP using its Leftovers!</small><br></div><div class="spacer battle-history"><br></div><h2 class="battle-history">Turn 33</h2><div class="spacer battle-history"><br></div><div class="battle-history">Granbull used <strong>Earthquake</strong>!<br></div><div class="battle-history"><small>It's super effective!</small><br></div><div class="battle-history"><small>(The opposing Rhyperior lost <abbr title="−69/434">15.9%</abbr> of its health!)</small><br></div><div class="spacer battle-history"><br></div><div class="battle-history">The opposing Rhyperior fainted!<br></div><div class="spacer battle-history"><br></div><div class="battle-history"><small>Granbull restored a little HP using its Leftovers!</small><br></div><div class="spacer battle-history"><br></div><div class="battle-history">Egyptianmego5 sent out <strong>Sawk</strong>!<br></div><div class="spacer battle-history"><br></div><h2 class="battle-history">Turn 34</h2><div class="chat"><small>theultimategamer95 joined.</small></div><div class="spacer battle-history"><br></div><div class="battle-history">Granbull, come back!<br></div><div class="battle-history">Go! <strong>Abomasnow</strong>!<br></div><div class="battle-history"><small>Pointed stones dug into Abomasnow!</small><br></div><div class="battle-history"><small>[Abomasnow's Snow Warning]</small><br><small>It started to hail!</small><br></div><div class="spacer battle-history"><br></div><div class="battle-history">The opposing Sawk used <strong>Close Combat</strong>!<br></div><div class="battle-history"><small>It's super effective!</small><br></div><div class="battle-history"><small>(Abomasnow lost <abbr title="−241/321">75.1%</abbr> of its health!)</small><br></div><div class="battle-history"><small>The opposing Sawk's Defense fell!</small><br></div><div class="battle-history"><small>The opposing Sawk's Special Defense fell!</small><br></div><div class="spacer battle-history"><br></div><div class="battle-history">Abomasnow fainted!<br></div><div class="spacer battle-history"><br></div><div class="battle-history"><small>The hail is crashing down.</small><br></div><div class="battle-history"><small>The opposing Sawk is buffeted by the hail!</small><br></div><div class="chat"><small>WASDfarian joined.</small></div><div class="spacer battle-history"><br></div><div class="battle-history">Go! <strong>Roselia</strong>!<br></div><div class="battle-history"><small>Pointed stones dug into Roselia!</small><br></div><div class="spacer battle-history"><br></div><h2 class="battle-history">Turn 35</h2><div class="spacer battle-history"><br></div><div class="battle-history">The opposing Sawk used <strong>Close Combat</strong>!<br></div><div class="battle-history"><small>It's not very effective...</small><br></div><div class="battle-history"><small>A critical hit!</small><br></div><div class="battle-history"><small>(Roselia lost <abbr title="−185/304">60.9%</abbr> of its health!)</small><br></div><div class="battle-history"><small>The opposing Sawk's Defense fell!</small><br></div><div class="battle-history"><small>The opposing Sawk's Special Defense fell!</small><br></div><div class="spacer battle-history"><br></div><div class="battle-history">Roselia fainted!<br></div><div class="spacer battle-history"><br></div><div class="battle-history"><small>The hail is crashing down.</small><br></div><div class="battle-history"><small>The opposing Sawk is buffeted by the hail!</small><br></div><div class="chat chatmessage-egyptianmego5"><strong style="color:hsl(197,73%,37.30992902744528%)"><small>★</small><span class="username" data-name="Egyptianmego5">Egyptianmego5</span>:</strong> <em>did it matter</em></div><div class="spacer battle-history"><br></div><div class="battle-history">Go! <strong>Granbull</strong>!<br></div><div class="battle-history"><small>Pointed stones dug into Granbull!</small><br></div><div class="battle-history"><small>[Granbull's Intimidate]</small><br></div><div class="battle-history"><small>The opposing Sawk's Attack fell!</small><br></div><div class="spacer battle-history"><br></div><h2 class="battle-history">Turn 36</h2><div class="chat chatmessage-egyptianmego5"><strong style="color:hsl(197,73%,37.30992902744528%)"><small>★</small><span class="username" data-name="Egyptianmego5">Egyptianmego5</span>:</strong> <em>gimmie evs</em></div><div class="spacer battle-history"><br></div><div class="battle-history">Egyptianmego5 withdrew Sawk!<br></div><div class="battle-history">Egyptianmego5 sent out <strong>Delphox</strong>!<br></div><div class="spacer battle-history"><br></div><div class="battle-history">Granbull, come back!<br></div><div class="battle-history">Go! <strong>Lickilicky</strong>!<br></div><div class="battle-history"><small>Pointed stones dug into Lickilicky!</small><br></div><div class="spacer battle-history"><br></div><div class="battle-history"><small>The hail is crashing down.</small><br></div><div class="battle-history"><small>The opposing Delphox is buffeted by the hail!</small><br></div><div class="battle-history"><small>Lickilicky is buffeted by the hail!</small><br></div><div class="spacer battle-history"><br></div><h2 class="battle-history">Turn 37</h2><div class="spacer battle-history"><br></div><div class="battle-history">The opposing Delphox used <strong>Trick</strong>!<br></div><div class="battle-history"><small>The opposing Delphox switched items with its target!</small><br></div><div class="battle-history"><small>Lickilicky obtained one Choice Scarf.</small><br></div><div class="spacer battle-history"><br></div><div class="battle-history">Lickilicky used <strong>Wish</strong>!<br></div><div class="spacer battle-history"><br></div><div class="battle-history"><small>The hail is crashing down.</small><br></div><div class="battle-history"><small>The opposing Delphox is buffeted by the hail!</small><br></div><div class="battle-history"><small>Lickilicky is buffeted by the hail!</small><br></div><div class="spacer battle-history"><br></div><h2 class="battle-history">Turn 38</h2><div class="spacer battle-history"><br></div><div class="battle-history">The opposing Delphox used <strong>Psychic</strong>!<br></div><div class="battle-history"><small>(Lickilicky lost <abbr title="−103/424">24.3%</abbr> of its health!)</small><br></div><div class="spacer battle-history"><br></div><div class="battle-history">Lickilicky used <strong>Wish</strong>!<br></div><div class="battle-history"><small>But it failed!</small><br></div><div class="spacer battle-history"><br></div><div class="battle-history"><small>The hail stopped.</small><br></div><div class="battle-history"><small>Lickilicky's wish came true!</small><br></div><div class="spacer battle-history"><br></div><h2 class="battle-history">Turn 39</h2><div class="spacer battle-history"><br></div><div class="battle-history">The opposing Delphox used <strong>Psychic</strong>!<br></div><div class="battle-history"><small>(Lickilicky lost <abbr title="−112/424">26.4%</abbr> of its health!)</small><br></div><div class="spacer battle-history"><br></div><div class="battle-history">Lickilicky used <strong>Wish</strong>!<br></div><div class="spacer battle-history"><br></div><h2 class="battle-history">Turn 40</h2><div class="spacer battle-history"><br></div><div class="battle-history">The opposing Delphox used <strong>Psychic</strong>!<br></div><div class="battle-history"><small>(Lickilicky lost <abbr title="−109/424">25.7%</abbr> of its health!)</small><br></div><div class="spacer battle-history"><br></div><div class="battle-history">Lickilicky used <strong>Wish</strong>!<br></div><div class="battle-history"><small>But it failed!</small><br></div><div class="spacer battle-history"><br></div><div class="battle-history"><small>Lickilicky's wish came true!</small><br></div><div class="spacer battle-history"><br></div><h2 class="battle-history">Turn 41</h2><div class="spacer battle-history"><br></div><div class="battle-history">Egyptianmego5 withdrew Delphox!<br></div><div class="battle-history">Egyptianmego5 sent out <strong>Sawk</strong>!<br></div><div class="spacer battle-history"><br></div><div class="battle-history">Lickilicky used <strong>Wish</strong>!<br></div><div class="spacer battle-history"><br></div><h2 class="battle-history">Turn 42</h2><div class="spacer battle-history"><br></div><div class="battle-history">Lickilicky, come back!<br></div><div class="battle-history">Go! <strong>Granbull</strong>!<br></div><div class="battle-history"><small>Pointed stones dug into Granbull!</small><br></div><div class="battle-history"><small>[Granbull's Intimidate]</small><br></div><div class="battle-history"><small>The opposing Sawk's Attack fell!</small><br></div><div class="spacer battle-history"><br></div><div class="battle-history">The opposing Sawk used <strong>Close Combat</strong>!<br></div><div class="battle-history"><small>It's not very effective...</small><br></div><div class="battle-history"><small>(Granbull lost <abbr title="−79/375">21.1%</abbr> of its health!)</small><br></div><div class="battle-history"><small>The opposing Sawk's Defense fell!</small><br></div><div class="battle-history"><small>The opposing Sawk's Special Defense fell!</small><br></div><div class="spacer battle-history"><br></div><div class="battle-history">Granbull fainted!<br></div><div class="spacer battle-history"><br></div><div class="battle-history">Go! <strong>Lickilicky</strong>!<br></div><div class="battle-history"><small>Pointed stones dug into Lickilicky!</small><br></div><div class="spacer battle-history"><br></div><h2 class="battle-history">Turn 43</h2><div class="spacer battle-history"><br></div><div class="battle-history">Egyptianmego5 withdrew Sawk!<br></div><div class="battle-history">Egyptianmego5 sent out <strong>Delphox</strong>!<br></div><div class="spacer battle-history"><br></div><div class="battle-history">Lickilicky used <strong>Body Slam</strong>!<br></div><div class="battle-history"><small>(The opposing Delphox lost <abbr title="−117/291">40.2%</abbr> of its health!)</small><br></div><div class="battle-history"><small>The opposing Delphox is paralyzed! It may be unable to move!</small><br></div><div class="spacer battle-history"><br></div><h2 class="battle-history">Turn 44</h2><div class="spacer battle-history"><br></div><div class="battle-history">Lickilicky used <strong>Body Slam</strong>!<br></div><div class="battle-history"><small>(The opposing Delphox lost <abbr title="−114/291">39.2%</abbr> of its health!)</small><br></div><div class="spacer battle-history"><br></div><div class="battle-history">The opposing Delphox is paralyzed! It can't move!<br></div><div class="spacer battle-history"><br></div><h2 class="battle-history">Turn 45</h2><div class="spacer battle-history"><br></div><div class="battle-history">Lickilicky used <strong>Body Slam</strong>!<br></div><div class="battle-history"><small>(The opposing Delphox lost <abbr title="−6/291">2.1%</abbr> of its health!)</small><br></div><div class="spacer battle-history"><br></div><div class="battle-history">The opposing Delphox fainted!<br></div><div class="spacer battle-history"><br></div><div class="battle-history">Egyptianmego5 sent out <strong>Sawk</strong>!<br></div><div class="spacer battle-history"><br></div><h2 class="battle-history">Turn 46</h2><div class="spacer battle-history"><br></div><div class="battle-history">The opposing Sawk used <strong>Close Combat</strong>!<br></div><div class="battle-history"><small>It's super effective!</small><br></div><div class="battle-history"><small>(Lickilicky lost <abbr title="−362/424">85.4%</abbr> of its health!)</small><br></div><div class="battle-history"><small>The opposing Sawk's Defense fell!</small><br></div><div class="battle-history"><small>The opposing Sawk's Special Defense fell!</small><br></div><div class="spacer battle-history"><br></div><div class="battle-history">Lickilicky fainted!<br></div><div class="spacer battle-history"><br></div><div class="battle-history"><strong>Egyptianmego5</strong> won the battle!<br></div></div><div class="inner-preempt"></div></div></div>
</div>
<script>
let daily = Math.floor(Date.now()/1000/60/60/24);document.write('<script src="https://play.pokemonshowdown.com/js/replay-embed.js?version'+daily+'"></'+'script>');
</script>
