<!DOCTYPE html>
<meta charset="utf-8" />
<!-- version 1 -->
<title>RU replay: AS Nakamura♥ vs. *&lt;Rυmia</title>
<style>
html,body {font-family:Verdana, sans-serif;font-size:10pt;margin:0;padding:0;}body{padding:12px 0;} .battle-log {font-family:Verdana, sans-serif;font-size:10pt;} .battle-log-inline {border:1px solid #AAAAAA;background:#EEF2F5;color:black;max-width:640px;margin:0 auto 80px;padding-bottom:5px;} .battle-log .inner {padding:4px 8px 0px 8px;} .battle-log .inner-preempt {padding:0 8px 4px 8px;} .battle-log .inner-after {margin-top:0.5em;} .battle-log h2 {margin:0.5em -8px;padding:4px 8px;border:1px solid #AAAAAA;background:#E0E7EA;border-left:0;border-right:0;font-family:Verdana, sans-serif;font-size:13pt;} .battle-log .chat {vertical-align:middle;padding:3px 0 3px 0;font-size:8pt;} .battle-log .chat strong {color:#40576A;} .battle-log .chat em {padding:1px 4px 1px 3px;color:#000000;font-style:normal;} .chat.mine {background:rgba(0,0,0,0.05);margin-left:-8px;margin-right:-8px;padding-left:8px;padding-right:8px;} .spoiler {color:#BBBBBB;background:#BBBBBB;padding:0px 3px;} .spoiler:hover, .spoiler:active, .spoiler-shown {color:#000000;background:#E2E2E2;padding:0px 3px;} .spoiler a {color:#BBBBBB;} .spoiler:hover a, .spoiler:active a, .spoiler-shown a {color:#2288CC;} .chat code, .chat .spoiler:hover code, .chat .spoiler:active code, .chat .spoiler-shown code {border:1px solid #C0C0C0;background:#EEEEEE;color:black;padding:0 2px;} .chat .spoiler code {border:1px solid #CCCCCC;background:#CCCCCC;color:#CCCCCC;} .battle-log .rated {padding:3px 4px;} .battle-log .rated strong {color:white;background:#89A;padding:1px 4px;border-radius:4px;} .spacer {margin-top:0.5em;} .message-announce {background:#6688AA;color:white;padding:1px 4px 2px;} .message-announce a, .broadcast-green a, .broadcast-blue a, .broadcast-red a {color:#DDEEFF;} .broadcast-green {background-color:#559955;color:white;padding:2px 4px;} .broadcast-blue {background-color:#6688AA;color:white;padding:2px 4px;} .infobox {border:1px solid #6688AA;padding:2px 4px;} .infobox-limited {max-height:200px;overflow:auto;overflow-x:hidden;} .broadcast-red {background-color:#AA5544;color:white;padding:2px 4px;} .message-learn-canlearn {font-weight:bold;color:#228822;text-decoration:underline;} .message-learn-cannotlearn {font-weight:bold;color:#CC2222;text-decoration:underline;} .message-effect-weak {font-weight:bold;color:#CC2222;} .message-effect-resist {font-weight:bold;color:#6688AA;} .message-effect-immune {font-weight:bold;color:#666666;} .message-learn-list {margin-top:0;margin-bottom:0;} .message-throttle-notice, .message-error {color:#992222;} .message-overflow, .chat small.message-overflow {font-size:0pt;} .message-overflow::before {font-size:9pt;content:'...';} .subtle {color:#3A4A66;}
</style>
<div class="wrapper replay-wrapper" style="max-width:1180px;margin:0 auto">
<input type="hidden" name="replayid" value="pandora-ru-5298018" />
<div class="battle"></div><div class="battle-log"></div><div class="replay-controls"></div><div class="replay-controls-2"></div>
<h1 style="font-weight:normal;text-align:center"><strong>RU</strong><br /><a href="http://pokemonshowdown.com/users/asnakamura" class="subtle" target="_blank">AS Nakamura♥</a> vs. <a href="http://pokemonshowdown.com/users/rmia" class="subtle" target="_blank">*&lt;Rυmia</a></h1>
<script type="text/plain" class="battle-log-data">|j|AS Nakamura♥
|j|*<Rυmia
|unlink|||tour
|player|p1|AS Nakamura♥|thedarkluffy.gif?eb061dc6
|player|p2|*<Rυmia|chiyokomaiinub.gif?249e0de8
|gametype|singles
|gen|6
|tier|RU
|seed|18449,21399,8709,47044
|rule|Cláusula-Mod de Dormir: solo puedes dormir a uno de tus oponentes a la vez.
|rule|Cláusula de Especie: Hasta un Pokémon de cada especie
|rule|Cláusula de Golpe Fulminante: los movimientos fulminantes (OHKO) estan prohibidos
|rule|Cláusula de Moody: la habilidad Moody está prohibida
|rule|Cláusula de Movimientos Evasivos: los movimientos de evasion estan prohibidos
|rule|Cláusula de Batallas Eternas: forzar batallas eternas está prohibido
|rule|Modo de Porcentaje de HP: el HP es mostrado en porcentaje
|clearpoke
|poke|p1|Larvesta, F|item
|poke|p1|Xatu, M|item
|poke|p1|Diancie|item
|poke|p1|Rotom-Mow|item
|poke|p1|Drapion, M|item
|poke|p1|Seismitoad, M|item
|poke|p2|Audino, M|item
|poke|p2|Slowking, M|item
|poke|p2|Xatu, F|item
|poke|p2|Registeel|item
|poke|p2|Venusaur, M|item
|poke|p2|Flygon, F|item
|rule|Cláusula de Swagger: se prohibe el uso de Swagger
|rule|Cláusula de Baton Pass: se prohíbe más de 1 Pokémon con Baton Pass, o transferir Velocidad junto a otros stats
|teampreview
|c|★AS Nakamura♥|gl
|j|Coverride
|choice|*team 123456|*
|c|★*<Rυmia|=
|c|$Coverride|!dt larvesta
|c|~|\/data-pokemon Larvesta
|raw|<font size="1"><font color=#585858>Dex#:<\/font> 636&nbsp;|&ThickSpace;<font color=#585858>Gen:<\/font> 5&nbsp;|&ThickSpace;<font color=#585858>Altura:<\/font> 1.1 m&nbsp;|&ThickSpace;<font color=#585858>Peso:<\/font> 28.8 kg <em>(60 BP)<\/em>&nbsp;|&ThickSpace;<font color=#585858>Color:<\/font> White&nbsp;|&ThickSpace;<font color=#585858>Familia:<\/font> Bug&nbsp;|&ThickSpace;<font color=#585858>Evolución:<\/font> Volcarona (59)<\/font>
|c|$Coverride|op
|choice|*|*team 423156
|choice|team 1, team 2, team 3, team 4, team 5, team 6|team 4, team 2, team 3, team 1, team 5, team 6
|
|start
|switch|p1a: Larvesta|Larvesta, F|313\/313
|switch|p2a: Registeel|Registeel|364\/364
|turn|1
|choice|*|*switch 3
|j|angel steven
|choice|*move 3|*
|choice|move uturn|switch 3
|
|switch|p2a: Xatu|Xatu, F|333\/333
|move|p1a: Larvesta|U-turn|p2a: Xatu
|-damage|p2a: Xatu|273\/333
|choice|*switch 5|*
|choice|switch 5|
|
|switch|p1a: Drapion|Drapion, M|281\/281
|
|turn|2
|choice|*|*move 1
|choice|*move 3|*
|choice|move knockoff|move uturn
|
|move|p1a: Drapion|Knock Off|p2a: Xatu
|-supereffective|p2a: Xatu
|-enditem|p2a: Xatu|Colbur Berry|[eat]
|-enditem|p2a: Xatu|Colbur Berry|[weaken]
|-damage|p2a: Xatu|146\/333
|move|p2a: Xatu|U-turn|p1a: Drapion
|-damage|p1a: Drapion|241\/281
|c|★*<Rυmia|Y el Pursuit
|c|★*<Rυmia|=<
|choice|*|*switch 6
|choice||switch 6
|
|switch|p2a: Flygon|Flygon, F|301\/301
|
|-heal|p1a: Drapion|258\/281|[from] item: Leftovers
|turn|3
|choice|*|*move 2
|choice|*switch 2|*
|choice|switch 2|move uturn
|
|switch|p1a: Xatu|Xatu, M|333\/333
|move|p2a: Flygon|U-turn|p1a: Xatu
|-damage|p1a: Xatu|270\/333
|-damage|p2a: Flygon|251\/301|[from] item: Rocky Helmet|[of] p1a: Xatu
|choice|*|*switch 3
|choice||switch 3
|
|switch|p2a: Registeel|Registeel|364\/364
|
|turn|4
|choice|*|*move 3
|choice|*move 4|*
|choice|move thunderwave|move thunderbolt
|
|move|p1a: Xatu|Thunder Wave|p2a: Registeel
|-status|p2a: Registeel|par
|move|p2a: Registeel|Thunderbolt|p1a: Xatu
|-supereffective|p1a: Xatu
|-damage|p1a: Xatu|104\/333
|
|turn|5
|choice|*move 2|*
|choice|*|*switch 2
|choice|move roost|switch 2
|
|switch|p2a: Slowking|Slowking, M|394\/394
|move|p1a: Xatu|Roost|p1a: Xatu
|-heal|p1a: Xatu|271\/333
|
|turn|6
|j|Noobie el payaso
|choice|*|*move 2
|choice|*move 1|*
|choice|move uturn|move calmmind
|
|move|p1a: Xatu|U-turn|p2a: Slowking
|-supereffective|p2a: Slowking
|-damage|p2a: Slowking|310\/394
|l|Noobie el payaso
|choice|*switch 6|*
|choice|switch 6|
|
|switch|p1a: Seismitoad|Seismitoad, M|413\/413
|move|p2a: Slowking|Calm Mind|p2a: Slowking
|-boost|p2a: Slowking|spa|1
|-boost|p2a: Slowking|spd|1
|
|turn|7
|choice|*|*switch 5
|l|AS Nakamura♥
|player|p1
|c|★*<Rυmia|ALO
|c|★*<Rυmia|POLISIA
|c|★*<Rυmia|San llevao a mi rival
|j|AS Nakamura♥
|player|p1|AS Nakamura♥|thedarkluffy.gif?eb061dc6
|c|★AS Nakamura♥|XABAL
|choice|*move 4|*
|choice|move substitute|switch 5
|
|switch|p2a: Venusaur|Venusaur, M|363\/363
|move|p1a: Seismitoad|Substitute|p1a: Seismitoad
|-start|p1a: Seismitoad|Substitute
|-damage|p1a: Seismitoad|310\/413
|
|-heal|p1a: Seismitoad|335\/413|[from] item: Leftovers
|turn|8
|choice|*|*move 1
|c|★AS Nakamura♥|AMOR DE MARIHUANA
|c|★*<Rυmia|k
|choice|*move 3|*
|choice|move knockoff|move gigadrain
|
|move|p2a: Venusaur|Giga Drain|p1a: Seismitoad
|-supereffective|p1a: Seismitoad
|-end|p1a: Seismitoad|Substitute
|move|p1a: Seismitoad|Knock Off|p2a: Venusaur
|-damage|p2a: Venusaur|307\/363
|-enditem|p2a: Venusaur|Black Sludge|[from] move: Knock Off|[of] p1a: Seismitoad
|
|-heal|p1a: Seismitoad|360\/413|[from] item: Leftovers
|turn|9
|j|TheDark007♫
|choice|*|*move 4
|c|★AS Nakamura♥|De endo
|c|★*<Rυmia|Que aids más set
|c|★AS Nakamura♥|es un buen tema
|choice|*switch 2|*
|choice|switch 2|move knockoff
|
|switch|p1a: Drapion|Drapion, M|258\/281
|move|p2a: Venusaur|Knock Off|p1a: Drapion
|-resisted|p1a: Drapion
|-damage|p1a: Drapion|233\/281
|-enditem|p1a: Drapion|Leftovers|[from] move: Knock Off|[of] p2a: Venusaur
|
|turn|10
|l|angel steven
|choice|*|*switch 2
|choice|*move 1|*
|choice|move substitute|switch 2
|
|switch|p2a: Registeel|Registeel|364\/364 par
|move|p1a: Drapion|Substitute|p1a: Drapion
|-start|p1a: Drapion|Substitute
|-damage|p1a: Drapion|163\/281
|
|turn|11
|choice|*|*move 2
|choice|*move 2|*
|choice|move swordsdance|move seismictoss
|
|move|p1a: Drapion|Swords Dance|p1a: Drapion
|-boost|p1a: Drapion|atk|2
|cant|p2a: Registeel|par
|
|turn|12
|choice|*|*move 2
|choice|*move 4|*
|choice|move earthquake|move seismictoss
|
|move|p1a: Drapion|Earthquake|p2a: Registeel
|-supereffective|p2a: Registeel
|-damage|p2a: Registeel|122\/364 par
|move|p2a: Registeel|Seismic Toss|p1a: Drapion
|-end|p1a: Drapion|Substitute
|
|-heal|p2a: Registeel|144\/364 par|[from] item: Leftovers
|turn|13
|choice|*move 3|*
|choice|*|*switch 4
|choice|move knockoff|switch 4
|
|switch|p2a: Audino|Audino, M|410\/410
|move|p1a: Drapion|Knock Off|p2a: Audino
|-damage|p2a: Audino|251\/410
|
|turn|14
|choice|*|*move 1 mega
|choice|*|*undo
|choice|*|*move 2 mega
|choice|*move 4|*
|choice|move earthquake|move wish mega
|
|detailschange|p2a: Audino|Audino-Mega, M
|-mega|p2a: Audino|Audino|Audinite
|move|p1a: Drapion|Earthquake|p2a: Audino
|-damage|p2a: Audino|123\/410
|move|p2a: Audino|Wish|p2a: Audino
|
|turn|15
|choice|*|*move 3
|choice|*switch 2|*
|choice|switch 2|move protect
|
|switch|p1a: Seismitoad|Seismitoad, M|360\/413
|move|p2a: Audino|Protect|p2a: Audino
|-fail|p2a: Audino
|
|-heal|p2a: Audino|328\/410|[from] move: Wish|[wisher] Audino
|-heal|p1a: Seismitoad|385\/413|[from] item: Leftovers
|turn|16
|choice|*|*move 4
|choice|*move 4|*
|choice|move substitute|move healbell
|
|move|p1a: Seismitoad|Substitute|p1a: Seismitoad
|-start|p1a: Seismitoad|Substitute
|-damage|p1a: Seismitoad|282\/413
|move|p2a: Audino|Heal Bell|p2a: Audino
|-activate|p2a: Audino|move: Heal Bell
|-curestatus|p2: Registeel|par|[msg]
|
|-heal|p1a: Seismitoad|307\/413|[from] item: Leftovers
|turn|17
|choice|*move 1|*
|choice|*|*move 1
|choice|move scald|move dazzlinggleam
|
|move|p1a: Seismitoad|Scald|p2a: Audino
|-damage|p2a: Audino|273\/410
|move|p2a: Audino|Dazzling Gleam|p1a: Seismitoad
|-activate|p1a: Seismitoad|move: Substitute|[damage]
|
|-heal|p1a: Seismitoad|332\/413|[from] item: Leftovers
|turn|18
|choice|*|*move 1
|choice|*move 2|*
|choice|move toxic|move dazzlinggleam
|
|move|p1a: Seismitoad|Toxic|p2a: Audino
|-status|p2a: Audino|tox
|move|p2a: Audino|Dazzling Gleam|p1a: Seismitoad
|-end|p1a: Seismitoad|Substitute
|
|-heal|p1a: Seismitoad|357\/413|[from] item: Leftovers
|-damage|p2a: Audino|248\/410 tox|[from] psn
|turn|19
|choice|*|*switch 2
|choice|*move 4|*
|choice|move substitute|switch 2
|
|switch|p2a: Venusaur|Venusaur, M|307\/363
|move|p1a: Seismitoad|Substitute|p1a: Seismitoad
|-start|p1a: Seismitoad|Substitute
|-damage|p1a: Seismitoad|254\/413
|
|-heal|p1a: Seismitoad|279\/413|[from] item: Leftovers
|turn|20
|choice|*|*move 1
|choice|*move 1|*
|choice|move scald|move gigadrain
|
|move|p2a: Venusaur|Giga Drain|p1a: Seismitoad
|-supereffective|p1a: Seismitoad
|-end|p1a: Seismitoad|Substitute
|-heal|p2a: Venusaur|359\/363|[from] drain|[of] p1a: Seismitoad
|move|p1a: Seismitoad|Scald|p2a: Venusaur
|-resisted|p2a: Venusaur
|-damage|p2a: Venusaur|320\/363
|
|-heal|p1a: Seismitoad|304\/413|[from] item: Leftovers
|turn|21
|choice|*|*move 1
|choice|*switch 5|*
|choice|switch 5|move gigadrain
|
|switch|p1a: Larvesta|Larvesta, F|313\/313
|move|p2a: Venusaur|Giga Drain|p1a: Larvesta
|-resisted|p1a: Larvesta
|-damage|p1a: Larvesta|289\/313
|-heal|p2a: Venusaur|332\/363|[from] drain|[of] p1a: Larvesta
|
|turn|22
|choice|*|*switch 2
|l|AS Nakamura♥
|player|p1
|c|★*<Rυmia|ALO POLISIA X FABOR
|j|AS Nakamura♥
|player|p1|AS Nakamura♥|thedarkluffy.gif?eb061dc6
|choice|*move 3|*
|choice|move uturn|switch 2
|
|switch|p2a: Audino|Audino-Mega, M|248\/410 tox
|move|p1a: Larvesta|U-turn|p2a: Audino
|-resisted|p2a: Audino
|-damage|p2a: Audino|221\/410 tox
|choice|*switch 4|*
|choice|switch 4|
|
|switch|p1a: Rotom|Rotom-Mow|241\/241
|
|-damage|p2a: Audino|196\/410 tox|[from] psn
|turn|23
|choice|*|*move 2
|choice|*move 3|*
|choice|move leafstorm|move wish
|
|move|p1a: Rotom|Leaf Storm|p2a: Audino
|-damage|p2a: Audino|0 fnt
|-unboost|p1a: Rotom|spa|2
|faint|p2a: Audino
|
|choice|*|*switch 6
|choice||switch 6
|
|switch|p2a: Xatu|Xatu, F|146\/333
|turn|24
|choice|*|*move 1
|choice|*switch 3|*
|choice|switch 3|move uturn
|
|switch|p1a: Diancie|Diancie|303\/303
|move|p2a: Xatu|U-turn|p1a: Diancie
|-resisted|p1a: Diancie
|-damage|p1a: Diancie|287\/303
|choice|*|*switch 2
|choice||switch 2
|
|switch|p2a: Venusaur|Venusaur, M|332\/363
|
|-heal|p1a: Diancie|303\/303|[from] item: Leftovers
|turn|25
|choice|*|*move 2
|choice|*move 1|*
|choice|move stealthrock|move sludgebomb
|
|move|p2a: Venusaur|Sludge Bomb|p1a: Diancie
|-damage|p1a: Diancie|248\/303
|move|p1a: Diancie|Stealth Rock|p2a: Venusaur
|-sidestart|p2: *<Rυmia|move: Stealth Rock
|
|-heal|p1a: Diancie|266\/303|[from] item: Leftovers
|turn|26
|choice|*|*move 1
|choice|*switch 4|*
|choice|switch 4|move gigadrain
|
|switch|p1a: Larvesta|Larvesta, F|289\/313
|move|p2a: Venusaur|Giga Drain|p1a: Larvesta
|-resisted|p1a: Larvesta
|-damage|p1a: Larvesta|265\/313
|-heal|p2a: Venusaur|344\/363|[from] drain|[of] p1a: Larvesta
|
|turn|27
|choice|*|*switch 5
|choice|*|*undo
|choice|*move 3|*
|choice|*|*switch 4
|choice|move uturn|switch 4
|
|switch|p2a: Registeel|Registeel|144\/364
|-damage|p2a: Registeel|122\/364|[from] Stealth Rock
|move|p1a: Larvesta|U-turn|p2a: Registeel
|-resisted|p2a: Registeel
|-damage|p2a: Registeel|95\/364
|choice|*switch 2|*
|choice|switch 2|
|
|switch|p1a: Drapion|Drapion, M|163\/281
|
|-heal|p2a: Registeel|117\/364|[from] item: Leftovers
|turn|28
|choice|*move 3|*
|choice|*|*move 2
|choice|move knockoff|move seismictoss
|
|move|p1a: Drapion|Knock Off|p2a: Registeel
|-damage|p2a: Registeel|29\/364
|-enditem|p2a: Registeel|Leftovers|[from] move: Knock Off|[of] p1a: Drapion
|move|p2a: Registeel|Seismic Toss|p1a: Drapion
|-damage|p1a: Drapion|63\/281
|
|turn|29
|choice|*move 3|*
|choice|*|*move 2
|choice|move knockoff|move seismictoss
|
|move|p1a: Drapion|Knock Off|p2a: Registeel
|-damage|p2a: Registeel|0 fnt
|faint|p2a: Registeel
|
|choice|*|*switch 3
|choice||switch 3
|
|switch|p2a: Flygon|Flygon, F|251\/301
|-damage|p2a: Flygon|233\/301|[from] Stealth Rock
|turn|30
|j|MegaGengar 3_4_5
|choice|*|*move 2
|choice|*switch 6|*
|choice|switch 6|move uturn
|
|switch|p1a: Xatu|Xatu, M|271\/333
|move|p2a: Flygon|U-turn|p1a: Xatu
|-damage|p1a: Xatu|204\/333
|-damage|p2a: Flygon|183\/301|[from] item: Rocky Helmet|[of] p1a: Xatu
|choice|*|*switch 2
|choice||switch 2
|
|switch|p2a: Xatu|Xatu, F|146\/333
|-damage|p2a: Xatu|63\/333|[from] Stealth Rock
|
|turn|31
|choice|*|*move 4
|choice|*|*undo
|choice|*|*move 2
|choice|*|*undo
|choice|*|*move 4
|choice|*move 3|*
|choice|move nightshade|move roost
|
|move|p2a: Xatu|Roost|p2a: Xatu
|-heal|p2a: Xatu|230\/333
|move|p1a: Xatu|Night Shade|p2a: Xatu
|-damage|p2a: Xatu|130\/333
|
|turn|32
|choice|*undo|*
|choice|*move 1|*
|choice|*|*move 4
|choice|move uturn|move roost
|
|move|p2a: Xatu|Roost|p2a: Xatu
|-heal|p2a: Xatu|297\/333
|move|p1a: Xatu|U-turn|p2a: Xatu
|-supereffective|p2a: Xatu
|-damage|p2a: Xatu|223\/333
|choice|*switch 3|*
|choice|switch 3|
|
|switch|p1a: Rotom|Rotom-Mow|241\/241
|
|turn|33
|choice|*|*switch 4
|l|TheDark007♫
|choice|*move 1|*
|choice|move voltswitch|switch 4
|
|switch|p2a: Venusaur|Venusaur, M|344\/363
|-damage|p2a: Venusaur|299\/363|[from] Stealth Rock
|move|p1a: Rotom|Volt Switch|p2a: Venusaur
|-resisted|p2a: Venusaur
|-damage|p2a: Venusaur|222\/363
|choice|*switch 2|*
|choice|switch 2|
|
|switch|p1a: Larvesta|Larvesta, F|265\/313
|
|turn|34
|choice|*move 3|*
|choice|*undo|*
|choice|*move 1|*
|choice|*|*move 3
|choice|move willowisp|move synthesis
|
|move|p2a: Venusaur|Synthesis|p2a: Venusaur
|-heal|p2a: Venusaur|363\/363
|move|p1a: Larvesta|Will-O-Wisp|p2a: Venusaur
|-status|p2a: Venusaur|brn
|
|-damage|p2a: Venusaur|318\/363 brn|[from] brn
|turn|35
|choice|*undo|*
|choice|*move 3|*
|choice|*|*move 2
|choice|move uturn|move sludgebomb
|
|move|p2a: Venusaur|Sludge Bomb|p1a: Larvesta
|-damage|p1a: Larvesta|151\/313
|move|p1a: Larvesta|U-turn|p2a: Venusaur
|-damage|p2a: Venusaur|261\/363 brn
|choice|*switch 3|*
|choice|switch 3|
|
|switch|p1a: Xatu|Xatu, M|204\/333
|
|-damage|p2a: Venusaur|216\/363 brn|[from] brn
|turn|36
|choice|*move 1|*
|choice|*|*move 2
|choice|move uturn|move sludgebomb
|
|move|p1a: Xatu|U-turn|p2a: Venusaur
|-damage|p2a: Venusaur|181\/363 brn
|choice|*switch 3|*
|choice|switch 3|
|
|switch|p1a: Larvesta|Larvesta, F|151\/313
|move|p2a: Venusaur|Sludge Bomb|p1a: Larvesta
|-damage|p1a: Larvesta|43\/313
|
|-damage|p2a: Venusaur|136\/363 brn|[from] brn
|turn|37
|choice|*|*move 2
|choice|*move 2|*
|choice|move morningsun|move sludgebomb
|
|move|p2a: Venusaur|Sludge Bomb|p1a: Larvesta
|-damage|p1a: Larvesta|0 fnt
|faint|p1a: Larvesta
|
|-damage|p2a: Venusaur|91\/363 brn|[from] brn
|c|★*<Rυmia|https:\/\/www.youtube.com\/watch?v=XEjLoHdbVeE
|l|AS Nakamura♥
|player|p1
|j|AS Nakamura♥
|player|p1|AS Nakamura♥|thedarkluffy.gif?eb061dc6
|c|★*<Rυmia|GIMME GIMME GIMME A MAN AFTER MIDNIGHT
|c|$Coverride|stfu
|choice|*switch 6|*
|choice|switch 6|
|
|switch|p1a: Drapion|Drapion, M|63\/281
|turn|38
|c|★*<Rυmia|Callate tu
|choice|*move 4|*
|c|★*<Rυmia|Pto
|c|★*<Rυmia|hijoelagranprra
|choice|*|*move 1
|choice|move earthquake|move gigadrain
|
|move|p1a: Drapion|Earthquake|p2a: Venusaur
|-damage|p2a: Venusaur|15\/363 brn
|move|p2a: Venusaur|Giga Drain|p1a: Drapion
|-resisted|p1a: Drapion
|-damage|p1a: Drapion|0 fnt
|-heal|p2a: Venusaur|47\/363 brn|[from] drain|[of] p1a: Drapion
|faint|p1a: Drapion
|
|-damage|p2a: Venusaur|2\/363 brn|[from] brn
|c|$Coverride|manca
|c|★*<Rυmia|**Avl**
|c|★AS Nakamura♥|UY
|c|$Coverride|ya perdiste
|c|★*<Rυmia|ALV*
|c|★*<Rυmia|xd
|c|$Coverride|Avl
|choice|*switch 3|*
|choice|switch 3|
|
|switch|p1a: Xatu|Xatu, M|204\/333
|turn|39
|c|$Coverride|ok
|c|★*<Rυmia|Perdi hace rato
|choice|*move 3|*
|c|★*<Rυmia|Por jugar feo al Venu
|choice|*|*move 3
|choice|move nightshade|move synthesis
|
|move|p1a: Xatu|Night Shade|p2a: Venusaur
|-damage|p2a: Venusaur|0 fnt
|faint|p2a: Venusaur
|
|choice|*|*switch 5
|choice||switch 5
|
|switch|p2a: Slowking|Slowking, M|394\/394
|-damage|p2a: Slowking|345\/394|[from] Stealth Rock
|turn|40
|choice|*move 1|*
|choice|*|*switch 2
|choice|move uturn|switch 2
|
|switch|p2a: Flygon|Flygon, F|183\/301
|-damage|p2a: Flygon|165\/301|[from] Stealth Rock
|move|p1a: Xatu|U-turn|p2a: Flygon
|-damage|p2a: Flygon|113\/301
|choice|*switch 2|*
|choice|switch 2|
|
|switch|p1a: Rotom|Rotom-Mow|241\/241
|
|turn|41
|choice|*move 3|*
|choice|*|*move 2
|choice|move leafstorm|move uturn
|
|move|p2a: Flygon|U-turn|p1a: Rotom
|-supereffective|p1a: Rotom
|-damage|p1a: Rotom|87\/241
|choice|*|*switch 4
|choice||switch 4
|
|switch|p2a: Xatu|Xatu, F|223\/333
|-damage|p2a: Xatu|140\/333|[from] Stealth Rock
|move|p1a: Rotom|Leaf Storm|p2a: Xatu
|-resisted|p2a: Xatu
|-damage|p2a: Xatu|0 fnt
|-unboost|p1a: Rotom|spa|2
|faint|p2a: Xatu
|
|c|★AS Nakamura♥|LOCO
|c|★AS Nakamura♥|DIOS
|choice|*|*switch 4
|choice||switch 4
|
|switch|p2a: Flygon|Flygon, F|113\/301
|-damage|p2a: Flygon|95\/301|[from] Stealth Rock
|turn|42
|c|★AS Nakamura♥|es mas rapido
|c|★AS Nakamura♥|OH DIOS
|choice|*|*move 2
|choice|*switch 2|*
|choice|switch 2|move uturn
|
|switch|p1a: Xatu|Xatu, M|204\/333
|move|p2a: Flygon|U-turn|p1a: Xatu
|-damage|p1a: Xatu|140\/333
|-damage|p2a: Flygon|45\/301|[from] item: Rocky Helmet|[of] p1a: Xatu
|choice|*|*switch 2
|choice||switch 2
|
|switch|p2a: Slowking|Slowking, M|394\/394
|-damage|p2a: Slowking|345\/394|[from] Stealth Rock
|
|turn|43
|choice|*|*switch 2
|choice|*|*undo
|choice|*move 1|*
|choice|*|*move 3
|choice|move uturn|move scald
|
|move|p1a: Xatu|U-turn|p2a: Slowking
|-supereffective|p2a: Slowking
|-damage|p2a: Slowking|265\/394
|j|JuaninJuanHarry
|choice|*switch 5|*
|choice|switch 5|
|
|switch|p1a: Seismitoad|Seismitoad, M|304\/413
|move|p2a: Slowking|Scald|p1a: Seismitoad
|-heal|p1a: Seismitoad|407\/413|[from] ability: Water Absorb|[of] p2a: Slowking
|
|-heal|p1a: Seismitoad|413\/413|[from] item: Leftovers
|turn|44
|choice|*|*move 1
|choice|*move 4|*
|choice|move substitute|move block
|
|move|p1a: Seismitoad|Substitute|p1a: Seismitoad
|-start|p1a: Seismitoad|Substitute
|-damage|p1a: Seismitoad|310\/413
|move|p2a: Slowking|Block|p1a: Seismitoad
|-fail|p1a: Seismitoad
|
|-heal|p1a: Seismitoad|335\/413|[from] item: Leftovers
|turn|45
|choice|*move 2|*
|choice|*|*move 2
|choice|move toxic|move calmmind
|
|move|p1a: Seismitoad|Toxic|p2a: Slowking
|-status|p2a: Slowking|tox
|move|p2a: Slowking|Calm Mind|p2a: Slowking
|-boost|p2a: Slowking|spa|1
|-boost|p2a: Slowking|spd|1
|
|-heal|p1a: Seismitoad|360\/413|[from] item: Leftovers
|-damage|p2a: Slowking|241\/394 tox|[from] psn
|turn|46
|c|★AS Nakamura♥|QUE VERGA
|c|★AS Nakamura♥|esa wea hermano
|choice|*|*move 2
|choice|*move 3|*
|choice|move knockoff|move calmmind
|
|move|p1a: Seismitoad|Knock Off|p2a: Slowking
|-supereffective|p2a: Slowking
|-enditem|p2a: Slowking|Colbur Berry|[eat]
|-enditem|p2a: Slowking|Colbur Berry|[weaken]
|-damage|p2a: Slowking|179\/394 tox
|move|p2a: Slowking|Calm Mind|p2a: Slowking
|-boost|p2a: Slowking|spa|1
|-boost|p2a: Slowking|spd|1
|
|-heal|p1a: Seismitoad|385\/413|[from] item: Leftovers
|-damage|p2a: Slowking|131\/394 tox|[from] psn
|turn|47
|choice|*|*move 4
|choice|*move 3|*
|choice|move knockoff|move rest
|
|move|p1a: Seismitoad|Knock Off|p2a: Slowking
|-supereffective|p2a: Slowking
|-damage|p2a: Slowking|53\/394 tox
|move|p2a: Slowking|Rest|p2a: Slowking
|-status|p2a: Slowking|slp
|-heal|p2a: Slowking|394\/394 slp|[silent]
|-status|p2a: Slowking|slp|[from] move: Rest
|
|-heal|p1a: Seismitoad|410\/413|[from] item: Leftovers
|turn|48
|choice|*|*move 2
|choice|*switch 2|*
|choice|switch 2|move calmmind
|
|switch|p1a: Rotom|Rotom-Mow|87\/241
|cant|p2a: Slowking|slp
|
|turn|49
|choice|*|*move 2
|choice|*move 4|*
|choice|move trick|move calmmind
|
|move|p1a: Rotom|Trick|p2a: Slowking
|-activate|p1a: Rotom|move: Trick|[of] p2a: Slowking
|-item|p2a: Slowking|Choice Specs|[from] move: Trick
|-enditem|p1a: Rotom|Choice Specs|[silent]
|cant|p2a: Slowking|slp
|
|turn|50
|choice|*|*move 3
|choice|*move 1|*
|choice|move voltswitch|move scald
|
|move|p1a: Rotom|Volt Switch|p2a: Slowking
|-supereffective|p2a: Slowking
|-damage|p2a: Slowking|304\/394 slp
|choice|*switch 2|*
|choice|switch 2|
|
|switch|p1a: Seismitoad|Seismitoad, M|410\/413
|-curestatus|p2a: Slowking|slp|[msg]
|move|p2a: Slowking|Scald|p1a: Seismitoad
|-heal|p1a: Seismitoad|413\/413|[from] ability: Water Absorb|[of] p2a: Slowking
|
|turn|51
|choice|*|*move 3
|choice|*move 4|*
|choice|move substitute|move scald
|
|move|p1a: Seismitoad|Substitute|p1a: Seismitoad
|-start|p1a: Seismitoad|Substitute
|-damage|p1a: Seismitoad|310\/413
|move|p2a: Slowking|Scald|p1a: Seismitoad
|-heal|p1a: Seismitoad|413\/413|[from] ability: Water Absorb|[of] p2a: Slowking
|
|turn|52
|choice|*|*move 3
|choice|*move 2|*
|choice|move toxic|move scald
|
|move|p1a: Seismitoad|Toxic|p2a: Slowking
|-status|p2a: Slowking|tox
|move|p2a: Slowking|Scald|p1a: Seismitoad
|-immune|p1a: Seismitoad|[msg]|[from] ability: Water Absorb
|
|-damage|p2a: Slowking|280\/394 tox|[from] psn
|turn|53
|choice|*|*move 3
|c|★*<Rυmia|Ahora hace
|choice|*move 3|*
|choice|move knockoff|move scald
|
|move|p1a: Seismitoad|Knock Off|p2a: Slowking
|-supereffective|p2a: Slowking
|-damage|p2a: Slowking|158\/394 tox
|-enditem|p2a: Slowking|Choice Specs|[from] move: Knock Off|[of] p1a: Seismitoad
|move|p2a: Slowking|Scald|p1a: Seismitoad
|-immune|p1a: Seismitoad|[msg]|[from] ability: Water Absorb
|
|-damage|p2a: Slowking|110\/394 tox|[from] psn
|turn|54
|c|$Coverride|mira como me copia el set
|c|★*<Rυmia|Knock off
|c|$Coverride|que yo copie
|c|★*<Rυmia|xddd
|choice|*move 3|*
|choice|*|*move 4
|choice|move knockoff|move rest
|
|move|p1a: Seismitoad|Knock Off|p2a: Slowking
|-supereffective|p2a: Slowking
|-damage|p2a: Slowking|28\/394 tox
|move|p2a: Slowking|Rest|p2a: Slowking
|-status|p2a: Slowking|slp
|-heal|p2a: Slowking|394\/394 slp|[silent]
|-status|p2a: Slowking|slp|[from] move: Rest
|
|turn|55
|c|$Coverride|que desgraciada
|choice|*undo|*
|c|★AS Nakamura♥|DIOS
|c|★AS Nakamura♥|LAS CAGE
|c|★AS Nakamura♥|BRIGIDO
|l|JuaninJuanHarry
|c|★AS Nakamura♥|QUE EEA HICE
|choice|*|*move 2
|c|★AS Nakamura♥|OH HERMANO
|choice|*switch 2|*
|choice|switch 2|move calmmind
|
|switch|p1a: Rotom|Rotom-Mow|87\/241
|cant|p2a: Slowking|slp
|
|turn|56
|choice|*move 2|*
|c|★*<Rυmia|Shikitita dime pk
|c|★*<Rυmia|https:\/\/www.youtube.com\/watch?v=p4QqMKe3rwY
|choice|*|*move 2
|choice|move thunderbolt|move calmmind
|
|move|p1a: Rotom|Thunderbolt|p2a: Slowking
|-supereffective|p2a: Slowking
|-damage|p2a: Slowking|278\/394 slp
|cant|p2a: Slowking|slp
|
|turn|57
|choice|*|*move 2
|choice|*move 1|*
|choice|move voltswitch|move calmmind
|
|move|p1a: Rotom|Volt Switch|p2a: Slowking
|-supereffective|p2a: Slowking
|-damage|p2a: Slowking|180\/394 slp
|choice|*switch 2|*
|choice|switch 2|
|
|switch|p1a: Seismitoad|Seismitoad, M|413\/413
|-curestatus|p2a: Slowking|slp|[msg]
|move|p2a: Slowking|Calm Mind|p2a: Slowking
|-boost|p2a: Slowking|spa|1
|-boost|p2a: Slowking|spd|1
|
|turn|58
|choice|*|*move 4
|choice|*move 3|*
|choice|move knockoff|move rest
|
|move|p1a: Seismitoad|Knock Off|p2a: Slowking
|-supereffective|p2a: Slowking
|-damage|p2a: Slowking|104\/394
|move|p2a: Slowking|Rest|p2a: Slowking
|-status|p2a: Slowking|slp
|-heal|p2a: Slowking|394\/394 slp|[silent]
|-status|p2a: Slowking|slp|[from] move: Rest
|
|turn|59
|choice|*switch 2|*
|choice|*|*move 2
|choice|switch 2|move calmmind
|
|switch|p1a: Rotom|Rotom-Mow|87\/241
|cant|p2a: Slowking|slp
|
|turn|60
|choice|*move 2|*
|choice|*|*move 2
|choice|move thunderbolt|move calmmind
|
|move|p1a: Rotom|Thunderbolt|p2a: Slowking
|-supereffective|p2a: Slowking
|-damage|p2a: Slowking|292\/394 slp
|cant|p2a: Slowking|slp
|
|turn|61
|choice|*|*move 2
|c|★AS Nakamura♥|yo busco el crit
|choice|*move 1|*
|choice|move voltswitch|move calmmind
|
|move|p1a: Rotom|Volt Switch|p2a: Slowking
|-supereffective|p2a: Slowking
|-damage|p2a: Slowking|212\/394 slp
|choice|*switch 2|*
|choice|switch 2|
|
|switch|p1a: Seismitoad|Seismitoad, M|413\/413
|-curestatus|p2a: Slowking|slp|[msg]
|move|p2a: Slowking|Calm Mind|p2a: Slowking
|-boost|p2a: Slowking|spa|1
|-boost|p2a: Slowking|spd|1
|
|turn|62
|choice|*move 2|*
|choice|*|*move 1
|choice|move toxic|move block
|
|move|p1a: Seismitoad|Toxic|p2a: Slowking
|-status|p2a: Slowking|tox
|move|p2a: Slowking|Block|p1a: Seismitoad
|-activate|p1a: Seismitoad|trapped
|
|-damage|p2a: Slowking|188\/394 tox|[from] psn
|turn|63
|choice|*|*move 4
|j|Sabro Sugoi
|c|★AS Nakamura♥|Puta que wea
|c|★AS Nakamura♥|hago con mi life
|choice|*move 4|*
|choice|move substitute|move rest
|
|move|p1a: Seismitoad|Substitute|p1a: Seismitoad
|-start|p1a: Seismitoad|Substitute
|-damage|p1a: Seismitoad|310\/413
|move|p2a: Slowking|Rest|p2a: Slowking
|-status|p2a: Slowking|slp
|-heal|p2a: Slowking|394\/394 slp|[silent]
|-status|p2a: Slowking|slp|[from] move: Rest
|
|-heal|p1a: Seismitoad|335\/413|[from] item: Leftovers
|turn|64
|choice|*move 3|*
|c| Sabro Sugoi|Suicidarte
|c| Sabro Sugoi|:u
|choice|*|*move 2
|choice|move knockoff|move calmmind
|
|move|p1a: Seismitoad|Knock Off|p2a: Slowking
|-supereffective|p2a: Slowking
|-damage|p2a: Slowking|314\/394 slp
|cant|p2a: Slowking|slp
|
|-heal|p1a: Seismitoad|360\/413|[from] item: Leftovers
|turn|65
|choice|*move 3|*
|choice|*|*move 2
|choice|move knockoff|move calmmind
|
|move|p1a: Seismitoad|Knock Off|p2a: Slowking
|-supereffective|p2a: Slowking
|-damage|p2a: Slowking|238\/394 slp
|cant|p2a: Slowking|slp
|
|-heal|p1a: Seismitoad|385\/413|[from] item: Leftovers
|turn|66
|c|★AS Nakamura♥|se va venir el crit
|c|★AS Nakamura♥|fijo
|choice|*|*move 2
|choice|*move 3|*
|choice|move knockoff|move calmmind
|
|move|p1a: Seismitoad|Knock Off|p2a: Slowking
|-supereffective|p2a: Slowking
|-damage|p2a: Slowking|152\/394 slp
|-curestatus|p2a: Slowking|slp|[msg]
|move|p2a: Slowking|Calm Mind|p2a: Slowking
|-boost|p2a: Slowking|spa|1
|-boost|p2a: Slowking|spd|1
|
|-heal|p1a: Seismitoad|410\/413|[from] item: Leftovers
|turn|67
|choice|*move 3|*
|choice|*|*move 4
|choice|move knockoff|move rest
|
|move|p1a: Seismitoad|Knock Off|p2a: Slowking
|-supereffective|p2a: Slowking
|-damage|p2a: Slowking|72\/394
|move|p2a: Slowking|Rest|p2a: Slowking
|-status|p2a: Slowking|slp
|-heal|p2a: Slowking|394\/394 slp|[silent]
|-status|p2a: Slowking|slp|[from] move: Rest
|
|-heal|p1a: Seismitoad|413\/413|[from] item: Leftovers
|turn|68
|c|★AS Nakamura♥|EL CRIT
|c|★*<Rυmia|No ph q quiero ganar
|choice|*move 3|*
|c|★*<Rυmia|sadx
|choice|*|*move 2
|choice|move knockoff|move calmmind
|
|move|p1a: Seismitoad|Knock Off|p2a: Slowking
|-supereffective|p2a: Slowking
|-damage|p2a: Slowking|320\/394 slp
|cant|p2a: Slowking|slp
|
|turn|69
|choice|*move 3|*
|c| Sabro Sugoi|ste men
|choice|*|*move 2
|choice|move knockoff|move calmmind
|
|move|p1a: Seismitoad|Knock Off|p2a: Slowking
|-supereffective|p2a: Slowking
|-damage|p2a: Slowking|240\/394 slp
|cant|p2a: Slowking|slp
|
|turn|70
|choice|*move 3|*
|c| Sabro Sugoi|no va a llegar el critic
|choice|*|*move 2
|choice|move knockoff|move calmmind
|
|move|p1a: Seismitoad|Knock Off|p2a: Slowking
|-supereffective|p2a: Slowking
|-damage|p2a: Slowking|160\/394 slp
|-curestatus|p2a: Slowking|slp|[msg]
|move|p2a: Slowking|Calm Mind|p2a: Slowking
|-boost|p2a: Slowking|spa|1
|-boost|p2a: Slowking|spd|1
|
|turn|71
|c| Sabro Sugoi|neveh in the laif
|choice|*|*move 4
|choice|*move 3|*
|choice|move knockoff|move rest
|
|move|p1a: Seismitoad|Knock Off|p2a: Slowking
|-supereffective|p2a: Slowking
|-damage|p2a: Slowking|76\/394
|move|p2a: Slowking|Rest|p2a: Slowking
|-status|p2a: Slowking|slp
|-heal|p2a: Slowking|394\/394 slp|[silent]
|-status|p2a: Slowking|slp|[from] move: Rest
|
|turn|72
|choice|*move 1|*
|choice|*|*move 2
|choice|move scald|move calmmind
|
|move|p1a: Seismitoad|Scald|p2a: Slowking
|-resisted|p2a: Slowking
|-damage|p2a: Slowking|385\/394 slp
|cant|p2a: Slowking|slp
|
|turn|73
|choice|*|*move 2
|choice|*undo|*
|choice|*move 3|*
|choice|move knockoff|move calmmind
|
|move|p1a: Seismitoad|Knock Off|p2a: Slowking
|-supereffective|p2a: Slowking
|-damage|p2a: Slowking|309\/394 slp
|cant|p2a: Slowking|slp
|
|turn|74
|choice|*|*move 2
|choice|*move 3|*
|choice|move knockoff|move calmmind
|
|move|p1a: Seismitoad|Knock Off|p2a: Slowking
|-supereffective|p2a: Slowking
|-damage|p2a: Slowking|233\/394 slp
|-curestatus|p2a: Slowking|slp|[msg]
|move|p2a: Slowking|Calm Mind|p2a: Slowking
|-boost|p2a: Slowking|spa|0
|-boost|p2a: Slowking|spd|0
|
|turn|75
|c|★*<Rυmia|Ayam te dansin kuin
|c| Sabro Sugoi|esta wea da pa rato :v
|choice|*move 2|*
|choice|*|*move 2
|choice|move toxic|move calmmind
|
|move|p1a: Seismitoad|Toxic|p2a: Slowking
|-status|p2a: Slowking|tox
|move|p2a: Slowking|Calm Mind|p2a: Slowking
|-boost|p2a: Slowking|spa|0
|-boost|p2a: Slowking|spd|0
|
|-damage|p2a: Slowking|209\/394 tox|[from] psn
|turn|76
|c|★*<Rυmia|ff
|c|★*<Rυmia|Is the way
|choice|*move 1|*
|choice|*|*move 2
|choice|move scald|move calmmind
|
|move|p1a: Seismitoad|Scald|p2a: Slowking
|-resisted|p2a: Slowking
|-damage|p2a: Slowking|200\/394 tox
|move|p2a: Slowking|Calm Mind|p2a: Slowking
|-boost|p2a: Slowking|spa|0
|-boost|p2a: Slowking|spd|0
|
|-damage|p2a: Slowking|152\/394 tox|[from] psn
|turn|77
|choice|*|*move 4
|choice|*move 1|*
|choice|move scald|move rest
|
|move|p1a: Seismitoad|Scald|p2a: Slowking
|-resisted|p2a: Slowking
|-damage|p2a: Slowking|143\/394 tox
|move|p2a: Slowking|Rest|p2a: Slowking
|-status|p2a: Slowking|slp
|-heal|p2a: Slowking|394\/394 slp|[silent]
|-status|p2a: Slowking|slp|[from] move: Rest
|
|turn|78
|choice|*move 1|*
|choice|*|*move 2
|choice|move scald|move calmmind
|
|move|p1a: Seismitoad|Scald|p2a: Slowking
|-resisted|p2a: Slowking
|-damage|p2a: Slowking|384\/394 slp
|cant|p2a: Slowking|slp
|
|turn|79
|choice|*undo|*
|choice|*move 3|*
|choice|*|*move 2
|choice|move knockoff|move calmmind
|
|move|p1a: Seismitoad|Knock Off|p2a: Slowking
|-supereffective|p2a: Slowking
|-damage|p2a: Slowking|296\/394 slp
|cant|p2a: Slowking|slp
|
|turn|80
|choice|*|*move 2
|choice|*move 3|*
|choice|move knockoff|move calmmind
|
|move|p1a: Seismitoad|Knock Off|p2a: Slowking
|-supereffective|p2a: Slowking
|-damage|p2a: Slowking|212\/394 slp
|-curestatus|p2a: Slowking|slp|[msg]
|move|p2a: Slowking|Calm Mind|p2a: Slowking
|-boost|p2a: Slowking|spa|0
|-boost|p2a: Slowking|spd|0
|
|turn|81
|c|★*<Rυmia|Yo tengo que guardar los scalds
|c|★*<Rυmia|Y gano
|choice|*|*move 2
|choice|*move 2|*
|choice|move toxic|move calmmind
|
|move|p1a: Seismitoad|Toxic|p2a: Slowking
|-status|p2a: Slowking|tox
|move|p2a: Slowking|Calm Mind|p2a: Slowking
|-boost|p2a: Slowking|spa|0
|-boost|p2a: Slowking|spd|0
|
|-damage|p2a: Slowking|188\/394 tox|[from] psn
|turn|82
|choice|*|*move 4
|choice|*move 1|*
|choice|move scald|move rest
|
|move|p1a: Seismitoad|Scald|p2a: Slowking
|-resisted|p2a: Slowking
|-damage|p2a: Slowking|179\/394 tox
|move|p2a: Slowking|Rest|p2a: Slowking
|-status|p2a: Slowking|slp
|-heal|p2a: Slowking|394\/394 slp|[silent]
|-status|p2a: Slowking|slp|[from] move: Rest
|
|turn|83
|choice|*move 3|*
|choice|*|*move 2
|choice|move knockoff|move calmmind
|
|move|p1a: Seismitoad|Knock Off|p2a: Slowking
|-supereffective|p2a: Slowking
|-damage|p2a: Slowking|312\/394 slp
|cant|p2a: Slowking|slp
|
|turn|84
|choice|*move 3|*
|choice|*|*move 2
|choice|move knockoff|move calmmind
|
|move|p1a: Seismitoad|Knock Off|p2a: Slowking
|-supereffective|p2a: Slowking
|-damage|p2a: Slowking|238\/394 slp
|cant|p2a: Slowking|slp
|
|turn|85
|choice|*|*move 2
|choice|*move 3|*
|choice|move knockoff|move calmmind
|
|move|p1a: Seismitoad|Knock Off|p2a: Slowking
|-supereffective|p2a: Slowking
|-damage|p2a: Slowking|152\/394 slp
|-curestatus|p2a: Slowking|slp|[msg]
|move|p2a: Slowking|Calm Mind|p2a: Slowking
|-boost|p2a: Slowking|spa|0
|-boost|p2a: Slowking|spd|0
|
|turn|86
|j|JuaninJuanHarry
|choice|*|*move 4
|choice|*move 2|*
|choice|move toxic|move rest
|
|move|p1a: Seismitoad|Toxic|p2a: Slowking
|-status|p2a: Slowking|tox
|move|p2a: Slowking|Rest|p2a: Slowking
|-status|p2a: Slowking|slp
|-heal|p2a: Slowking|394\/394 slp|[silent]
|-status|p2a: Slowking|slp|[from] move: Rest
|
|turn|87
|choice|*undo|*
|choice|*|*move 2
|choice|*move 4|*
|choice|move substitute|move calmmind
|
|move|p1a: Seismitoad|Substitute|p1a: Seismitoad
|-fail|p1a: Seismitoad|move: Substitute
|cant|p2a: Slowking|slp
|
|turn|88
|choice|*|*move 2
|c|★*<Rυmia|kden
|choice|*move 4|*
|choice|move substitute|move calmmind
|
|move|p1a: Seismitoad|Substitute|p1a: Seismitoad
|-fail|p1a: Seismitoad|move: Substitute
|cant|p2a: Slowking|slp
|
|turn|89
|choice|*move 3|*
|choice|*undo|*
|choice|*move 3|*
|choice|*|*move 2
|choice|move knockoff|move calmmind
|
|move|p1a: Seismitoad|Knock Off|p2a: Slowking
|-supereffective|p2a: Slowking
|-damage|p2a: Slowking|308\/394 slp
|-curestatus|p2a: Slowking|slp|[msg]
|move|p2a: Slowking|Calm Mind|p2a: Slowking
|-boost|p2a: Slowking|spa|0
|-boost|p2a: Slowking|spd|0
|
|turn|90
|c| Sabro Sugoi|to easy rmia
|choice|*move 2|*
|choice|*|*move 2
|choice|move toxic|move calmmind
|
|move|p1a: Seismitoad|Toxic|p2a: Slowking
|-status|p2a: Slowking|tox
|move|p2a: Slowking|Calm Mind|p2a: Slowking
|-boost|p2a: Slowking|spa|0
|-boost|p2a: Slowking|spd|0
|
|-damage|p2a: Slowking|284\/394 tox|[from] psn
|turn|91
|choice|*|*move 2
|c|★*<Rυmia|Pero si he ganado ni pega crit
|c|★*<Rυmia|xd
|choice|*move 3|*
|choice|move knockoff|move calmmind
|
|move|p1a: Seismitoad|Knock Off|p2a: Slowking
|-supereffective|p2a: Slowking
|-damage|p2a: Slowking|206\/394 tox
|move|p2a: Slowking|Calm Mind|p2a: Slowking
|-boost|p2a: Slowking|spa|0
|-boost|p2a: Slowking|spd|0
|
|-damage|p2a: Slowking|158\/394 tox|[from] psn
|turn|92
|choice|*|*move 4
|choice|*move 1|*
|choice|move scald|move rest
|
|move|p1a: Seismitoad|Scald|p2a: Slowking
|-resisted|p2a: Slowking
|-damage|p2a: Slowking|149\/394 tox
|move|p2a: Slowking|Rest|p2a: Slowking
|-status|p2a: Slowking|slp
|-heal|p2a: Slowking|394\/394 slp|[silent]
|-status|p2a: Slowking|slp|[from] move: Rest
|
|turn|93
|choice|*move 3|*
|choice|*undo|*
|choice|*move 3|*
|choice|*|*move 2
|choice|move knockoff|move calmmind
|
|move|p1a: Seismitoad|Knock Off|p2a: Slowking
|-supereffective|p2a: Slowking
|-damage|p2a: Slowking|306\/394 slp
|cant|p2a: Slowking|slp
|
|turn|94
|c|★AS Nakamura♥|Aun no ganas zorra
|c|★AS Nakamura♥|>:[
|l|AS Nakamura♥
|player|p1
|c|★*<Rυmia|hehe
|c| Sabro Sugoi|Ahora si :v
|c| MegaGengar 3_4_5|auch
|c| Sabro Sugoi|xdd
|c|★*<Rυmia|Timer
|c|★*<Rυmia|SKILL
|c| Sabro Sugoi|ACTIVED
|j|Neblina - ΑℱΚ
|l|Neblina - ΑℱΚ
|c|★*<Rυmia|si esta wea fuera Psyshock
|j|AS Nakamura♥
|player|p1|AS Nakamura♥|thedarkluffy.gif?eb061dc6
|choice|*|*move 2
|c| Sabro Sugoi|:v
|c|★*<Rυmia|ono
|choice|*move 3|*
|choice|move knockoff|move calmmind
|
|move|p1a: Seismitoad|Knock Off|p2a: Slowking
|-supereffective|p2a: Slowking
|-damage|p2a: Slowking|220\/394 slp
|cant|p2a: Slowking|slp
|
|turn|95
|c| Sabro Sugoi|El timer skill no te sirvio mank
|choice|*move 2|*
|c| MegaGengar 3_4_5|pero si te puso las specs
|c|★*<Rυmia|kyc
|choice|*undo|*
|choice|*|*move 2
|choice|*move 1|*
|choice|move scald|move calmmind
|
|move|p1a: Seismitoad|Scald|p2a: Slowking
|-resisted|p2a: Slowking
|-damage|p2a: Slowking|211\/394 slp
|-curestatus|p2a: Slowking|slp|[msg]
|move|p2a: Slowking|Calm Mind|p2a: Slowking
|-boost|p2a: Slowking|spa|0
|-boost|p2a: Slowking|spd|0
|
|turn|96
|choice|*move 2|*
|c| MegaGengar 3_4_5|porque carajos te las saco
|c| MegaGengar 3_4_5|.-.
|choice|*undo|*
|c|★*<Rυmia|Me puso las specs
|choice|*move 2|*
|c|★*<Rυmia|Y luego
|c|★*<Rυmia|La saco
|c|★*<Rυmia|xdd
|choice|*|*move 2
|choice|move toxic|move calmmind
|
|move|p1a: Seismitoad|Toxic|p2a: Slowking
|-status|p2a: Slowking|tox
|move|p2a: Slowking|Calm Mind|p2a: Slowking
|-boost|p2a: Slowking|spa|0
|-boost|p2a: Slowking|spd|0
|
|-damage|p2a: Slowking|187\/394 tox|[from] psn
|turn|97
|c| MegaGengar 3_4_5|.-.
|c|★AS Nakamura♥|misclik
|c|★AS Nakamura♥|o mas bien choke
|choice|*|*move 4
|c|★AS Nakamura♥|del momento xd
|choice|*move 1|*
|choice|move scald|move rest
|
|move|p1a: Seismitoad|Scald|p2a: Slowking
|-resisted|p2a: Slowking
|-damage|p2a: Slowking|178\/394 tox
|move|p2a: Slowking|Rest|p2a: Slowking
|-status|p2a: Slowking|slp
|-heal|p2a: Slowking|394\/394 slp|[silent]
|-status|p2a: Slowking|slp|[from] move: Rest
|
|turn|98
|choice|*move 3|*
|choice|*|*move 2
|choice|move knockoff|move calmmind
|
|move|p1a: Seismitoad|Knock Off|p2a: Slowking
|-supereffective|p2a: Slowking
|-damage|p2a: Slowking|312\/394 slp
|cant|p2a: Slowking|slp
|
|turn|99
|choice|*undo|*
|choice|*undo|*
|choice|*|*move 2
|choice|*move 3|*
|choice|move knockoff|move calmmind
|
|move|p1a: Seismitoad|Knock Off|p2a: Slowking
|-supereffective|p2a: Slowking
|-damage|p2a: Slowking|226\/394 slp
|cant|p2a: Slowking|slp
|
|turn|100
|c|★AS Nakamura♥|tu no plenas meter critico cierto ?
|choice|*move 3|*
|c| Sabro Sugoi|pls ya nakamura
|c| Sabro Sugoi|no la tires
|c|★*<Rυmia|q no te das cuenta
|c|★*<Rυmia|de k soy
|c|$Coverride|necesitas como 3 critics seguidos
|c|★*<Rυmia|!dt Slowbromega
|c|~|\/data-pokemon Slowbro-Mega
|raw|<font size="1"><font color=#585858>Dex#:<\/font> 80&nbsp;|&ThickSpace;<font color=#585858>Gen:<\/font> 6&nbsp;|&ThickSpace;<font color=#585858>Altura:<\/font> 2 m&nbsp;|&ThickSpace;<font color=#585858>Peso:<\/font> 120 kg <em>(100 BP)<\/em>&nbsp;|&ThickSpace;<font color=#585858>Color:<\/font> Pink&nbsp;|&ThickSpace;<font color=#585858>Familia:<\/font> Monster, Water 1&nbsp;|&ThickSpace;<font color=#585858><font color=#585858>No Evoluciona<\/font><\/font><\/font>
|c|★*<Rυmia|Shell Armor?
|choice|*|*move 2
|choice|move knockoff|move calmmind
|
|move|p1a: Seismitoad|Knock Off|p2a: Slowking
|-supereffective|p2a: Slowking
|-damage|p2a: Slowking|146\/394 slp
|-curestatus|p2a: Slowking|slp|[msg]
|move|p2a: Slowking|Calm Mind|p2a: Slowking
|-boost|p2a: Slowking|spa|0
|-boost|p2a: Slowking|spd|0
|
|turn|101
|c| Sabro Sugoi|manco
|choice|*|*move 4
|c| Sabro Sugoi|No tiene shell armor
|c|★*<Rυmia|Ahora pega crit
|c| Sabro Sugoi|slow
|c| Sabro Sugoi|:v
|c|$Coverride|Gracias einstein
|choice|*move 2|*
|choice|move toxic|move rest
|
|move|p1a: Seismitoad|Toxic|p2a: Slowking
|-status|p2a: Slowking|tox
|move|p2a: Slowking|Rest|p2a: Slowking
|-status|p2a: Slowking|slp
|-heal|p2a: Slowking|394\/394 slp|[silent]
|-status|p2a: Slowking|slp|[from] move: Rest
|
|turn|102
|c|★*<Rυmia|Sabro Sugoi
|c| Sabro Sugoi|pls
|c|★*<Rυmia|Eres estúpido?
|c| Sabro Sugoi|to easy 4 me
|choice|*move 3|*
|choice|*|*move 2
|choice|move knockoff|move calmmind
|
|move|p1a: Seismitoad|Knock Off|p2a: Slowking
|-supereffective|p2a: Slowking
|-damage|p2a: Slowking|320\/394 slp
|cant|p2a: Slowking|slp
|
|turn|103
|c| Sabro Sugoi|Probablemente
|choice|*|*move 2
|choice|*move 3|*
|choice|move knockoff|move calmmind
|
|move|p1a: Seismitoad|Knock Off|p2a: Slowking
|-supereffective|p2a: Slowking
|-damage|p2a: Slowking|236\/394 slp
|cant|p2a: Slowking|slp
|
|turn|104
|c| Sabro Sugoi|Pero eso no quiere decir que vas a chokear
|choice|*move 1|*
|choice|*|*move 2
|choice|move scald|move calmmind
|
|move|p1a: Seismitoad|Scald|p2a: Slowking
|-resisted|p2a: Slowking
|-damage|p2a: Slowking|227\/394 slp
|-curestatus|p2a: Slowking|slp|[msg]
|move|p2a: Slowking|Calm Mind|p2a: Slowking
|-boost|p2a: Slowking|spa|0
|-boost|p2a: Slowking|spd|0
|
|turn|105
|c| Sabro Sugoi|Tanto como agosto en las wars
|choice|*|*move 2
|choice|*move 2|*
|choice|move toxic|move calmmind
|
|move|p1a: Seismitoad|Toxic|p2a: Slowking
|-status|p2a: Slowking|tox
|move|p2a: Slowking|Calm Mind|p2a: Slowking
|-boost|p2a: Slowking|spa|0
|-boost|p2a: Slowking|spd|0
|
|-damage|p2a: Slowking|203\/394 tox|[from] psn
|turn|106
|choice|*move 4|*
|choice|*|*move 2
|choice|move substitute|move calmmind
|
|move|p1a: Seismitoad|Substitute|p1a: Seismitoad
|-fail|p1a: Seismitoad|move: Substitute
|move|p2a: Slowking|Calm Mind|p2a: Slowking
|-boost|p2a: Slowking|spa|0
|-boost|p2a: Slowking|spd|0
|
|-damage|p2a: Slowking|155\/394 tox|[from] psn
|turn|107
|choice|*|*move 4
|choice|*move 3|*
|choice|move knockoff|move rest
|
|move|p1a: Seismitoad|Knock Off|p2a: Slowking
|-supereffective|p2a: Slowking
|-damage|p2a: Slowking|67\/394 tox
|move|p2a: Slowking|Rest|p2a: Slowking
|-status|p2a: Slowking|slp
|-heal|p2a: Slowking|394\/394 slp|[silent]
|-status|p2a: Slowking|slp|[from] move: Rest
|
|turn|108
|choice|*undo|*
|choice|*|*move 2
|c|★AS Nakamura♥|Loco
|c|★AS Nakamura♥|creo que si hace desarme ganaba
|choice|*move 1|*
|choice|move scald|move calmmind
|
|move|p1a: Seismitoad|Scald|p2a: Slowking
|-resisted|p2a: Slowking
|-damage|p2a: Slowking|385\/394 slp
|cant|p2a: Slowking|slp
|
|turn|109
|choice|*|*move 2
|choice|*move 3|*
|choice|move knockoff|move calmmind
|
|move|p1a: Seismitoad|Knock Off|p2a: Slowking
|-supereffective|p2a: Slowking
|-damage|p2a: Slowking|305\/394 slp
|cant|p2a: Slowking|slp
|
|turn|110
|choice|*move 4|*
|choice|*|*move 2
|choice|move substitute|move calmmind
|
|move|p1a: Seismitoad|Substitute|p1a: Seismitoad
|-fail|p1a: Seismitoad|move: Substitute
|-curestatus|p2a: Slowking|slp|[msg]
|move|p2a: Slowking|Calm Mind|p2a: Slowking
|-boost|p2a: Slowking|spa|0
|-boost|p2a: Slowking|spd|0
|
|turn|111
|choice|*move 2|*
|choice|*|*move 2
|choice|move toxic|move calmmind
|
|move|p1a: Seismitoad|Toxic|p2a: Slowking
|-status|p2a: Slowking|tox
|move|p2a: Slowking|Calm Mind|p2a: Slowking
|-boost|p2a: Slowking|spa|0
|-boost|p2a: Slowking|spd|0
|
|-damage|p2a: Slowking|281\/394 tox|[from] psn
|turn|112
|choice|*|*move 2
|choice|*move 4|*
|choice|move substitute|move calmmind
|
|move|p1a: Seismitoad|Substitute|p1a: Seismitoad
|-fail|p1a: Seismitoad|move: Substitute
|move|p2a: Slowking|Calm Mind|p2a: Slowking
|-boost|p2a: Slowking|spa|0
|-boost|p2a: Slowking|spd|0
|
|-damage|p2a: Slowking|233\/394 tox|[from] psn
|turn|113
|c| Sabro Sugoi|:v
|choice|*move 4|*
|choice|*|*move 2
|choice|move substitute|move calmmind
|
|move|p1a: Seismitoad|Substitute|p1a: Seismitoad
|-fail|p1a: Seismitoad|move: Substitute
|move|p2a: Slowking|Calm Mind|p2a: Slowking
|-boost|p2a: Slowking|spa|0
|-boost|p2a: Slowking|spd|0
|
|-damage|p2a: Slowking|161\/394 tox|[from] psn
|turn|114
|choice|*move 4|*
|choice|*|*move 2
|choice|move substitute|move calmmind
|
|move|p1a: Seismitoad|Substitute|p1a: Seismitoad
|-fail|p1a: Seismitoad|move: Substitute
|move|p2a: Slowking|Calm Mind|p2a: Slowking
|-boost|p2a: Slowking|spa|0
|-boost|p2a: Slowking|spd|0
|
|-damage|p2a: Slowking|65\/394 tox|[from] psn
|turn|115
|c| Sabro Sugoi|3 rest's papuj
|choice|*move 1|*
|choice|*|*move 4
|choice|move scald|move rest
|
|move|p1a: Seismitoad|Scald|p2a: Slowking
|-resisted|p2a: Slowking
|-damage|p2a: Slowking|56\/394 tox
|move|p2a: Slowking|Rest|p2a: Slowking
|-status|p2a: Slowking|slp
|-heal|p2a: Slowking|394\/394 slp|[silent]
|-status|p2a: Slowking|slp|[from] move: Rest
|
|turn|116
|choice|*move 1|*
|choice|*undo|*
|choice|*move 1|*
|choice|*|*move 2
|choice|move scald|move calmmind
|
|move|p1a: Seismitoad|Scald|p2a: Slowking
|-resisted|p2a: Slowking
|-damage|p2a: Slowking|385\/394 slp
|cant|p2a: Slowking|slp
|
|turn|117
|choice|*|*move 2
|choice|*move 4|*
|choice|move substitute|move calmmind
|
|move|p1a: Seismitoad|Substitute|p1a: Seismitoad
|-fail|p1a: Seismitoad|move: Substitute
|cant|p2a: Slowking|slp
|
|turn|118
|choice|*move 4|*
|choice|*|*move 2
|choice|move substitute|move calmmind
|
|move|p1a: Seismitoad|Substitute|p1a: Seismitoad
|-fail|p1a: Seismitoad|move: Substitute
|-curestatus|p2a: Slowking|slp|[msg]
|move|p2a: Slowking|Calm Mind|p2a: Slowking
|-boost|p2a: Slowking|spa|0
|-boost|p2a: Slowking|spd|0
|
|turn|119
|choice|*|*move 2
|choice|*move 2|*
|choice|move toxic|move calmmind
|
|move|p1a: Seismitoad|Toxic|p2a: Slowking
|-status|p2a: Slowking|tox
|move|p2a: Slowking|Calm Mind|p2a: Slowking
|-boost|p2a: Slowking|spa|0
|-boost|p2a: Slowking|spd|0
|
|-damage|p2a: Slowking|361\/394 tox|[from] psn
|turn|120
|c| Sabro Sugoi|haru mank
|choice|*move 4|*
|choice|*|*move 1
|choice|move substitute|move block
|
|move|p1a: Seismitoad|Substitute|p1a: Seismitoad
|-fail|p1a: Seismitoad|move: Substitute
|move|p2a: Slowking|Block|p1a: Seismitoad
|-fail|p1a: Seismitoad
|
|-damage|p2a: Slowking|313\/394 tox|[from] psn
|turn|121
|choice|*move 2|*
|choice|*|*move 1
|choice|move toxic|move block
|
|move|p1a: Seismitoad|Toxic|p2a: Slowking
|-fail|p2a: Slowking|tox
|move|p2a: Slowking|Block|p1a: Seismitoad
|-fail|p1a: Seismitoad
|
|-damage|p2a: Slowking|241\/394 tox|[from] psn
|turn|122
|choice|*move 1|*
|choice|*|*move 1
|choice|move scald|move block
|
|move|p1a: Seismitoad|Scald|p2a: Slowking
|-resisted|p2a: Slowking
|-crit|p2a: Slowking
|-damage|p2a: Slowking|187\/394 tox
|move|p2a: Slowking|Block|p1a: Seismitoad
|-fail|p1a: Seismitoad
|
|-damage|p2a: Slowking|91\/394 tox|[from] psn
|turn|123
|choice|*|*move 4
|choice|*move 1|*
|choice|move scald|move rest
|
|move|p1a: Seismitoad|Scald|p2a: Slowking
|-resisted|p2a: Slowking
|-damage|p2a: Slowking|83\/394 tox
|move|p2a: Slowking|Rest|p2a: Slowking
|-status|p2a: Slowking|slp
|-heal|p2a: Slowking|394\/394 slp|[silent]
|-status|p2a: Slowking|slp|[from] move: Rest
|
|turn|124
|choice|*move 1|*
|c| Sabro Sugoi|ahora si llega el critic xd
|choice|*|*move 2
|choice|move scald|move calmmind
|
|move|p1a: Seismitoad|Scald|p2a: Slowking
|-resisted|p2a: Slowking
|-damage|p2a: Slowking|385\/394 slp
|cant|p2a: Slowking|slp
|
|turn|125
|c|★AS Nakamura♥|a la hora
|c| Sabro Sugoi|xddd
|choice|*move 1|*
|c| Sabro Sugoi|rmia es to easy
|choice|*|*move 2
|choice|move scald|move calmmind
|
|move|p1a: Seismitoad|Scald|p2a: Slowking
|-resisted|p2a: Slowking
|-damage|p2a: Slowking|376\/394 slp
|cant|p2a: Slowking|slp
|
|turn|126
|c|★*<Rυmia|Sabro Sugoi
|choice|*move 1|*
|c|★*<Rυmia|Quien fue a hablar
|c|★*<Rυmia|LOL
|choice|*|*move 2
|choice|move scald|move calmmind
|
|move|p1a: Seismitoad|Scald|p2a: Slowking
|-resisted|p2a: Slowking
|-damage|p2a: Slowking|367\/394 slp
|-curestatus|p2a: Slowking|slp|[msg]
|move|p2a: Slowking|Calm Mind|p2a: Slowking
|-boost|p2a: Slowking|spa|0
|-boost|p2a: Slowking|spd|0
|
|turn|127
|choice|*move 2|*
|c| Sabro Sugoi|Si yo soy bien proh :V
|choice|*|*move 1
|choice|move toxic|move block
|
|move|p1a: Seismitoad|Toxic|p2a: Slowking
|-status|p2a: Slowking|tox
|move|p2a: Slowking|Block|p1a: Seismitoad
|-fail|p1a: Seismitoad
|
|-damage|p2a: Slowking|343\/394 tox|[from] psn
|turn|128
|choice|*move 1|*
|choice|*|*move 1
|choice|move scald|move block
|
|move|p1a: Seismitoad|Scald|p2a: Slowking
|-resisted|p2a: Slowking
|-damage|p2a: Slowking|334\/394 tox
|move|p2a: Slowking|Block|p1a: Seismitoad
|-fail|p1a: Seismitoad
|
|-damage|p2a: Slowking|286\/394 tox|[from] psn
|turn|129
|c| Sabro Sugoi|Le gano hasta a slayer con sus trampas :v
|choice|*move 1|*
|choice|*|*move 1
|choice|move scald|move block
|
|move|p1a: Seismitoad|Scald|p2a: Slowking
|-resisted|p2a: Slowking
|-damage|p2a: Slowking|276\/394 tox
|move|p2a: Slowking|Block|p1a: Seismitoad
|-fail|p1a: Seismitoad
|
|-damage|p2a: Slowking|204\/394 tox|[from] psn
|turn|130
|choice|*move 1|*
|choice|*|*move 2
|choice|move scald|move calmmind
|
|move|p1a: Seismitoad|Scald|p2a: Slowking
|-resisted|p2a: Slowking
|-damage|p2a: Slowking|196\/394 tox
|move|p2a: Slowking|Calm Mind|p2a: Slowking
|-boost|p2a: Slowking|spa|0
|-boost|p2a: Slowking|spd|0
|
|-damage|p2a: Slowking|100\/394 tox|[from] psn
|turn|131
|choice|*move 1|*
|choice|*undo|*
|choice|*|*move 4
|choice|*move 1|*
|choice|move scald|move rest
|
|move|p1a: Seismitoad|Scald|p2a: Slowking
|-resisted|p2a: Slowking
|-crit|p2a: Slowking
|-damage|p2a: Slowking|52\/394 tox
|move|p2a: Slowking|Rest|p2a: Slowking
|-status|p2a: Slowking|slp
|-heal|p2a: Slowking|394\/394 slp|[silent]
|-status|p2a: Slowking|slp|[from] move: Rest
|
|turn|132
|choice|*|*move 2
|choice|*move 1|*
|choice|move scald|move calmmind
|
|move|p1a: Seismitoad|Scald|p2a: Slowking
|-resisted|p2a: Slowking
|-damage|p2a: Slowking|385\/394 slp
|cant|p2a: Slowking|slp
|
|turn|133
|choice|*move 2|*
|c| Sabro Sugoi|lol
|choice|*|*move 2
|choice|move toxic|move calmmind
|
|move|p1a: Seismitoad|Toxic|p2a: Slowking
|-fail|p2a: Slowking
|cant|p2a: Slowking|slp
|
|turn|134
|c| Sabro Sugoi|gano slow
|choice|*move 1|*
|c| Sabro Sugoi|:v
|choice|*|*move 2
|choice|move struggle|move calmmind
|
|-activate|p1a: Seismitoad|move: Struggle
|move|p1a: Seismitoad|Struggle|p2a: Slowking
|-damage|p2a: Slowking|357\/394 slp
|-damage|p1a: Seismitoad|310\/413|[from] recoil
|-curestatus|p2a: Slowking|slp|[msg]
|move|p2a: Slowking|Calm Mind|p2a: Slowking
|-boost|p2a: Slowking|spa|0
|-boost|p2a: Slowking|spd|0
|
|-heal|p1a: Seismitoad|335\/413|[from] item: Leftovers
|turn|135
|choice|*move 1|*
|c|★*<Rυmia|No
|c|★*<Rυmia|LOL
|c|★*<Rυmia|Se me acabo todo
|c| JuaninJuanHarry|lol
|c|★*<Rυmia|Queda scald
|choice|*|*move 3
|choice|move struggle|move scald
|
|-activate|p1a: Seismitoad|move: Struggle
|move|p1a: Seismitoad|Struggle|p2a: Slowking
|-damage|p2a: Slowking|326\/394
|-damage|p1a: Seismitoad|232\/413|[from] recoil
|move|p2a: Slowking|Scald|p1a: Seismitoad
|-heal|p1a: Seismitoad|335\/413|[from] ability: Water Absorb|[of] p2a: Slowking
|
|-heal|p1a: Seismitoad|360\/413|[from] item: Leftovers
|turn|136
|c|★AS Nakamura♥|ajjajajajajaj
|choice|*move 1|*
|c| Sabro Sugoi|;u
|choice|*|*move 3
|choice|move struggle|move scald
|
|-activate|p1a: Seismitoad|move: Struggle
|move|p1a: Seismitoad|Struggle|p2a: Slowking
|-crit|p2a: Slowking
|-damage|p2a: Slowking|280\/394
|-damage|p1a: Seismitoad|257\/413|[from] recoil
|move|p2a: Slowking|Scald|p1a: Seismitoad
|-heal|p1a: Seismitoad|360\/413|[from] ability: Water Absorb|[of] p2a: Slowking
|
|-heal|p1a: Seismitoad|385\/413|[from] item: Leftovers
|turn|137
|c|★AS Nakamura♥|puta manca
|c| Sabro Sugoi|se me olvido eso xd
|c|★*<Rυmia|Puta la wea
|c|★*<Rυmia|ql
|c|★AS Nakamura♥|que sos haru
|choice|*|*move 3
|choice|*move 1|*
|choice|move struggle|move scald
|
|-activate|p1a: Seismitoad|move: Struggle
|move|p1a: Seismitoad|Struggle|p2a: Slowking
|-damage|p2a: Slowking|247\/394
|-damage|p1a: Seismitoad|282\/413|[from] recoil
|move|p2a: Slowking|Scald|p1a: Seismitoad
|-heal|p1a: Seismitoad|385\/413|[from] ability: Water Absorb|[of] p2a: Slowking
|
|-heal|p1a: Seismitoad|410\/413|[from] item: Leftovers
|turn|138
|choice|*move 1|*
|c|$Coverride|eres malisima
|c|★*<Rυmia|Pero
|c| MegaGengar 3_4_5|y esas skills?
|c| Sabro Sugoi|Jaru la china :v
|c|★*<Rυmia|Si te haz puesto nervioso y todo
|choice|*|*move 3
|choice|move struggle|move scald
|
|-activate|p1a: Seismitoad|move: Struggle
|move|p1a: Seismitoad|Struggle|p2a: Slowking
|-damage|p2a: Slowking|214\/394
|-damage|p1a: Seismitoad|307\/413|[from] recoil
|move|p2a: Slowking|Scald|p1a: Seismitoad
|-heal|p1a: Seismitoad|410\/413|[from] ability: Water Absorb|[of] p2a: Slowking
|
|-heal|p1a: Seismitoad|413\/413|[from] item: Leftovers
|turn|139
|choice|*|*move 3
|c|★AS Nakamura♥|en verdad
|c|★AS Nakamura♥|solo queria darte ilusion
|c|★*<Rυmia|Si hubiese tenido mejor match
|c|★*<Rυmia|JAJA
|c|★*<Rυmia|sure
|c|★AS Nakamura♥|jajajjaa
|c|★AS Nakamura♥|en verdad
|c| Sabro Sugoi|Si era psyshock era easy
|c|★AS Nakamura♥|si no hubiera chokeado
|c|★AS Nakamura♥|ganaba mas facil
|j|Mandibuladel5555
|choice|*move 1|*
|choice|move struggle|move scald
|
|-activate|p1a: Seismitoad|move: Struggle
|move|p1a: Seismitoad|Struggle|p2a: Slowking
|-damage|p2a: Slowking|183\/394
|-damage|p1a: Seismitoad|310\/413|[from] recoil
|move|p2a: Slowking|Scald|p1a: Seismitoad
|-heal|p1a: Seismitoad|413\/413|[from] ability: Water Absorb|[of] p2a: Slowking
|
|turn|140
|choice|*move 1|*
|choice|*|*move 3
|choice|move struggle|move scald
|
|-activate|p1a: Seismitoad|move: Struggle
|move|p1a: Seismitoad|Struggle|p2a: Slowking
|-damage|p2a: Slowking|151\/394
|-damage|p1a: Seismitoad|310\/413|[from] recoil
|move|p2a: Slowking|Scald|p1a: Seismitoad
|-heal|p1a: Seismitoad|413\/413|[from] ability: Water Absorb|[of] p2a: Slowking
|
|turn|141
|choice|*|*move 3
|choice|*|*undo
|choice|*move 1|*
|choice|*|*move 3
|choice|move struggle|move scald
|
|-activate|p1a: Seismitoad|move: Struggle
|move|p1a: Seismitoad|Struggle|p2a: Slowking
|-damage|p2a: Slowking|123\/394
|-damage|p1a: Seismitoad|310\/413|[from] recoil
|move|p2a: Slowking|Scald|p1a: Seismitoad
|-heal|p1a: Seismitoad|413\/413|[from] ability: Water Absorb|[of] p2a: Slowking
|
|turn|142
|choice|*|*move 3
|c| Sabro Sugoi|nakamura wn da surrender :v
|choice|*move 1|*
|choice|move struggle|move scald
|
|-activate|p1a: Seismitoad|move: Struggle
|move|p1a: Seismitoad|Struggle|p2a: Slowking
|-damage|p2a: Slowking|94\/394
|-damage|p1a: Seismitoad|310\/413|[from] recoil
|move|p2a: Slowking|Scald|p1a: Seismitoad
|-heal|p1a: Seismitoad|413\/413|[from] ability: Water Absorb|[of] p2a: Slowking
|
|html|<div class="broadcast-red">Seismitoad is in an endless loop: it isn't losing HP from Struggle.<br \/>If all active Pok&eacute;mon go in an endless loop, Endless Battle Clause will activate.<\/div>
|turn|143
|l|Coverride
|choice|*move 1|*
|c|★AS Nakamura♥|LOL
|c|★AS Nakamura♥|JAJAJAJAJJA
|c|★*<Rυmia|LOL
|choice|*|*move 3
|choice|move struggle|move scald
|
|-activate|p1a: Seismitoad|move: Struggle
|move|p1a: Seismitoad|Struggle|p2a: Slowking
|-damage|p2a: Slowking|65\/394
|-damage|p1a: Seismitoad|310\/413|[from] recoil
|move|p2a: Slowking|Scald|p1a: Seismitoad
|-heal|p1a: Seismitoad|413\/413|[from] ability: Water Absorb|[of] p2a: Slowking
|
|turn|144
|c| Sabro Sugoi|khe
|choice|*move 1|*
|choice|*|*move 3
|choice|move struggle|move scald
|
|-activate|p1a: Seismitoad|move: Struggle
|move|p1a: Seismitoad|Struggle|p2a: Slowking
|-damage|p2a: Slowking|32\/394
|-damage|p1a: Seismitoad|310\/413|[from] recoil
|move|p2a: Slowking|Scald|p1a: Seismitoad
|-heal|p1a: Seismitoad|413\/413|[from] ability: Water Absorb|[of] p2a: Slowking
|
|turn|145
|choice|*|*move 3
|c| Sabro Sugoi|que eso eso alv
|choice|*move 1|*
|choice|move struggle|move scald
|
|-activate|p1a: Seismitoad|move: Struggle
|move|p1a: Seismitoad|Struggle|p2a: Slowking
|-damage|p2a: Slowking|0 fnt
|-damage|p1a: Seismitoad|310\/413|[from] recoil
|faint|p2a: Slowking
|
|-heal|p1a: Seismitoad|335\/413|[from] item: Leftovers
|c| MegaGengar 3_4_5|.-.
|choice|*|*switch 2
|choice||switch 2
|
|switch|p2a: Flygon|Flygon, F|45\/301
|-damage|p2a: Flygon|27\/301|[from] Stealth Rock
|turn|146
|choice|*|*move 1
|choice|*move 1|*
|choice|move struggle|move earthquake
|
|move|p2a: Flygon|Earthquake|p1a: Seismitoad
|-end|p1a: Seismitoad|Substitute
|-activate|p1a: Seismitoad|move: Struggle
|move|p1a: Seismitoad|Struggle|p2a: Flygon
|-damage|p2a: Flygon|0 fnt
|-damage|p1a: Seismitoad|232\/413|[from] recoil
|faint|p2a: Flygon
|
|win|AS Nakamura♥
|player|p1
|player|p2
|c|★*<Rυmia|Battle culia
|c|★*<Rυmia|buena
|c|★*<Rυmia|xD
|c| MegaGengar 3_4_5|esto decian las leyendas de pandora
|c| MegaGengar 3_4_5|(?)
|c|★AS Nakamura♥|si weon
|c|★AS Nakamura♥|xD
|l|*<Rυmia</script>
</div>
<div class="battle-log battle-log-inline"><div class="inner"><div class="battle-options"></div><div class="inner"><div class="chat"><small>AS Nakamura♥ joined.</small></div><div class="chat"><small>*&lt;Rυmia joined.</small></div><div class=""><small>Format:</small> <br><strong>RU</strong></div><div class=""><small><em>Cláusula-Mod de Dormir:</em> solo puedes dormir a uno de tus oponentes a la vez.</small></div><div class=""><small><em>Cláusula de Especie:</em> Hasta un Pokémon de cada especie</small></div><div class=""><small><em>Cláusula de Golpe Fulminante:</em> los movimientos fulminantes (OHKO) estan prohibidos</small></div><div class=""><small><em>Cláusula de Moody:</em> la habilidad Moody está prohibida</small></div><div class=""><small><em>Cláusula de Movimientos Evasivos:</em> los movimientos de evasion estan prohibidos</small></div><div class=""><small><em>Cláusula de Batallas Eternas:</em> forzar batallas eternas está prohibido</small></div><div class=""><small><em>Modo de Porcentaje de HP:</em> el HP es mostrado en porcentaje</small></div><div class=""><small><em>Cláusula de Swagger:</em> se prohibe el uso de Swagger</small></div><div class=""><small><em>Cláusula de Baton Pass:</em> se prohíbe más de 1 Pokémon con Baton Pass, o transferir Velocidad junto a otros stats</small></div><div class="chat battle-history"><strong>AS Nakamura♥'s team:</strong> <em style="color:#445566;display:block;">Larvesta / Xatu / Diancie / Rotom-Mow / Drapion / Seismitoad</em></div><div class="chat battle-history"><strong>*&lt;Rυmia's team:</strong> <em style="color:#445566;display:block;">Audino / Slowking / Xatu / Registeel / Venusaur / Flygon</em></div><div class="chat chatmessage-asnakamura"><strong style="color:hsl(235,52%,63.56042994346666%)"><small>★</small><span class="username" data-name="AS Nakamura♥">AS Nakamura♥</span>:</strong> <em>gl</em></div><div class="chat"><small>Coverride joined.</small></div><div class="chat chatmessage-rmia"><strong style="color:hsl(109,45%,41%)"><small>★</small><span class="username" data-name="*<Rυmia">*&lt;Rυmia</span>:</strong> <em>=</em></div><div class="chat chatmessage-coverride"><strong style="color:hsl(241,71%,60.76834704645744%)"><small>$</small><span class="username" data-name="Coverride">Coverride</span>:</strong> <em>!dt larvesta</em></div><div class="chat message-error">[outdated code no longer supported]</div><div class="chat"><font size="1"><font color="#585858">Dex#:</font> 636&nbsp;|  <font color="#585858">Gen:</font> 5&nbsp;|  <font color="#585858">Altura:</font> 1.1 m&nbsp;|  <font color="#585858">Peso:</font> 28.8 kg <em>(60 BP)</em>&nbsp;|  <font color="#585858">Color:</font> White&nbsp;|  <font color="#585858">Familia:</font> Bug&nbsp;|  <font color="#585858">Evolución:</font> Volcarona (59)</font></div><div class="chat chatmessage-coverride"><strong style="color:hsl(241,71%,60.76834704645744%)"><small>$</small><span class="username" data-name="Coverride">Coverride</span>:</strong> <em>op</em></div><div class="spacer battle-history"><br></div><div class="battle-history">Battle started between AS Nakamura♥ and *&lt;Rυmia!<br></div><div class="spacer battle-history"><br></div><div class="battle-history">Go! <strong>Larvesta</strong>!<br></div><div class="spacer battle-history"><br></div><div class="battle-history">*&lt;Rυmia sent out <strong>Registeel</strong>!<br></div><div class="spacer battle-history"><br></div><h2 class="battle-history">Turn 1</h2><div class="chat"><small>angel steven joined.</small></div><div class="spacer battle-history"><br></div><div class="battle-history">*&lt;Rυmia withdrew Registeel!<br></div><div class="battle-history">*&lt;Rυmia sent out <strong>Xatu</strong>!<br></div><div class="spacer battle-history"><br></div><div class="battle-history">Larvesta used <strong>U-turn</strong>!<br></div><div class="battle-history"><small>(The opposing Xatu lost <abbr title="−60/333">18.0%</abbr> of its health!)</small><br></div><div class="spacer battle-history"><br></div><div class="battle-history">Larvesta went back to AS Nakamura♥!<br></div><div class="battle-history">Go! <strong>Drapion</strong>!<br></div><div class="spacer battle-history"><br></div><h2 class="battle-history">Turn 2</h2><div class="spacer battle-history"><br></div><div class="battle-history">Drapion used <strong>Knock Off</strong>!<br></div><div class="battle-history"><small>It's super effective!</small><br></div><div class="battle-history"><small>The opposing Xatu ate its Colbur Berry!</small><br></div><div class="battle-history"><small>The Colbur Berry weakened the damage to the opposing Xatu!</small><br></div><div class="battle-history"><small>(The opposing Xatu lost <abbr title="−127/333">38.1%</abbr> of its health!)</small><br></div><div class="spacer battle-history"><br></div><div class="battle-history">The opposing Xatu used <strong>U-turn</strong>!<br></div><div class="battle-history"><small>(Drapion lost <abbr title="−40/281">14.2%</abbr> of its health!)</small><br></div><div class="chat chatmessage-rmia"><strong style="color:hsl(109,45%,41%)"><small>★</small><span class="username" data-name="*<Rυmia">*&lt;Rυmia</span>:</strong> <em>Y el Pursuit</em></div><div class="chat chatmessage-rmia"><strong style="color:hsl(109,45%,41%)"><small>★</small><span class="username" data-name="*<Rυmia">*&lt;Rυmia</span>:</strong> <em>=&lt;</em></div><div class="spacer battle-history"><br></div><div class="battle-history">The opposing Xatu went back to *&lt;Rυmia!<br></div><div class="battle-history">*&lt;Rυmia sent out <strong>Flygon</strong>!<br></div><div class="spacer battle-history"><br></div><div class="battle-history"><small>Drapion restored a little HP using its Leftovers!</small><br></div><div class="spacer battle-history"><br></div><h2 class="battle-history">Turn 3</h2><div class="spacer battle-history"><br></div><div class="battle-history">Drapion, come back!<br></div><div class="battle-history">Go! <strong>Xatu</strong>!<br></div><div class="spacer battle-history"><br></div><div class="battle-history">The opposing Flygon used <strong>U-turn</strong>!<br></div><div class="battle-history"><small>(Xatu lost <abbr title="−63/333">18.9%</abbr> of its health!)</small><br></div><div class="battle-history"><small>The opposing Flygon was hurt by the Rocky Helmet!</small><br></div><div class="spacer battle-history"><br></div><div class="battle-history">The opposing Flygon went back to *&lt;Rυmia!<br></div><div class="battle-history">*&lt;Rυmia sent out <strong>Registeel</strong>!<br></div><div class="spacer battle-history"><br></div><h2 class="battle-history">Turn 4</h2><div class="spacer battle-history"><br></div><div class="battle-history">Xatu used <strong>Thunder Wave</strong>!<br></div><div class="battle-history"><small>The opposing Registeel is paralyzed! It may be unable to move!</small><br></div><div class="spacer battle-history"><br></div><div class="battle-history">The opposing Registeel used <strong>Thunderbolt</strong>!<br></div><div class="battle-history"><small>It's super effective!</small><br></div><div class="battle-history"><small>(Xatu lost <abbr title="−166/333">49.8%</abbr> of its health!)</small><br></div><div class="spacer battle-history"><br></div><h2 class="battle-history">Turn 5</h2><div class="spacer battle-history"><br></div><div class="battle-history">*&lt;Rυmia withdrew Registeel!<br></div><div class="battle-history">*&lt;Rυmia sent out <strong>Slowking</strong>!<br></div><div class="spacer battle-history"><br></div><div class="battle-history">Xatu used <strong>Roost</strong>!<br></div><div class="battle-history"><small>Xatu restored its HP.</small><br></div><div class="spacer battle-history"><br></div><h2 class="battle-history">Turn 6</h2><div class="chat"><small>Noobie el payaso joined.</small></div><div class="spacer battle-history"><br></div><div class="battle-history">Xatu used <strong>U-turn</strong>!<br></div><div class="battle-history"><small>It's super effective!</small><br></div><div class="battle-history"><small>(The opposing Slowking lost <abbr title="−84/394">21.3%</abbr> of its health!)</small><br></div><div class="chat"><small>Noobie el payaso left.</small></div><div class="spacer battle-history"><br></div><div class="battle-history">Xatu went back to AS Nakamura♥!<br></div><div class="battle-history">Go! <strong>Seismitoad</strong>!<br></div><div class="spacer battle-history"><br></div><div class="battle-history">The opposing Slowking used <strong>Calm Mind</strong>!<br></div><div class="battle-history"><small>The opposing Slowking's Special Attack rose!</small><br></div><div class="battle-history"><small>The opposing Slowking's Special Defense rose!</small><br></div><div class="spacer battle-history"><br></div><h2 class="battle-history">Turn 7</h2><div class="chat"><small>AS Nakamura♥ left.</small></div><div class="chat chatmessage-rmia"><strong style="color:hsl(109,45%,41%)"><small>★</small><span class="username" data-name="*<Rυmia">*&lt;Rυmia</span>:</strong> <em>ALO</em></div><div class="chat chatmessage-rmia"><strong style="color:hsl(109,45%,41%)"><small>★</small><span class="username" data-name="*<Rυmia">*&lt;Rυmia</span>:</strong> <em>POLISIA</em></div><div class="chat chatmessage-rmia"><strong style="color:hsl(109,45%,41%)"><small>★</small><span class="username" data-name="*<Rυmia">*&lt;Rυmia</span>:</strong> <em>San llevao a mi rival</em></div><div class="chat"><small>AS Nakamura♥ joined.</small></div><div class="chat chatmessage-asnakamura"><strong style="color:hsl(235,52%,63.56042994346666%)"><small>★</small><span class="username" data-name="AS Nakamura♥">AS Nakamura♥</span>:</strong> <em>XABAL</em></div><div class="spacer battle-history"><br></div><div class="battle-history">*&lt;Rυmia withdrew Slowking!<br></div><div class="battle-history">*&lt;Rυmia sent out <strong>Venusaur</strong>!<br></div><div class="spacer battle-history"><br></div><div class="battle-history">Seismitoad used <strong>Substitute</strong>!<br></div><div class="battle-history"><small>Seismitoad put in a substitute!</small><br></div><div class="battle-history"><small>(Seismitoad lost <abbr title="−103/413">24.9%</abbr> of its health!)</small><br></div><div class="spacer battle-history"><br></div><div class="battle-history"><small>Seismitoad restored a little HP using its Leftovers!</small><br></div><div class="spacer battle-history"><br></div><h2 class="battle-history">Turn 8</h2><div class="chat chatmessage-asnakamura"><strong style="color:hsl(235,52%,63.56042994346666%)"><small>★</small><span class="username" data-name="AS Nakamura♥">AS Nakamura♥</span>:</strong> <em>AMOR DE MARIHUANA</em></div><div class="chat chatmessage-rmia"><strong style="color:hsl(109,45%,41%)"><small>★</small><span class="username" data-name="*<Rυmia">*&lt;Rυmia</span>:</strong> <em>k</em></div><div class="spacer battle-history"><br></div><div class="battle-history">The opposing Venusaur used <strong>Giga Drain</strong>!<br></div><div class="battle-history"><small>It's super effective!</small><br></div><div class="battle-history"><small>Seismitoad's substitute faded!</small><br></div><div class="spacer battle-history"><br></div><div class="battle-history">Seismitoad used <strong>Knock Off</strong>!<br></div><div class="battle-history"><small>(The opposing Venusaur lost <abbr title="−56/363">15.4%</abbr> of its health!)</small><br></div><div class="battle-history"><small>Seismitoad knocked off the opposing Venusaur's Black Sludge!</small><br></div><div class="spacer battle-history"><br></div><div class="battle-history"><small>Seismitoad restored a little HP using its Leftovers!</small><br></div><div class="spacer battle-history"><br></div><h2 class="battle-history">Turn 9</h2><div class="chat"><small>TheDark007♫ joined.</small></div><div class="chat chatmessage-asnakamura"><strong style="color:hsl(235,52%,63.56042994346666%)"><small>★</small><span class="username" data-name="AS Nakamura♥">AS Nakamura♥</span>:</strong> <em>De endo</em></div><div class="chat chatmessage-rmia"><strong style="color:hsl(109,45%,41%)"><small>★</small><span class="username" data-name="*<Rυmia">*&lt;Rυmia</span>:</strong> <em>Que aids más set</em></div><div class="chat chatmessage-asnakamura"><strong style="color:hsl(235,52%,63.56042994346666%)"><small>★</small><span class="username" data-name="AS Nakamura♥">AS Nakamura♥</span>:</strong> <em>es un buen tema</em></div><div class="spacer battle-history"><br></div><div class="battle-history">Seismitoad, come back!<br></div><div class="battle-history">Go! <strong>Drapion</strong>!<br></div><div class="spacer battle-history"><br></div><div class="battle-history">The opposing Venusaur used <strong>Knock Off</strong>!<br></div><div class="battle-history"><small>It's not very effective...</small><br></div><div class="battle-history"><small>(Drapion lost <abbr title="−25/281">8.9%</abbr> of its health!)</small><br></div><div class="battle-history"><small>The opposing Venusaur knocked off Drapion's Leftovers!</small><br></div><div class="spacer battle-history"><br></div><h2 class="battle-history">Turn 10</h2><div class="chat"><small>angel steven left.</small></div><div class="spacer battle-history"><br></div><div class="battle-history">*&lt;Rυmia withdrew Venusaur!<br></div><div class="battle-history">*&lt;Rυmia sent out <strong>Registeel</strong>!<br></div><div class="spacer battle-history"><br></div><div class="battle-history">Drapion used <strong>Substitute</strong>!<br></div><div class="battle-history"><small>Drapion put in a substitute!</small><br></div><div class="battle-history"><small>(Drapion lost <abbr title="−70/281">24.9%</abbr> of its health!)</small><br></div><div class="spacer battle-history"><br></div><h2 class="battle-history">Turn 11</h2><div class="spacer battle-history"><br></div><div class="battle-history">Drapion used <strong>Swords Dance</strong>!<br></div><div class="battle-history"><small>Drapion's Attack rose sharply!</small><br></div><div class="spacer battle-history"><br></div><div class="battle-history">The opposing Registeel is paralyzed! It can't move!<br></div><div class="spacer battle-history"><br></div><h2 class="battle-history">Turn 12</h2><div class="spacer battle-history"><br></div><div class="battle-history">Drapion used <strong>Earthquake</strong>!<br></div><div class="battle-history"><small>It's super effective!</small><br></div><div class="battle-history"><small>(The opposing Registeel lost <abbr title="−242/364">66.5%</abbr> of its health!)</small><br></div><div class="spacer battle-history"><br></div><div class="battle-history">The opposing Registeel used <strong>Seismic Toss</strong>!<br></div><div class="battle-history"><small>Drapion's substitute faded!</small><br></div><div class="spacer battle-history"><br></div><div class="battle-history"><small>The opposing Registeel restored a little HP using its Leftovers!</small><br></div><div class="spacer battle-history"><br></div><h2 class="battle-history">Turn 13</h2><div class="spacer battle-history"><br></div><div class="battle-history">*&lt;Rυmia withdrew Registeel!<br></div><div class="battle-history">*&lt;Rυmia sent out <strong>Audino</strong>!<br></div><div class="spacer battle-history"><br></div><div class="battle-history">Drapion used <strong>Knock Off</strong>!<br></div><div class="battle-history"><small>(The opposing Audino lost <abbr title="−159/410">38.8%</abbr> of its health!)</small><br></div><div class="spacer battle-history"><br></div><h2 class="battle-history">Turn 14</h2><div class="spacer battle-history"><br></div><div class="battle-history"><small>The opposing Audino's Audinite is reacting to *&lt;Rυmia's Mega Bracelet!</small><br>The opposing Audino has Mega Evolved into Mega Audino!<br></div><div class="spacer battle-history"><br></div><div class="battle-history">Drapion used <strong>Earthquake</strong>!<br></div><div class="battle-history"><small>(The opposing Audino lost <abbr title="−128/410">31.2%</abbr> of its health!)</small><br></div><div class="spacer battle-history"><br></div><div class="battle-history">The opposing Audino used <strong>Wish</strong>!<br></div><div class="spacer battle-history"><br></div><h2 class="battle-history">Turn 15</h2><div class="spacer battle-history"><br></div><div class="battle-history">Drapion, come back!<br></div><div class="battle-history">Go! <strong>Seismitoad</strong>!<br></div><div class="spacer battle-history"><br></div><div class="battle-history">The opposing Audino used <strong>Protect</strong>!<br></div><div class="battle-history"><small>But it failed!</small><br></div><div class="spacer battle-history"><br></div><div class="battle-history"><small>Audino's wish came true!</small><br></div><div class="battle-history"><small>Seismitoad restored a little HP using its Leftovers!</small><br></div><div class="spacer battle-history"><br></div><h2 class="battle-history">Turn 16</h2><div class="spacer battle-history"><br></div><div class="battle-history">Seismitoad used <strong>Substitute</strong>!<br></div><div class="battle-history"><small>Seismitoad put in a substitute!</small><br></div><div class="battle-history"><small>(Seismitoad lost <abbr title="−103/413">24.9%</abbr> of its health!)</small><br></div><div class="spacer battle-history"><br></div><div class="battle-history">The opposing Audino used <strong>Heal Bell</strong>!<br></div><div class="battle-history"><small>A bell chimed!</small><br></div><div class="battle-history"><small>The opposing Registeel was cured of paralysis.</small><br></div><div class="spacer battle-history"><br></div><div class="battle-history"><small>Seismitoad restored a little HP using its Leftovers!</small><br></div><div class="spacer battle-history"><br></div><h2 class="battle-history">Turn 17</h2><div class="spacer battle-history"><br></div><div class="battle-history">Seismitoad used <strong>Scald</strong>!<br></div><div class="battle-history"><small>(The opposing Audino lost <abbr title="−55/410">13.4%</abbr> of its health!)</small><br></div><div class="spacer battle-history"><br></div><div class="battle-history">The opposing Audino used <strong>Dazzling Gleam</strong>!<br></div><div class="battle-history"><small>The substitute took damage for Seismitoad!</small><br></div><div class="spacer battle-history"><br></div><div class="battle-history"><small>Seismitoad restored a little HP using its Leftovers!</small><br></div><div class="spacer battle-history"><br></div><h2 class="battle-history">Turn 18</h2><div class="spacer battle-history"><br></div><div class="battle-history">Seismitoad used <strong>Toxic</strong>!<br></div><div class="battle-history"><small>The opposing Audino was badly poisoned!</small><br></div><div class="spacer battle-history"><br></div><div class="battle-history">The opposing Audino used <strong>Dazzling Gleam</strong>!<br></div><div class="battle-history"><small>Seismitoad's substitute faded!</small><br></div><div class="spacer battle-history"><br></div><div class="battle-history"><small>Seismitoad restored a little HP using its Leftovers!</small><br></div><div class="battle-history"><small>The opposing Audino was hurt by poison!</small><br></div><div class="spacer battle-history"><br></div><h2 class="battle-history">Turn 19</h2><div class="spacer battle-history"><br></div><div class="battle-history">*&lt;Rυmia withdrew Audino!<br></div><div class="battle-history">*&lt;Rυmia sent out <strong>Venusaur</strong>!<br></div><div class="spacer battle-history"><br></div><div class="battle-history">Seismitoad used <strong>Substitute</strong>!<br></div><div class="battle-history"><small>Seismitoad put in a substitute!</small><br></div><div class="battle-history"><small>(Seismitoad lost <abbr title="−103/413">24.9%</abbr> of its health!)</small><br></div><div class="spacer battle-history"><br></div><div class="battle-history"><small>Seismitoad restored a little HP using its Leftovers!</small><br></div><div class="spacer battle-history"><br></div><h2 class="battle-history">Turn 20</h2><div class="spacer battle-history"><br></div><div class="battle-history">The opposing Venusaur used <strong>Giga Drain</strong>!<br></div><div class="battle-history"><small>It's super effective!</small><br></div><div class="battle-history"><small>Seismitoad's substitute faded!</small><br></div><div class="battle-history"><small>Seismitoad had its energy drained!</small><br></div><div class="spacer battle-history"><br></div><div class="battle-history">Seismitoad used <strong>Scald</strong>!<br></div><div class="battle-history"><small>It's not very effective...</small><br></div><div class="battle-history"><small>(The opposing Venusaur lost <abbr title="−39/363">10.7%</abbr> of its health!)</small><br></div><div class="spacer battle-history"><br></div><div class="battle-history"><small>Seismitoad restored a little HP using its Leftovers!</small><br></div><div class="spacer battle-history"><br></div><h2 class="battle-history">Turn 21</h2><div class="spacer battle-history"><br></div><div class="battle-history">Seismitoad, come back!<br></div><div class="battle-history">Go! <strong>Larvesta</strong>!<br></div><div class="spacer battle-history"><br></div><div class="battle-history">The opposing Venusaur used <strong>Giga Drain</strong>!<br></div><div class="battle-history"><small>It's not very effective...</small><br></div><div class="battle-history"><small>(Larvesta lost <abbr title="−24/313">7.7%</abbr> of its health!)</small><br></div><div class="battle-history"><small>Larvesta had its energy drained!</small><br></div><div class="spacer battle-history"><br></div><h2 class="battle-history">Turn 22</h2><div class="chat"><small>AS Nakamura♥ left.</small></div><div class="chat chatmessage-rmia"><strong style="color:hsl(109,45%,41%)"><small>★</small><span class="username" data-name="*<Rυmia">*&lt;Rυmia</span>:</strong> <em>ALO POLISIA X FABOR</em></div><div class="chat"><small>AS Nakamura♥ joined.</small></div><div class="spacer battle-history"><br></div><div class="battle-history">*&lt;Rυmia withdrew Venusaur!<br></div><div class="battle-history">*&lt;Rυmia sent out Audino (<strong>Audino-Mega</strong>)!<br></div><div class="spacer battle-history"><br></div><div class="battle-history">Larvesta used <strong>U-turn</strong>!<br></div><div class="battle-history"><small>It's not very effective...</small><br></div><div class="battle-history"><small>(The opposing Audino lost <abbr title="−27/410">6.6%</abbr> of its health!)</small><br></div><div class="spacer battle-history"><br></div><div class="battle-history">Larvesta went back to AS Nakamura♥!<br></div><div class="battle-history">Go! Rotom (<strong>Rotom-Mow</strong>)!<br></div><div class="spacer battle-history"><br></div><div class="battle-history"><small>The opposing Audino was hurt by poison!</small><br></div><div class="spacer battle-history"><br></div><h2 class="battle-history">Turn 23</h2><div class="spacer battle-history"><br></div><div class="battle-history">Rotom used <strong>Leaf Storm</strong>!<br></div><div class="battle-history"><small>(The opposing Audino lost <abbr title="−196/410">47.8%</abbr> of its health!)</small><br></div><div class="battle-history"><small>Rotom's Special Attack fell harshly!</small><br></div><div class="spacer battle-history"><br></div><div class="battle-history">The opposing Audino fainted!<br></div><div class="spacer battle-history"><br></div><div class="battle-history">*&lt;Rυmia sent out <strong>Xatu</strong>!<br></div><div class="spacer battle-history"><br></div><h2 class="battle-history">Turn 24</h2><div class="spacer battle-history"><br></div><div class="battle-history">Rotom, come back!<br></div><div class="battle-history">Go! <strong>Diancie</strong>!<br></div><div class="spacer battle-history"><br></div><div class="battle-history">The opposing Xatu used <strong>U-turn</strong>!<br></div><div class="battle-history"><small>It's not very effective...</small><br></div><div class="battle-history"><small>(Diancie lost <abbr title="−16/303">5.3%</abbr> of its health!)</small><br></div><div class="spacer battle-history"><br></div><div class="battle-history">The opposing Xatu went back to *&lt;Rυmia!<br></div><div class="battle-history">*&lt;Rυmia sent out <strong>Venusaur</strong>!<br></div><div class="spacer battle-history"><br></div><div class="battle-history"><small>Diancie restored a little HP using its Leftovers!</small><br></div><div class="spacer battle-history"><br></div><h2 class="battle-history">Turn 25</h2><div class="spacer battle-history"><br></div><div class="battle-history">The opposing Venusaur used <strong>Sludge Bomb</strong>!<br></div><div class="battle-history"><small>(Diancie lost <abbr title="−55/303">18.2%</abbr> of its health!)</small><br></div><div class="spacer battle-history"><br></div><div class="battle-history">Diancie used <strong>Stealth Rock</strong>!<br></div><div class="battle-history"><small>Pointed stones float in the air around the opposing team!</small><br></div><div class="spacer battle-history"><br></div><div class="battle-history"><small>Diancie restored a little HP using its Leftovers!</small><br></div><div class="spacer battle-history"><br></div><h2 class="battle-history">Turn 26</h2><div class="spacer battle-history"><br></div><div class="battle-history">Diancie, come back!<br></div><div class="battle-history">Go! <strong>Larvesta</strong>!<br></div><div class="spacer battle-history"><br></div><div class="battle-history">The opposing Venusaur used <strong>Giga Drain</strong>!<br></div><div class="battle-history"><small>It's not very effective...</small><br></div><div class="battle-history"><small>(Larvesta lost <abbr title="−24/313">7.7%</abbr> of its health!)</small><br></div><div class="battle-history"><small>Larvesta had its energy drained!</small><br></div><div class="spacer battle-history"><br></div><h2 class="battle-history">Turn 27</h2><div class="spacer battle-history"><br></div><div class="battle-history">*&lt;Rυmia withdrew Venusaur!<br></div><div class="battle-history">*&lt;Rυmia sent out <strong>Registeel</strong>!<br></div><div class="battle-history"><small>Pointed stones dug into the opposing Registeel!</small><br></div><div class="spacer battle-history"><br></div><div class="battle-history">Larvesta used <strong>U-turn</strong>!<br></div><div class="battle-history"><small>It's not very effective...</small><br></div><div class="battle-history"><small>(The opposing Registeel lost <abbr title="−27/364">7.4%</abbr> of its health!)</small><br></div><div class="spacer battle-history"><br></div><div class="battle-history">Larvesta went back to AS Nakamura♥!<br></div><div class="battle-history">Go! <strong>Drapion</strong>!<br></div><div class="spacer battle-history"><br></div><div class="battle-history"><small>The opposing Registeel restored a little HP using its Leftovers!</small><br></div><div class="spacer battle-history"><br></div><h2 class="battle-history">Turn 28</h2><div class="spacer battle-history"><br></div><div class="battle-history">Drapion used <strong>Knock Off</strong>!<br></div><div class="battle-history"><small>(The opposing Registeel lost <abbr title="−88/364">24.2%</abbr> of its health!)</small><br></div><div class="battle-history"><small>Drapion knocked off the opposing Registeel's Leftovers!</small><br></div><div class="spacer battle-history"><br></div><div class="battle-history">The opposing Registeel used <strong>Seismic Toss</strong>!<br></div><div class="battle-history"><small>(Drapion lost <abbr title="−100/281">35.6%</abbr> of its health!)</small><br></div><div class="spacer battle-history"><br></div><h2 class="battle-history">Turn 29</h2><div class="spacer battle-history"><br></div><div class="battle-history">Drapion used <strong>Knock Off</strong>!<br></div><div class="battle-history"><small>(The opposing Registeel lost <abbr title="−29/364">8.0%</abbr> of its health!)</small><br></div><div class="spacer battle-history"><br></div><div class="battle-history">The opposing Registeel fainted!<br></div><div class="spacer battle-history"><br></div><div class="battle-history">*&lt;Rυmia sent out <strong>Flygon</strong>!<br></div><div class="battle-history"><small>Pointed stones dug into the opposing Flygon!</small><br></div><div class="spacer battle-history"><br></div><h2 class="battle-history">Turn 30</h2><div class="chat"><small>MegaGengar 3_4_5 joined.</small></div><div class="spacer battle-history"><br></div><div class="battle-history">Drapion, come back!<br></div><div class="battle-history">Go! <strong>Xatu</strong>!<br></div><div class="spacer battle-history"><br></div><div class="battle-history">The opposing Flygon used <strong>U-turn</strong>!<br></div><div class="battle-history"><small>(Xatu lost <abbr title="−67/333">20.1%</abbr> of its health!)</small><br></div><div class="battle-history"><small>The opposing Flygon was hurt by the Rocky Helmet!</small><br></div><div class="spacer battle-history"><br></div><div class="battle-history">The opposing Flygon went back to *&lt;Rυmia!<br></div><div class="battle-history">*&lt;Rυmia sent out <strong>Xatu</strong>!<br></div><div class="battle-history"><small>Pointed stones dug into the opposing Xatu!</small><br></div><div class="spacer battle-history"><br></div><h2 class="battle-history">Turn 31</h2><div class="spacer battle-history"><br></div><div class="battle-history">The opposing Xatu used <strong>Roost</strong>!<br></div><div class="battle-history"><small>The opposing Xatu restored its HP.</small><br></div><div class="spacer battle-history"><br></div><div class="battle-history">Xatu used <strong>Night Shade</strong>!<br></div><div class="battle-history"><small>(The opposing Xatu lost <abbr title="−100/333">30.0%</abbr> of its health!)</small><br></div><div class="spacer battle-history"><br></div><h2 class="battle-history">Turn 32</h2><div class="spacer battle-history"><br></div><div class="battle-history">The opposing Xatu used <strong>Roost</strong>!<br></div><div class="battle-history"><small>The opposing Xatu restored its HP.</small><br></div><div class="spacer battle-history"><br></div><div class="battle-history">Xatu used <strong>U-turn</strong>!<br></div><div class="battle-history"><small>It's super effective!</small><br></div><div class="battle-history"><small>(The opposing Xatu lost <abbr title="−74/333">22.2%</abbr> of its health!)</small><br></div><div class="spacer battle-history"><br></div><div class="battle-history">Xatu went back to AS Nakamura♥!<br></div><div class="battle-history">Go! Rotom (<strong>Rotom-Mow</strong>)!<br></div><div class="spacer battle-history"><br></div><h2 class="battle-history">Turn 33</h2><div class="chat"><small>TheDark007♫ left.</small></div><div class="spacer battle-history"><br></div><div class="battle-history">*&lt;Rυmia withdrew Xatu!<br></div><div class="battle-history">*&lt;Rυmia sent out <strong>Venusaur</strong>!<br></div><div class="battle-history"><small>Pointed stones dug into the opposing Venusaur!</small><br></div><div class="spacer battle-history"><br></div><div class="battle-history">Rotom used <strong>Volt Switch</strong>!<br></div><div class="battle-history"><small>It's not very effective...</small><br></div><div class="battle-history"><small>(The opposing Venusaur lost <abbr title="−77/363">21.2%</abbr> of its health!)</small><br></div><div class="spacer battle-history"><br></div><div class="battle-history">Rotom went back to AS Nakamura♥!<br></div><div class="battle-history">Go! <strong>Larvesta</strong>!<br></div><div class="spacer battle-history"><br></div><h2 class="battle-history">Turn 34</h2><div class="spacer battle-history"><br></div><div class="battle-history">The opposing Venusaur used <strong>Synthesis</strong>!<br></div><div class="battle-history"><small>The opposing Venusaur restored its HP.</small><br></div><div class="spacer battle-history"><br></div><div class="battle-history">Larvesta used <strong>Will-O-Wisp</strong>!<br></div><div class="battle-history"><small>The opposing Venusaur was burned!</small><br></div><div class="spacer battle-history"><br></div><div class="battle-history"><small>The opposing Venusaur was hurt by its burn!</small><br></div><div class="spacer battle-history"><br></div><h2 class="battle-history">Turn 35</h2><div class="spacer battle-history"><br></div><div class="battle-history">The opposing Venusaur used <strong>Sludge Bomb</strong>!<br></div><div class="battle-history"><small>(Larvesta lost <abbr title="−114/313">36.4%</abbr> of its health!)</small><br></div><div class="spacer battle-history"><br></div><div class="battle-history">Larvesta used <strong>U-turn</strong>!<br></div><div class="battle-history"><small>(The opposing Venusaur lost <abbr title="−57/363">15.7%</abbr> of its health!)</small><br></div><div class="spacer battle-history"><br></div><div class="battle-history">Larvesta went back to AS Nakamura♥!<br></div><div class="battle-history">Go! <strong>Xatu</strong>!<br></div><div class="spacer battle-history"><br></div><div class="battle-history"><small>The opposing Venusaur was hurt by its burn!</small><br></div><div class="spacer battle-history"><br></div><h2 class="battle-history">Turn 36</h2><div class="spacer battle-history"><br></div><div class="battle-history">Xatu used <strong>U-turn</strong>!<br></div><div class="battle-history"><small>(The opposing Venusaur lost <abbr title="−35/363">9.6%</abbr> of its health!)</small><br></div><div class="spacer battle-history"><br></div><div class="battle-history">Xatu went back to AS Nakamura♥!<br></div><div class="battle-history">Go! <strong>Larvesta</strong>!<br></div><div class="spacer battle-history"><br></div><div class="battle-history">The opposing Venusaur used <strong>Sludge Bomb</strong>!<br></div><div class="battle-history"><small>(Larvesta lost <abbr title="−108/313">34.5%</abbr> of its health!)</small><br></div><div class="spacer battle-history"><br></div><div class="battle-history"><small>The opposing Venusaur was hurt by its burn!</small><br></div><div class="spacer battle-history"><br></div><h2 class="battle-history">Turn 37</h2><div class="spacer battle-history"><br></div><div class="battle-history">The opposing Venusaur used <strong>Sludge Bomb</strong>!<br></div><div class="battle-history"><small>(Larvesta lost <abbr title="−43/313">13.7%</abbr> of its health!)</small><br></div><div class="spacer battle-history"><br></div><div class="battle-history">Larvesta fainted!<br></div><div class="spacer battle-history"><br></div><div class="battle-history"><small>The opposing Venusaur was hurt by its burn!</small><br></div><div class="chat chatmessage-rmia"><strong style="color:hsl(109,45%,41%)"><small>★</small><span class="username" data-name="*<Rυmia">*&lt;Rυmia</span>:</strong> <em><a href="https://www.youtube.com/watch?v=XEjLoHdbVeE" rel="noopener" target="_blank">https://www.youtube.com/watch?v=XEjLoHdbVeE</a></em></div><div class="chat"><small>AS Nakamura♥ left.</small></div><div class="chat"><small>AS Nakamura♥ joined.</small></div><div class="chat chatmessage-rmia"><strong style="color:hsl(109,45%,41%)"><small>★</small><span class="username" data-name="*<Rυmia">*&lt;Rυmia</span>:</strong> <em>GIMME GIMME GIMME A MAN AFTER MIDNIGHT</em></div><div class="chat chatmessage-coverride"><strong style="color:hsl(241,71%,60.76834704645744%)"><small>$</small><span class="username" data-name="Coverride">Coverride</span>:</strong> <em>stfu</em></div><div class="spacer battle-history"><br></div><div class="battle-history">Go! <strong>Drapion</strong>!<br></div><div class="spacer battle-history"><br></div><h2 class="battle-history">Turn 38</h2><div class="chat chatmessage-rmia"><strong style="color:hsl(109,45%,41%)"><small>★</small><span class="username" data-name="*<Rυmia">*&lt;Rυmia</span>:</strong> <em>Callate tu</em></div><div class="chat chatmessage-rmia"><strong style="color:hsl(109,45%,41%)"><small>★</small><span class="username" data-name="*<Rυmia">*&lt;Rυmia</span>:</strong> <em>Pto</em></div><div class="chat chatmessage-rmia"><strong style="color:hsl(109,45%,41%)"><small>★</small><span class="username" data-name="*<Rυmia">*&lt;Rυmia</span>:</strong> <em>hijoelagranprra</em></div><div class="spacer battle-history"><br></div><div class="battle-history">Drapion used <strong>Earthquake</strong>!<br></div><div class="battle-history"><small>(The opposing Venusaur lost <abbr title="−76/363">20.9%</abbr> of its health!)</small><br></div><div class="spacer battle-history"><br></div><div class="battle-history">The opposing Venusaur used <strong>Giga Drain</strong>!<br></div><div class="battle-history"><small>It's not very effective...</small><br></div><div class="battle-history"><small>(Drapion lost <abbr title="−63/281">22.4%</abbr> of its health!)</small><br></div><div class="battle-history"><small>Drapion had its energy drained!</small><br></div><div class="spacer battle-history"><br></div><div class="battle-history">Drapion fainted!<br></div><div class="spacer battle-history"><br></div><div class="battle-history"><small>The opposing Venusaur was hurt by its burn!</small><br></div><div class="chat chatmessage-coverride"><strong style="color:hsl(241,71%,60.76834704645744%)"><small>$</small><span class="username" data-name="Coverride">Coverride</span>:</strong> <em>manca</em></div><div class="chat chatmessage-rmia"><strong style="color:hsl(109,45%,41%)"><small>★</small><span class="username" data-name="*<Rυmia">*&lt;Rυmia</span>:</strong> <em><b>Avl</b></em></div><div class="chat chatmessage-asnakamura"><strong style="color:hsl(235,52%,63.56042994346666%)"><small>★</small><span class="username" data-name="AS Nakamura♥">AS Nakamura♥</span>:</strong> <em>UY</em></div><div class="chat chatmessage-coverride"><strong style="color:hsl(241,71%,60.76834704645744%)"><small>$</small><span class="username" data-name="Coverride">Coverride</span>:</strong> <em>ya perdiste</em></div><div class="chat chatmessage-rmia"><strong style="color:hsl(109,45%,41%)"><small>★</small><span class="username" data-name="*<Rυmia">*&lt;Rυmia</span>:</strong> <em>ALV*</em></div><div class="chat chatmessage-rmia"><strong style="color:hsl(109,45%,41%)"><small>★</small><span class="username" data-name="*<Rυmia">*&lt;Rυmia</span>:</strong> <em>xd</em></div><div class="chat chatmessage-coverride"><strong style="color:hsl(241,71%,60.76834704645744%)"><small>$</small><span class="username" data-name="Coverride">Coverride</span>:</strong> <em>Avl</em></div><div class="spacer battle-history"><br></div><div class="battle-history">Go! <strong>Xatu</strong>!<br></div><div class="spacer battle-history"><br></div><h2 class="battle-history">Turn 39</h2><div class="chat chatmessage-coverride"><strong style="color:hsl(241,71%,60.76834704645744%)"><small>$</small><span class="username" data-name="Coverride">Coverride</span>:</strong> <em>ok</em></div><div class="chat chatmessage-rmia"><strong style="color:hsl(109,45%,41%)"><small>★</small><span class="username" data-name="*<Rυmia">*&lt;Rυmia</span>:</strong> <em>Perdi hace rato</em></div><div class="chat chatmessage-rmia"><strong style="color:hsl(109,45%,41%)"><small>★</small><span class="username" data-name="*<Rυmia">*&lt;Rυmia</span>:</strong> <em>Por jugar feo al Venu</em></div><div class="spacer battle-history"><br></div><div class="battle-history">Xatu used <strong>Night Shade</strong>!<br></div><div class="battle-history"><small>(The opposing Venusaur lost <abbr title="−2/363">0.6%</abbr> of its health!)</small><br></div><div class="spacer battle-history"><br></div><div class="battle-history">The opposing Venusaur fainted!<br></div><div class="spacer battle-history"><br></div><div class="battle-history">*&lt;Rυmia sent out <strong>Slowking</strong>!<br></div><div class="battle-history"><small>Pointed stones dug into the opposing Slowking!</small><br></div><div class="spacer battle-history"><br></div><h2 class="battle-history">Turn 40</h2><div class="spacer battle-history"><br></div><div class="battle-history">*&lt;Rυmia withdrew Slowking!<br></div><div class="battle-history">*&lt;Rυmia sent out <strong>Flygon</strong>!<br></div><div class="battle-history"><small>Pointed stones dug into the opposing Flygon!</small><br></div><div class="spacer battle-history"><br></div><div class="battle-history">Xatu used <strong>U-turn</strong>!<br></div><div class="battle-history"><small>(The opposing Flygon lost <abbr title="−52/301">17.3%</abbr> of its health!)</small><br></div><div class="spacer battle-history"><br></div><div class="battle-history">Xatu went back to AS Nakamura♥!<br></div><div class="battle-history">Go! Rotom (<strong>Rotom-Mow</strong>)!<br></div><div class="spacer battle-history"><br></div><h2 class="battle-history">Turn 41</h2><div class="spacer battle-history"><br></div><div class="battle-history">The opposing Flygon used <strong>U-turn</strong>!<br></div><div class="battle-history"><small>It's super effective!</small><br></div><div class="battle-history"><small>(Rotom lost <abbr title="−154/241">63.9%</abbr> of its health!)</small><br></div><div class="spacer battle-history"><br></div><div class="battle-history">The opposing Flygon went back to *&lt;Rυmia!<br></div><div class="battle-history">*&lt;Rυmia sent out <strong>Xatu</strong>!<br></div><div class="battle-history"><small>Pointed stones dug into the opposing Xatu!</small><br></div><div class="spacer battle-history"><br></div><div class="battle-history">Rotom used <strong>Leaf Storm</strong>!<br></div><div class="battle-history"><small>It's not very effective...</small><br></div><div class="battle-history"><small>(The opposing Xatu lost <abbr title="−140/333">42.0%</abbr> of its health!)</small><br></div><div class="battle-history"><small>Rotom's Special Attack fell harshly!</small><br></div><div class="spacer battle-history"><br></div><div class="battle-history">The opposing Xatu fainted!<br></div><div class="chat chatmessage-asnakamura"><strong style="color:hsl(235,52%,63.56042994346666%)"><small>★</small><span class="username" data-name="AS Nakamura♥">AS Nakamura♥</span>:</strong> <em>LOCO</em></div><div class="chat chatmessage-asnakamura"><strong style="color:hsl(235,52%,63.56042994346666%)"><small>★</small><span class="username" data-name="AS Nakamura♥">AS Nakamura♥</span>:</strong> <em>DIOS</em></div><div class="spacer battle-history"><br></div><div class="battle-history">*&lt;Rυmia sent out <strong>Flygon</strong>!<br></div><div class="battle-history"><small>Pointed stones dug into the opposing Flygon!</small><br></div><div class="spacer battle-history"><br></div><h2 class="battle-history">Turn 42</h2><div class="chat chatmessage-asnakamura"><strong style="color:hsl(235,52%,63.56042994346666%)"><small>★</small><span class="username" data-name="AS Nakamura♥">AS Nakamura♥</span>:</strong> <em>es mas rapido</em></div><div class="chat chatmessage-asnakamura"><strong style="color:hsl(235,52%,63.56042994346666%)"><small>★</small><span class="username" data-name="AS Nakamura♥">AS Nakamura♥</span>:</strong> <em>OH DIOS</em></div><div class="spacer battle-history"><br></div><div class="battle-history">Rotom, come back!<br></div><div class="battle-history">Go! <strong>Xatu</strong>!<br></div><div class="spacer battle-history"><br></div><div class="battle-history">The opposing Flygon used <strong>U-turn</strong>!<br></div><div class="battle-history"><small>(Xatu lost <abbr title="−64/333">19.2%</abbr> of its health!)</small><br></div><div class="battle-history"><small>The opposing Flygon was hurt by the Rocky Helmet!</small><br></div><div class="spacer battle-history"><br></div><div class="battle-history">The opposing Flygon went back to *&lt;Rυmia!<br></div><div class="battle-history">*&lt;Rυmia sent out <strong>Slowking</strong>!<br></div><div class="battle-history"><small>Pointed stones dug into the opposing Slowking!</small><br></div><div class="spacer battle-history"><br></div><h2 class="battle-history">Turn 43</h2><div class="spacer battle-history"><br></div><div class="battle-history">Xatu used <strong>U-turn</strong>!<br></div><div class="battle-history"><small>It's super effective!</small><br></div><div class="battle-history"><small>(The opposing Slowking lost <abbr title="−80/394">20.3%</abbr> of its health!)</small><br></div><div class="chat"><small>JuaninJuanHarry joined.</small></div><div class="spacer battle-history"><br></div><div class="battle-history">Xatu went back to AS Nakamura♥!<br></div><div class="battle-history">Go! <strong>Seismitoad</strong>!<br></div><div class="spacer battle-history"><br></div><div class="battle-history">The opposing Slowking used <strong>Scald</strong>!<br></div><div class="battle-history"><small>[Seismitoad's Water Absorb]</small><br><small>Seismitoad restored its HP.</small><br></div><div class="spacer battle-history"><br></div><div class="battle-history"><small>Seismitoad restored a little HP using its Leftovers!</small><br></div><div class="spacer battle-history"><br></div><h2 class="battle-history">Turn 44</h2><div class="spacer battle-history"><br></div><div class="battle-history">Seismitoad used <strong>Substitute</strong>!<br></div><div class="battle-history"><small>Seismitoad put in a substitute!</small><br></div><div class="battle-history"><small>(Seismitoad lost <abbr title="−103/413">24.9%</abbr> of its health!)</small><br></div><div class="spacer battle-history"><br></div><div class="battle-history">The opposing Slowking used <strong>Block</strong>!<br></div><div class="battle-history"><small>But it failed!</small><br></div><div class="spacer battle-history"><br></div><div class="battle-history"><small>Seismitoad restored a little HP using its Leftovers!</small><br></div><div class="spacer battle-history"><br></div><h2 class="battle-history">Turn 45</h2><div class="spacer battle-history"><br></div><div class="battle-history">Seismitoad used <strong>Toxic</strong>!<br></div><div class="battle-history"><small>The opposing Slowking was badly poisoned!</small><br></div><div class="spacer battle-history"><br></div><div class="battle-history">The opposing Slowking used <strong>Calm Mind</strong>!<br></div><div class="battle-history"><small>The opposing Slowking's Special Attack rose!</small><br></div><div class="battle-history"><small>The opposing Slowking's Special Defense rose!</small><br></div><div class="spacer battle-history"><br></div><div class="battle-history"><small>Seismitoad restored a little HP using its Leftovers!</small><br></div><div class="battle-history"><small>The opposing Slowking was hurt by poison!</small><br></div><div class="spacer battle-history"><br></div><h2 class="battle-history">Turn 46</h2><div class="chat chatmessage-asnakamura"><strong style="color:hsl(235,52%,63.56042994346666%)"><small>★</small><span class="username" data-name="AS Nakamura♥">AS Nakamura♥</span>:</strong> <em>QUE VERGA</em></div><div class="chat chatmessage-asnakamura"><strong style="color:hsl(235,52%,63.56042994346666%)"><small>★</small><span class="username" data-name="AS Nakamura♥">AS Nakamura♥</span>:</strong> <em>esa wea hermano</em></div><div class="spacer battle-history"><br></div><div class="battle-history">Seismitoad used <strong>Knock Off</strong>!<br></div><div class="battle-history"><small>It's super effective!</small><br></div><div class="battle-history"><small>The opposing Slowking ate its Colbur Berry!</small><br></div><div class="battle-history"><small>The Colbur Berry weakened the damage to the opposing Slowking!</small><br></div><div class="battle-history"><small>(The opposing Slowking lost <abbr title="−62/394">15.7%</abbr> of its health!)</small><br></div><div class="spacer battle-history"><br></div><div class="battle-history">The opposing Slowking used <strong>Calm Mind</strong>!<br></div><div class="battle-history"><small>The opposing Slowking's Special Attack rose!</small><br></div><div class="battle-history"><small>The opposing Slowking's Special Defense rose!</small><br></div><div class="spacer battle-history"><br></div><div class="battle-history"><small>Seismitoad restored a little HP using its Leftovers!</small><br></div><div class="battle-history"><small>The opposing Slowking was hurt by poison!</small><br></div><div class="spacer battle-history"><br></div><h2 class="battle-history">Turn 47</h2><div class="spacer battle-history"><br></div><div class="battle-history">Seismitoad used <strong>Knock Off</strong>!<br></div><div class="battle-history"><small>It's super effective!</small><br></div><div class="battle-history"><small>(The opposing Slowking lost <abbr title="−78/394">19.8%</abbr> of its health!)</small><br></div><div class="spacer battle-history"><br></div><div class="battle-history">The opposing Slowking used <strong>Rest</strong>!<br></div><div class="battle-history"><small>The opposing Slowking fell asleep!</small><br></div><div class="battle-history"><small>The opposing Slowking slept and became healthy!</small><br></div><div class="spacer battle-history"><br></div><div class="battle-history"><small>Seismitoad restored a little HP using its Leftovers!</small><br></div><div class="spacer battle-history"><br></div><h2 class="battle-history">Turn 48</h2><div class="spacer battle-history"><br></div><div class="battle-history">Seismitoad, come back!<br></div><div class="battle-history">Go! Rotom (<strong>Rotom-Mow</strong>)!<br></div><div class="spacer battle-history"><br></div><div class="battle-history">The opposing Slowking is fast asleep.<br></div><div class="spacer battle-history"><br></div><h2 class="battle-history">Turn 49</h2><div class="spacer battle-history"><br></div><div class="battle-history">Rotom used <strong>Trick</strong>!<br></div><div class="battle-history"><small>Rotom switched items with its target!</small><br></div><div class="battle-history"><small>The opposing Slowking obtained one Choice Specs.</small><br></div><div class="spacer battle-history"><br></div><div class="battle-history">The opposing Slowking is fast asleep.<br></div><div class="spacer battle-history"><br></div><h2 class="battle-history">Turn 50</h2><div class="spacer battle-history"><br></div><div class="battle-history">Rotom used <strong>Volt Switch</strong>!<br></div><div class="battle-history"><small>It's super effective!</small><br></div><div class="battle-history"><small>(The opposing Slowking lost <abbr title="−90/394">22.8%</abbr> of its health!)</small><br></div><div class="spacer battle-history"><br></div><div class="battle-history">Rotom went back to AS Nakamura♥!<br></div><div class="battle-history">Go! <strong>Seismitoad</strong>!<br></div><div class="battle-history"><small>The opposing Slowking woke up!</small><br></div><div class="spacer battle-history"><br></div><div class="battle-history">The opposing Slowking used <strong>Scald</strong>!<br></div><div class="battle-history"><small>[Seismitoad's Water Absorb]</small><br><small>Seismitoad restored its HP.</small><br></div><div class="spacer battle-history"><br></div><h2 class="battle-history">Turn 51</h2><div class="spacer battle-history"><br></div><div class="battle-history">Seismitoad used <strong>Substitute</strong>!<br></div><div class="battle-history"><small>Seismitoad put in a substitute!</small><br></div><div class="battle-history"><small>(Seismitoad lost <abbr title="−103/413">24.9%</abbr> of its health!)</small><br></div><div class="spacer battle-history"><br></div><div class="battle-history">The opposing Slowking used <strong>Scald</strong>!<br></div><div class="battle-history"><small>[Seismitoad's Water Absorb]</small><br><small>Seismitoad restored its HP.</small><br></div><div class="spacer battle-history"><br></div><h2 class="battle-history">Turn 52</h2><div class="spacer battle-history"><br></div><div class="battle-history">Seismitoad used <strong>Toxic</strong>!<br></div><div class="battle-history"><small>The opposing Slowking was badly poisoned!</small><br></div><div class="spacer battle-history"><br></div><div class="battle-history">The opposing Slowking used <strong>Scald</strong>!<br></div><div class="battle-history"><small>[Seismitoad's Water Absorb]</small><br><small>It doesn't affect Seismitoad...</small><br></div><div class="spacer battle-history"><br></div><div class="battle-history"><small>The opposing Slowking was hurt by poison!</small><br></div><div class="spacer battle-history"><br></div><h2 class="battle-history">Turn 53</h2><div class="chat chatmessage-rmia"><strong style="color:hsl(109,45%,41%)"><small>★</small><span class="username" data-name="*<Rυmia">*&lt;Rυmia</span>:</strong> <em>Ahora hace</em></div><div class="spacer battle-history"><br></div><div class="battle-history">Seismitoad used <strong>Knock Off</strong>!<br></div><div class="battle-history"><small>It's super effective!</small><br></div><div class="battle-history"><small>(The opposing Slowking lost <abbr title="−122/394">31.0%</abbr> of its health!)</small><br></div><div class="battle-history"><small>Seismitoad knocked off the opposing Slowking's Choice Specs!</small><br></div><div class="spacer battle-history"><br></div><div class="battle-history">The opposing Slowking used <strong>Scald</strong>!<br></div><div class="battle-history"><small>[Seismitoad's Water Absorb]</small><br><small>It doesn't affect Seismitoad...</small><br></div><div class="spacer battle-history"><br></div><div class="battle-history"><small>The opposing Slowking was hurt by poison!</small><br></div><div class="spacer battle-history"><br></div><h2 class="battle-history">Turn 54</h2><div class="chat chatmessage-coverride"><strong style="color:hsl(241,71%,60.76834704645744%)"><small>$</small><span class="username" data-name="Coverride">Coverride</span>:</strong> <em>mira como me copia el set</em></div><div class="chat chatmessage-rmia"><strong style="color:hsl(109,45%,41%)"><small>★</small><span class="username" data-name="*<Rυmia">*&lt;Rυmia</span>:</strong> <em>Knock off</em></div><div class="chat chatmessage-coverride"><strong style="color:hsl(241,71%,60.76834704645744%)"><small>$</small><span class="username" data-name="Coverride">Coverride</span>:</strong> <em>que yo copie</em></div><div class="chat chatmessage-rmia"><strong style="color:hsl(109,45%,41%)"><small>★</small><span class="username" data-name="*<Rυmia">*&lt;Rυmia</span>:</strong> <em>xddd</em></div><div class="spacer battle-history"><br></div><div class="battle-history">Seismitoad used <strong>Knock Off</strong>!<br></div><div class="battle-history"><small>It's super effective!</small><br></div><div class="battle-history"><small>(The opposing Slowking lost <abbr title="−82/394">20.8%</abbr> of its health!)</small><br></div><div class="spacer battle-history"><br></div><div class="battle-history">The opposing Slowking used <strong>Rest</strong>!<br></div><div class="battle-history"><small>The opposing Slowking fell asleep!</small><br></div><div class="battle-history"><small>The opposing Slowking slept and became healthy!</small><br></div><div class="spacer battle-history"><br></div><h2 class="battle-history">Turn 55</h2><div class="chat chatmessage-coverride"><strong style="color:hsl(241,71%,60.76834704645744%)"><small>$</small><span class="username" data-name="Coverride">Coverride</span>:</strong> <em>que desgraciada</em></div><div class="chat chatmessage-asnakamura"><strong style="color:hsl(235,52%,63.56042994346666%)"><small>★</small><span class="username" data-name="AS Nakamura♥">AS Nakamura♥</span>:</strong> <em>DIOS</em></div><div class="chat chatmessage-asnakamura"><strong style="color:hsl(235,52%,63.56042994346666%)"><small>★</small><span class="username" data-name="AS Nakamura♥">AS Nakamura♥</span>:</strong> <em>LAS CAGE</em></div><div class="chat chatmessage-asnakamura"><strong style="color:hsl(235,52%,63.56042994346666%)"><small>★</small><span class="username" data-name="AS Nakamura♥">AS Nakamura♥</span>:</strong> <em>BRIGIDO</em></div><div class="chat"><small>JuaninJuanHarry left.</small></div><div class="chat chatmessage-asnakamura"><strong style="color:hsl(235,52%,63.56042994346666%)"><small>★</small><span class="username" data-name="AS Nakamura♥">AS Nakamura♥</span>:</strong> <em>QUE EEA HICE</em></div><div class="chat chatmessage-asnakamura"><strong style="color:hsl(235,52%,63.56042994346666%)"><small>★</small><span class="username" data-name="AS Nakamura♥">AS Nakamura♥</span>:</strong> <em>OH HERMANO</em></div><div class="spacer battle-history"><br></div><div class="battle-history">Seismitoad, come back!<br></div><div class="battle-history">Go! Rotom (<strong>Rotom-Mow</strong>)!<br></div><div class="spacer battle-history"><br></div><div class="battle-history">The opposing Slowking is fast asleep.<br></div><div class="spacer battle-history"><br></div><h2 class="battle-history">Turn 56</h2><div class="chat chatmessage-rmia"><strong style="color:hsl(109,45%,41%)"><small>★</small><span class="username" data-name="*<Rυmia">*&lt;Rυmia</span>:</strong> <em>Shikitita dime pk</em></div><div class="chat chatmessage-rmia"><strong style="color:hsl(109,45%,41%)"><small>★</small><span class="username" data-name="*<Rυmia">*&lt;Rυmia</span>:</strong> <em><a href="https://www.youtube.com/watch?v=p4QqMKe3rwY" rel="noopener" target="_blank">https://www.youtube.com/watch?v=p4QqMKe3rwY</a></em></div><div class="spacer battle-history"><br></div><div class="battle-history">Rotom used <strong>Thunderbolt</strong>!<br></div><div class="battle-history"><small>It's super effective!</small><br></div><div class="battle-history"><small>(The opposing Slowking lost <abbr title="−116/394">29.4%</abbr> of its health!)</small><br></div><div class="spacer battle-history"><br></div><div class="battle-history">The opposing Slowking is fast asleep.<br></div><div class="spacer battle-history"><br></div><h2 class="battle-history">Turn 57</h2><div class="spacer battle-history"><br></div><div class="battle-history">Rotom used <strong>Volt Switch</strong>!<br></div><div class="battle-history"><small>It's super effective!</small><br></div><div class="battle-history"><small>(The opposing Slowking lost <abbr title="−98/394">24.9%</abbr> of its health!)</small><br></div><div class="spacer battle-history"><br></div><div class="battle-history">Rotom went back to AS Nakamura♥!<br></div><div class="battle-history">Go! <strong>Seismitoad</strong>!<br></div><div class="battle-history"><small>The opposing Slowking woke up!</small><br></div><div class="spacer battle-history"><br></div><div class="battle-history">The opposing Slowking used <strong>Calm Mind</strong>!<br></div><div class="battle-history"><small>The opposing Slowking's Special Attack rose!</small><br></div><div class="battle-history"><small>The opposing Slowking's Special Defense rose!</small><br></div><div class="spacer battle-history"><br></div><h2 class="battle-history">Turn 58</h2><div class="spacer battle-history"><br></div><div class="battle-history">Seismitoad used <strong>Knock Off</strong>!<br></div><div class="battle-history"><small>It's super effective!</small><br></div><div class="battle-history"><small>(The opposing Slowking lost <abbr title="−76/394">19.3%</abbr> of its health!)</small><br></div><div class="spacer battle-history"><br></div><div class="battle-history">The opposing Slowking used <strong>Rest</strong>!<br></div><div class="battle-history"><small>The opposing Slowking fell asleep!</small><br></div><div class="battle-history"><small>The opposing Slowking slept and became healthy!</small><br></div><div class="spacer battle-history"><br></div><h2 class="battle-history">Turn 59</h2><div class="spacer battle-history"><br></div><div class="battle-history">Seismitoad, come back!<br></div><div class="battle-history">Go! Rotom (<strong>Rotom-Mow</strong>)!<br></div><div class="spacer battle-history"><br></div><div class="battle-history">The opposing Slowking is fast asleep.<br></div><div class="spacer battle-history"><br></div><h2 class="battle-history">Turn 60</h2><div class="spacer battle-history"><br></div><div class="battle-history">Rotom used <strong>Thunderbolt</strong>!<br></div><div class="battle-history"><small>It's super effective!</small><br></div><div class="battle-history"><small>(The opposing Slowking lost <abbr title="−102/394">25.9%</abbr> of its health!)</small><br></div><div class="spacer battle-history"><br></div><div class="battle-history">The opposing Slowking is fast asleep.<br></div><div class="spacer battle-history"><br></div><h2 class="battle-history">Turn 61</h2><div class="chat chatmessage-asnakamura"><strong style="color:hsl(235,52%,63.56042994346666%)"><small>★</small><span class="username" data-name="AS Nakamura♥">AS Nakamura♥</span>:</strong> <em>yo busco el crit</em></div><div class="spacer battle-history"><br></div><div class="battle-history">Rotom used <strong>Volt Switch</strong>!<br></div><div class="battle-history"><small>It's super effective!</small><br></div><div class="battle-history"><small>(The opposing Slowking lost <abbr title="−80/394">20.3%</abbr> of its health!)</small><br></div><div class="spacer battle-history"><br></div><div class="battle-history">Rotom went back to AS Nakamura♥!<br></div><div class="battle-history">Go! <strong>Seismitoad</strong>!<br></div><div class="battle-history"><small>The opposing Slowking woke up!</small><br></div><div class="spacer battle-history"><br></div><div class="battle-history">The opposing Slowking used <strong>Calm Mind</strong>!<br></div><div class="battle-history"><small>The opposing Slowking's Special Attack rose!</small><br></div><div class="battle-history"><small>The opposing Slowking's Special Defense rose!</small><br></div><div class="spacer battle-history"><br></div><h2 class="battle-history">Turn 62</h2><div class="spacer battle-history"><br></div><div class="battle-history">Seismitoad used <strong>Toxic</strong>!<br></div><div class="battle-history"><small>The opposing Slowking was badly poisoned!</small><br></div><div class="spacer battle-history"><br></div><div class="battle-history">The opposing Slowking used <strong>Block</strong>!<br></div><div class="battle-history"><small>Seismitoad can no longer escape!</small><br></div><div class="spacer battle-history"><br></div><div class="battle-history"><small>The opposing Slowking was hurt by poison!</small><br></div><div class="spacer battle-history"><br></div><h2 class="battle-history">Turn 63</h2><div class="chat"><small>Sabro Sugoi joined.</small></div><div class="chat chatmessage-asnakamura"><strong style="color:hsl(235,52%,63.56042994346666%)"><small>★</small><span class="username" data-name="AS Nakamura♥">AS Nakamura♥</span>:</strong> <em>Puta que wea</em></div><div class="chat chatmessage-asnakamura"><strong style="color:hsl(235,52%,63.56042994346666%)"><small>★</small><span class="username" data-name="AS Nakamura♥">AS Nakamura♥</span>:</strong> <em>hago con mi life</em></div><div class="spacer battle-history"><br></div><div class="battle-history">Seismitoad used <strong>Substitute</strong>!<br></div><div class="battle-history"><small>Seismitoad put in a substitute!</small><br></div><div class="battle-history"><small>(Seismitoad lost <abbr title="−103/413">24.9%</abbr> of its health!)</small><br></div><div class="spacer battle-history"><br></div><div class="battle-history">The opposing Slowking used <strong>Rest</strong>!<br></div><div class="battle-history"><small>The opposing Slowking fell asleep!</small><br></div><div class="battle-history"><small>The opposing Slowking slept and became healthy!</small><br></div><div class="spacer battle-history"><br></div><div class="battle-history"><small>Seismitoad restored a little HP using its Leftovers!</small><br></div><div class="spacer battle-history"><br></div><h2 class="battle-history">Turn 64</h2><div class="chat chatmessage-sabrosugoi"><strong style="color:hsl(269,79%,54.685643446169735%)"><small> </small><span class="username" data-name="Sabro Sugoi">Sabro Sugoi</span>:</strong> <em>Suicidarte</em></div><div class="chat chatmessage-sabrosugoi"><strong style="color:hsl(269,79%,54.685643446169735%)"><small> </small><span class="username" data-name="Sabro Sugoi">Sabro Sugoi</span>:</strong> <em>:u</em></div><div class="spacer battle-history"><br></div><div class="battle-history">Seismitoad used <strong>Knock Off</strong>!<br></div><div class="battle-history"><small>It's super effective!</small><br></div><div class="battle-history"><small>(The opposing Slowking lost <abbr title="−80/394">20.3%</abbr> of its health!)</small><br></div><div class="spacer battle-history"><br></div><div class="battle-history">The opposing Slowking is fast asleep.<br></div><div class="spacer battle-history"><br></div><div class="battle-history"><small>Seismitoad restored a little HP using its Leftovers!</small><br></div><div class="spacer battle-history"><br></div><h2 class="battle-history">Turn 65</h2><div class="spacer battle-history"><br></div><div class="battle-history">Seismitoad used <strong>Knock Off</strong>!<br></div><div class="battle-history"><small>It's super effective!</small><br></div><div class="battle-history"><small>(The opposing Slowking lost <abbr title="−76/394">19.3%</abbr> of its health!)</small><br></div><div class="spacer battle-history"><br></div><div class="battle-history">The opposing Slowking is fast asleep.<br></div><div class="spacer battle-history"><br></div><div class="battle-history"><small>Seismitoad restored a little HP using its Leftovers!</small><br></div><div class="spacer battle-history"><br></div><h2 class="battle-history">Turn 66</h2><div class="chat chatmessage-asnakamura"><strong style="color:hsl(235,52%,63.56042994346666%)"><small>★</small><span class="username" data-name="AS Nakamura♥">AS Nakamura♥</span>:</strong> <em>se va venir el crit</em></div><div class="chat chatmessage-asnakamura"><strong style="color:hsl(235,52%,63.56042994346666%)"><small>★</small><span class="username" data-name="AS Nakamura♥">AS Nakamura♥</span>:</strong> <em>fijo</em></div><div class="spacer battle-history"><br></div><div class="battle-history">Seismitoad used <strong>Knock Off</strong>!<br></div><div class="battle-history"><small>It's super effective!</small><br></div><div class="battle-history"><small>(The opposing Slowking lost <abbr title="−86/394">21.8%</abbr> of its health!)</small><br></div><div class="battle-history"><small>The opposing Slowking woke up!</small><br></div><div class="spacer battle-history"><br></div><div class="battle-history">The opposing Slowking used <strong>Calm Mind</strong>!<br></div><div class="battle-history"><small>The opposing Slowking's Special Attack rose!</small><br></div><div class="battle-history"><small>The opposing Slowking's Special Defense rose!</small><br></div><div class="spacer battle-history"><br></div><div class="battle-history"><small>Seismitoad restored a little HP using its Leftovers!</small><br></div><div class="spacer battle-history"><br></div><h2 class="battle-history">Turn 67</h2><div class="spacer battle-history"><br></div><div class="battle-history">Seismitoad used <strong>Knock Off</strong>!<br></div><div class="battle-history"><small>It's super effective!</small><br></div><div class="battle-history"><small>(The opposing Slowking lost <abbr title="−80/394">20.3%</abbr> of its health!)</small><br></div><div class="spacer battle-history"><br></div><div class="battle-history">The opposing Slowking used <strong>Rest</strong>!<br></div><div class="battle-history"><small>The opposing Slowking fell asleep!</small><br></div><div class="battle-history"><small>The opposing Slowking slept and became healthy!</small><br></div><div class="spacer battle-history"><br></div><div class="battle-history"><small>Seismitoad restored a little HP using its Leftovers!</small><br></div><div class="spacer battle-history"><br></div><h2 class="battle-history">Turn 68</h2><div class="chat chatmessage-asnakamura"><strong style="color:hsl(235,52%,63.56042994346666%)"><small>★</small><span class="username" data-name="AS Nakamura♥">AS Nakamura♥</span>:</strong> <em>EL CRIT</em></div><div class="chat chatmessage-rmia"><strong style="color:hsl(109,45%,41%)"><small>★</small><span class="username" data-name="*<Rυmia">*&lt;Rυmia</span>:</strong> <em>No ph q quiero ganar</em></div><div class="chat chatmessage-rmia"><strong style="color:hsl(109,45%,41%)"><small>★</small><span class="username" data-name="*<Rυmia">*&lt;Rυmia</span>:</strong> <em>sadx</em></div><div class="spacer battle-history"><br></div><div class="battle-history">Seismitoad used <strong>Knock Off</strong>!<br></div><div class="battle-history"><small>It's super effective!</small><br></div><div class="battle-history"><small>(The opposing Slowking lost <abbr title="−74/394">18.8%</abbr> of its health!)</small><br></div><div class="spacer battle-history"><br></div><div class="battle-history">The opposing Slowking is fast asleep.<br></div><div class="spacer battle-history"><br></div><h2 class="battle-history">Turn 69</h2><div class="chat chatmessage-sabrosugoi"><strong style="color:hsl(269,79%,54.685643446169735%)"><small> </small><span class="username" data-name="Sabro Sugoi">Sabro Sugoi</span>:</strong> <em>ste men</em></div><div class="spacer battle-history"><br></div><div class="battle-history">Seismitoad used <strong>Knock Off</strong>!<br></div><div class="battle-history"><small>It's super effective!</small><br></div><div class="battle-history"><small>(The opposing Slowking lost <abbr title="−80/394">20.3%</abbr> of its health!)</small><br></div><div class="spacer battle-history"><br></div><div class="battle-history">The opposing Slowking is fast asleep.<br></div><div class="spacer battle-history"><br></div><h2 class="battle-history">Turn 70</h2><div class="chat chatmessage-sabrosugoi"><strong style="color:hsl(269,79%,54.685643446169735%)"><small> </small><span class="username" data-name="Sabro Sugoi">Sabro Sugoi</span>:</strong> <em>no va a llegar el critic</em></div><div class="spacer battle-history"><br></div><div class="battle-history">Seismitoad used <strong>Knock Off</strong>!<br></div><div class="battle-history"><small>It's super effective!</small><br></div><div class="battle-history"><small>(The opposing Slowking lost <abbr title="−80/394">20.3%</abbr> of its health!)</small><br></div><div class="battle-history"><small>The opposing Slowking woke up!</small><br></div><div class="spacer battle-history"><br></div><div class="battle-history">The opposing Slowking used <strong>Calm Mind</strong>!<br></div><div class="battle-history"><small>The opposing Slowking's Special Attack rose!</small><br></div><div class="battle-history"><small>The opposing Slowking's Special Defense rose!</small><br></div><div class="spacer battle-history"><br></div><h2 class="battle-history">Turn 71</h2><div class="chat chatmessage-sabrosugoi"><strong style="color:hsl(269,79%,54.685643446169735%)"><small> </small><span class="username" data-name="Sabro Sugoi">Sabro Sugoi</span>:</strong> <em>neveh in the laif</em></div><div class="spacer battle-history"><br></div><div class="battle-history">Seismitoad used <strong>Knock Off</strong>!<br></div><div class="battle-history"><small>It's super effective!</small><br></div><div class="battle-history"><small>(The opposing Slowking lost <abbr title="−84/394">21.3%</abbr> of its health!)</small><br></div><div class="spacer battle-history"><br></div><div class="battle-history">The opposing Slowking used <strong>Rest</strong>!<br></div><div class="battle-history"><small>The opposing Slowking fell asleep!</small><br></div><div class="battle-history"><small>The opposing Slowking slept and became healthy!</small><br></div><div class="spacer battle-history"><br></div><h2 class="battle-history">Turn 72</h2><div class="spacer battle-history"><br></div><div class="battle-history">Seismitoad used <strong>Scald</strong>!<br></div><div class="battle-history"><small>It's not very effective...</small><br></div><div class="battle-history"><small>(The opposing Slowking lost <abbr title="−9/394">2.3%</abbr> of its health!)</small><br></div><div class="spacer battle-history"><br></div><div class="battle-history">The opposing Slowking is fast asleep.<br></div><div class="spacer battle-history"><br></div><h2 class="battle-history">Turn 73</h2><div class="spacer battle-history"><br></div><div class="battle-history">Seismitoad used <strong>Knock Off</strong>!<br></div><div class="battle-history"><small>It's super effective!</small><br></div><div class="battle-history"><small>(The opposing Slowking lost <abbr title="−76/394">19.3%</abbr> of its health!)</small><br></div><div class="spacer battle-history"><br></div><div class="battle-history">The opposing Slowking is fast asleep.<br></div><div class="spacer battle-history"><br></div><h2 class="battle-history">Turn 74</h2><div class="spacer battle-history"><br></div><div class="battle-history">Seismitoad used <strong>Knock Off</strong>!<br></div><div class="battle-history"><small>It's super effective!</small><br></div><div class="battle-history"><small>(The opposing Slowking lost <abbr title="−76/394">19.3%</abbr> of its health!)</small><br></div><div class="battle-history"><small>The opposing Slowking woke up!</small><br></div><div class="spacer battle-history"><br></div><div class="battle-history">The opposing Slowking used <strong>Calm Mind</strong>!<br></div><div class="battle-history"><small>The opposing Slowking's Special Attack won't go any higher!</small><br></div><div class="battle-history"><small>The opposing Slowking's Special Defense won't go any higher!</small><br></div><div class="spacer battle-history"><br></div><h2 class="battle-history">Turn 75</h2><div class="chat chatmessage-rmia"><strong style="color:hsl(109,45%,41%)"><small>★</small><span class="username" data-name="*<Rυmia">*&lt;Rυmia</span>:</strong> <em>Ayam te dansin kuin</em></div><div class="chat chatmessage-sabrosugoi"><strong style="color:hsl(269,79%,54.685643446169735%)"><small> </small><span class="username" data-name="Sabro Sugoi">Sabro Sugoi</span>:</strong> <em>esta wea da pa rato :v</em></div><div class="spacer battle-history"><br></div><div class="battle-history">Seismitoad used <strong>Toxic</strong>!<br></div><div class="battle-history"><small>The opposing Slowking was badly poisoned!</small><br></div><div class="spacer battle-history"><br></div><div class="battle-history">The opposing Slowking used <strong>Calm Mind</strong>!<br></div><div class="battle-history"><small>The opposing Slowking's Special Attack won't go any higher!</small><br></div><div class="battle-history"><small>The opposing Slowking's Special Defense won't go any higher!</small><br></div><div class="spacer battle-history"><br></div><div class="battle-history"><small>The opposing Slowking was hurt by poison!</small><br></div><div class="spacer battle-history"><br></div><h2 class="battle-history">Turn 76</h2><div class="chat chatmessage-rmia"><strong style="color:hsl(109,45%,41%)"><small>★</small><span class="username" data-name="*<Rυmia">*&lt;Rυmia</span>:</strong> <em>ff</em></div><div class="chat chatmessage-rmia"><strong style="color:hsl(109,45%,41%)"><small>★</small><span class="username" data-name="*<Rυmia">*&lt;Rυmia</span>:</strong> <em>Is the way</em></div><div class="spacer battle-history"><br></div><div class="battle-history">Seismitoad used <strong>Scald</strong>!<br></div><div class="battle-history"><small>It's not very effective...</small><br></div><div class="battle-history"><small>(The opposing Slowking lost <abbr title="−9/394">2.3%</abbr> of its health!)</small><br></div><div class="spacer battle-history"><br></div><div class="battle-history">The opposing Slowking used <strong>Calm Mind</strong>!<br></div><div class="battle-history"><small>The opposing Slowking's Special Attack won't go any higher!</small><br></div><div class="battle-history"><small>The opposing Slowking's Special Defense won't go any higher!</small><br></div><div class="spacer battle-history"><br></div><div class="battle-history"><small>The opposing Slowking was hurt by poison!</small><br></div><div class="spacer battle-history"><br></div><h2 class="battle-history">Turn 77</h2><div class="spacer battle-history"><br></div><div class="battle-history">Seismitoad used <strong>Scald</strong>!<br></div><div class="battle-history"><small>It's not very effective...</small><br></div><div class="battle-history"><small>(The opposing Slowking lost <abbr title="−9/394">2.3%</abbr> of its health!)</small><br></div><div class="spacer battle-history"><br></div><div class="battle-history">The opposing Slowking used <strong>Rest</strong>!<br></div><div class="battle-history"><small>The opposing Slowking fell asleep!</small><br></div><div class="battle-history"><small>The opposing Slowking slept and became healthy!</small><br></div><div class="spacer battle-history"><br></div><h2 class="battle-history">Turn 78</h2><div class="spacer battle-history"><br></div><div class="battle-history">Seismitoad used <strong>Scald</strong>!<br></div><div class="battle-history"><small>It's not very effective...</small><br></div><div class="battle-history"><small>(The opposing Slowking lost <abbr title="−10/394">2.5%</abbr> of its health!)</small><br></div><div class="spacer battle-history"><br></div><div class="battle-history">The opposing Slowking is fast asleep.<br></div><div class="spacer battle-history"><br></div><h2 class="battle-history">Turn 79</h2><div class="spacer battle-history"><br></div><div class="battle-history">Seismitoad used <strong>Knock Off</strong>!<br></div><div class="battle-history"><small>It's super effective!</small><br></div><div class="battle-history"><small>(The opposing Slowking lost <abbr title="−88/394">22.3%</abbr> of its health!)</small><br></div><div class="spacer battle-history"><br></div><div class="battle-history">The opposing Slowking is fast asleep.<br></div><div class="spacer battle-history"><br></div><h2 class="battle-history">Turn 80</h2><div class="spacer battle-history"><br></div><div class="battle-history">Seismitoad used <strong>Knock Off</strong>!<br></div><div class="battle-history"><small>It's super effective!</small><br></div><div class="battle-history"><small>(The opposing Slowking lost <abbr title="−84/394">21.3%</abbr> of its health!)</small><br></div><div class="battle-history"><small>The opposing Slowking woke up!</small><br></div><div class="spacer battle-history"><br></div><div class="battle-history">The opposing Slowking used <strong>Calm Mind</strong>!<br></div><div class="battle-history"><small>The opposing Slowking's Special Attack won't go any higher!</small><br></div><div class="battle-history"><small>The opposing Slowking's Special Defense won't go any higher!</small><br></div><div class="spacer battle-history"><br></div><h2 class="battle-history">Turn 81</h2><div class="chat chatmessage-rmia"><strong style="color:hsl(109,45%,41%)"><small>★</small><span class="username" data-name="*<Rυmia">*&lt;Rυmia</span>:</strong> <em>Yo tengo que guardar los scalds</em></div><div class="chat chatmessage-rmia"><strong style="color:hsl(109,45%,41%)"><small>★</small><span class="username" data-name="*<Rυmia">*&lt;Rυmia</span>:</strong> <em>Y gano</em></div><div class="spacer battle-history"><br></div><div class="battle-history">Seismitoad used <strong>Toxic</strong>!<br></div><div class="battle-history"><small>The opposing Slowking was badly poisoned!</small><br></div><div class="spacer battle-history"><br></div><div class="battle-history">The opposing Slowking used <strong>Calm Mind</strong>!<br></div><div class="battle-history"><small>The opposing Slowking's Special Attack won't go any higher!</small><br></div><div class="battle-history"><small>The opposing Slowking's Special Defense won't go any higher!</small><br></div><div class="spacer battle-history"><br></div><div class="battle-history"><small>The opposing Slowking was hurt by poison!</small><br></div><div class="spacer battle-history"><br></div><h2 class="battle-history">Turn 82</h2><div class="spacer battle-history"><br></div><div class="battle-history">Seismitoad used <strong>Scald</strong>!<br></div><div class="battle-history"><small>It's not very effective...</small><br></div><div class="battle-history"><small>(The opposing Slowking lost <abbr title="−9/394">2.3%</abbr> of its health!)</small><br></div><div class="spacer battle-history"><br></div><div class="battle-history">The opposing Slowking used <strong>Rest</strong>!<br></div><div class="battle-history"><small>The opposing Slowking fell asleep!</small><br></div><div class="battle-history"><small>The opposing Slowking slept and became healthy!</small><br></div><div class="spacer battle-history"><br></div><h2 class="battle-history">Turn 83</h2><div class="spacer battle-history"><br></div><div class="battle-history">Seismitoad used <strong>Knock Off</strong>!<br></div><div class="battle-history"><small>It's super effective!</small><br></div><div class="battle-history"><small>(The opposing Slowking lost <abbr title="−82/394">20.8%</abbr> of its health!)</small><br></div><div class="spacer battle-history"><br></div><div class="battle-history">The opposing Slowking is fast asleep.<br></div><div class="spacer battle-history"><br></div><h2 class="battle-history">Turn 84</h2><div class="spacer battle-history"><br></div><div class="battle-history">Seismitoad used <strong>Knock Off</strong>!<br></div><div class="battle-history"><small>It's super effective!</small><br></div><div class="battle-history"><small>(The opposing Slowking lost <abbr title="−74/394">18.8%</abbr> of its health!)</small><br></div><div class="spacer battle-history"><br></div><div class="battle-history">The opposing Slowking is fast asleep.<br></div><div class="spacer battle-history"><br></div><h2 class="battle-history">Turn 85</h2><div class="spacer battle-history"><br></div><div class="battle-history">Seismitoad used <strong>Knock Off</strong>!<br></div><div class="battle-history"><small>It's super effective!</small><br></div><div class="battle-history"><small>(The opposing Slowking lost <abbr title="−86/394">21.8%</abbr> of its health!)</small><br></div><div class="battle-history"><small>The opposing Slowking woke up!</small><br></div><div class="spacer battle-history"><br></div><div class="battle-history">The opposing Slowking used <strong>Calm Mind</strong>!<br></div><div class="battle-history"><small>The opposing Slowking's Special Attack won't go any higher!</small><br></div><div class="battle-history"><small>The opposing Slowking's Special Defense won't go any higher!</small><br></div><div class="spacer battle-history"><br></div><h2 class="battle-history">Turn 86</h2><div class="chat"><small>JuaninJuanHarry joined.</small></div><div class="spacer battle-history"><br></div><div class="battle-history">Seismitoad used <strong>Toxic</strong>!<br></div><div class="battle-history"><small>The opposing Slowking was badly poisoned!</small><br></div><div class="spacer battle-history"><br></div><div class="battle-history">The opposing Slowking used <strong>Rest</strong>!<br></div><div class="battle-history"><small>The opposing Slowking fell asleep!</small><br></div><div class="battle-history"><small>The opposing Slowking slept and became healthy!</small><br></div><div class="spacer battle-history"><br></div><h2 class="battle-history">Turn 87</h2><div class="spacer battle-history"><br></div><div class="battle-history">Seismitoad used <strong>Substitute</strong>!<br></div><div class="battle-history"><small>Seismitoad already has a substitute!</small><br></div><div class="spacer battle-history"><br></div><div class="battle-history">The opposing Slowking is fast asleep.<br></div><div class="spacer battle-history"><br></div><h2 class="battle-history">Turn 88</h2><div class="chat chatmessage-rmia"><strong style="color:hsl(109,45%,41%)"><small>★</small><span class="username" data-name="*<Rυmia">*&lt;Rυmia</span>:</strong> <em>kden</em></div><div class="spacer battle-history"><br></div><div class="battle-history">Seismitoad used <strong>Substitute</strong>!<br></div><div class="battle-history"><small>Seismitoad already has a substitute!</small><br></div><div class="spacer battle-history"><br></div><div class="battle-history">The opposing Slowking is fast asleep.<br></div><div class="spacer battle-history"><br></div><h2 class="battle-history">Turn 89</h2><div class="spacer battle-history"><br></div><div class="battle-history">Seismitoad used <strong>Knock Off</strong>!<br></div><div class="battle-history"><small>It's super effective!</small><br></div><div class="battle-history"><small>(The opposing Slowking lost <abbr title="−86/394">21.8%</abbr> of its health!)</small><br></div><div class="battle-history"><small>The opposing Slowking woke up!</small><br></div><div class="spacer battle-history"><br></div><div class="battle-history">The opposing Slowking used <strong>Calm Mind</strong>!<br></div><div class="battle-history"><small>The opposing Slowking's Special Attack won't go any higher!</small><br></div><div class="battle-history"><small>The opposing Slowking's Special Defense won't go any higher!</small><br></div><div class="spacer battle-history"><br></div><h2 class="battle-history">Turn 90</h2><div class="chat chatmessage-sabrosugoi"><strong style="color:hsl(269,79%,54.685643446169735%)"><small> </small><span class="username" data-name="Sabro Sugoi">Sabro Sugoi</span>:</strong> <em>to easy rmia</em></div><div class="spacer battle-history"><br></div><div class="battle-history">Seismitoad used <strong>Toxic</strong>!<br></div><div class="battle-history"><small>The opposing Slowking was badly poisoned!</small><br></div><div class="spacer battle-history"><br></div><div class="battle-history">The opposing Slowking used <strong>Calm Mind</strong>!<br></div><div class="battle-history"><small>The opposing Slowking's Special Attack won't go any higher!</small><br></div><div class="battle-history"><small>The opposing Slowking's Special Defense won't go any higher!</small><br></div><div class="spacer battle-history"><br></div><div class="battle-history"><small>The opposing Slowking was hurt by poison!</small><br></div><div class="spacer battle-history"><br></div><h2 class="battle-history">Turn 91</h2><div class="chat chatmessage-rmia"><strong style="color:hsl(109,45%,41%)"><small>★</small><span class="username" data-name="*<Rυmia">*&lt;Rυmia</span>:</strong> <em>Pero si he ganado ni pega crit</em></div><div class="chat chatmessage-rmia"><strong style="color:hsl(109,45%,41%)"><small>★</small><span class="username" data-name="*<Rυmia">*&lt;Rυmia</span>:</strong> <em>xd</em></div><div class="spacer battle-history"><br></div><div class="battle-history">Seismitoad used <strong>Knock Off</strong>!<br></div><div class="battle-history"><small>It's super effective!</small><br></div><div class="battle-history"><small>(The opposing Slowking lost <abbr title="−78/394">19.8%</abbr> of its health!)</small><br></div><div class="spacer battle-history"><br></div><div class="battle-history">The opposing Slowking used <strong>Calm Mind</strong>!<br></div><div class="battle-history"><small>The opposing Slowking's Special Attack won't go any higher!</small><br></div><div class="battle-history"><small>The opposing Slowking's Special Defense won't go any higher!</small><br></div><div class="spacer battle-history"><br></div><div class="battle-history"><small>The opposing Slowking was hurt by poison!</small><br></div><div class="spacer battle-history"><br></div><h2 class="battle-history">Turn 92</h2><div class="spacer battle-history"><br></div><div class="battle-history">Seismitoad used <strong>Scald</strong>!<br></div><div class="battle-history"><small>It's not very effective...</small><br></div><div class="battle-history"><small>(The opposing Slowking lost <abbr title="−9/394">2.3%</abbr> of its health!)</small><br></div><div class="spacer battle-history"><br></div><div class="battle-history">The opposing Slowking used <strong>Rest</strong>!<br></div><div class="battle-history"><small>The opposing Slowking fell asleep!</small><br></div><div class="battle-history"><small>The opposing Slowking slept and became healthy!</small><br></div><div class="spacer battle-history"><br></div><h2 class="battle-history">Turn 93</h2><div class="spacer battle-history"><br></div><div class="battle-history">Seismitoad used <strong>Knock Off</strong>!<br></div><div class="battle-history"><small>It's super effective!</small><br></div><div class="battle-history"><small>(The opposing Slowking lost <abbr title="−88/394">22.3%</abbr> of its health!)</small><br></div><div class="spacer battle-history"><br></div><div class="battle-history">The opposing Slowking is fast asleep.<br></div><div class="spacer battle-history"><br></div><h2 class="battle-history">Turn 94</h2><div class="chat chatmessage-asnakamura"><strong style="color:hsl(235,52%,63.56042994346666%)"><small>★</small><span class="username" data-name="AS Nakamura♥">AS Nakamura♥</span>:</strong> <em>Aun no ganas zorra</em></div><div class="chat chatmessage-asnakamura"><strong style="color:hsl(235,52%,63.56042994346666%)"><small>★</small><span class="username" data-name="AS Nakamura♥">AS Nakamura♥</span>:</strong> <em>&gt;:[</em></div><div class="chat"><small>AS Nakamura♥ left.</small></div><div class="chat chatmessage-rmia"><strong style="color:hsl(109,45%,41%)"><small>★</small><span class="username" data-name="*<Rυmia">*&lt;Rυmia</span>:</strong> <em>hehe</em></div><div class="chat chatmessage-sabrosugoi"><strong style="color:hsl(269,79%,54.685643446169735%)"><small> </small><span class="username" data-name="Sabro Sugoi">Sabro Sugoi</span>:</strong> <em>Ahora si :v</em></div><div class="chat chatmessage-megagengar345"><strong style="color:hsl(346,69%,47.35430296190595%)"><small> </small><span class="username" data-name="MegaGengar 3_4_5">MegaGengar 3_4_5</span>:</strong> <em>auch</em></div><div class="chat chatmessage-sabrosugoi"><strong style="color:hsl(269,79%,54.685643446169735%)"><small> </small><span class="username" data-name="Sabro Sugoi">Sabro Sugoi</span>:</strong> <em>xdd</em></div><div class="chat chatmessage-rmia"><strong style="color:hsl(109,45%,41%)"><small>★</small><span class="username" data-name="*<Rυmia">*&lt;Rυmia</span>:</strong> <em>Timer</em></div><div class="chat chatmessage-rmia"><strong style="color:hsl(109,45%,41%)"><small>★</small><span class="username" data-name="*<Rυmia">*&lt;Rυmia</span>:</strong> <em>SKILL</em></div><div class="chat chatmessage-sabrosugoi"><strong style="color:hsl(269,79%,54.685643446169735%)"><small> </small><span class="username" data-name="Sabro Sugoi">Sabro Sugoi</span>:</strong> <em>ACTIVED</em></div><div class="chat"><small>Neblina - ΑℱΚ joined.</small></div><div class="chat"><small>Neblina - ΑℱΚ left.</small></div><div class="chat chatmessage-rmia"><strong style="color:hsl(109,45%,41%)"><small>★</small><span class="username" data-name="*<Rυmia">*&lt;Rυmia</span>:</strong> <em>si esta wea fuera Psyshock</em></div><div class="chat"><small>AS Nakamura♥ joined.</small></div><div class="chat chatmessage-sabrosugoi"><strong style="color:hsl(269,79%,54.685643446169735%)"><small> </small><span class="username" data-name="Sabro Sugoi">Sabro Sugoi</span>:</strong> <em>:v</em></div><div class="chat chatmessage-rmia"><strong style="color:hsl(109,45%,41%)"><small>★</small><span class="username" data-name="*<Rυmia">*&lt;Rυmia</span>:</strong> <em>ono</em></div><div class="spacer battle-history"><br></div><div class="battle-history">Seismitoad used <strong>Knock Off</strong>!<br></div><div class="battle-history"><small>It's super effective!</small><br></div><div class="battle-history"><small>(The opposing Slowking lost <abbr title="−86/394">21.8%</abbr> of its health!)</small><br></div><div class="spacer battle-history"><br></div><div class="battle-history">The opposing Slowking is fast asleep.<br></div><div class="spacer battle-history"><br></div><h2 class="battle-history">Turn 95</h2><div class="chat chatmessage-sabrosugoi"><strong style="color:hsl(269,79%,54.685643446169735%)"><small> </small><span class="username" data-name="Sabro Sugoi">Sabro Sugoi</span>:</strong> <em>El timer skill no te sirvio mank</em></div><div class="chat chatmessage-megagengar345"><strong style="color:hsl(346,69%,47.35430296190595%)"><small> </small><span class="username" data-name="MegaGengar 3_4_5">MegaGengar 3_4_5</span>:</strong> <em>pero si te puso las specs</em></div><div class="chat chatmessage-rmia"><strong style="color:hsl(109,45%,41%)"><small>★</small><span class="username" data-name="*<Rυmia">*&lt;Rυmia</span>:</strong> <em>kyc</em></div><div class="spacer battle-history"><br></div><div class="battle-history">Seismitoad used <strong>Scald</strong>!<br></div><div class="battle-history"><small>It's not very effective...</small><br></div><div class="battle-history"><small>(The opposing Slowking lost <abbr title="−9/394">2.3%</abbr> of its health!)</small><br></div><div class="battle-history"><small>The opposing Slowking woke up!</small><br></div><div class="spacer battle-history"><br></div><div class="battle-history">The opposing Slowking used <strong>Calm Mind</strong>!<br></div><div class="battle-history"><small>The opposing Slowking's Special Attack won't go any higher!</small><br></div><div class="battle-history"><small>The opposing Slowking's Special Defense won't go any higher!</small><br></div><div class="spacer battle-history"><br></div><h2 class="battle-history">Turn 96</h2><div class="chat chatmessage-megagengar345"><strong style="color:hsl(346,69%,47.35430296190595%)"><small> </small><span class="username" data-name="MegaGengar 3_4_5">MegaGengar 3_4_5</span>:</strong> <em>porque carajos te las saco</em></div><div class="chat chatmessage-megagengar345"><strong style="color:hsl(346,69%,47.35430296190595%)"><small> </small><span class="username" data-name="MegaGengar 3_4_5">MegaGengar 3_4_5</span>:</strong> <em>.-.</em></div><div class="chat chatmessage-rmia"><strong style="color:hsl(109,45%,41%)"><small>★</small><span class="username" data-name="*<Rυmia">*&lt;Rυmia</span>:</strong> <em>Me puso las specs</em></div><div class="chat chatmessage-rmia"><strong style="color:hsl(109,45%,41%)"><small>★</small><span class="username" data-name="*<Rυmia">*&lt;Rυmia</span>:</strong> <em>Y luego</em></div><div class="chat chatmessage-rmia"><strong style="color:hsl(109,45%,41%)"><small>★</small><span class="username" data-name="*<Rυmia">*&lt;Rυmia</span>:</strong> <em>La saco</em></div><div class="chat chatmessage-rmia"><strong style="color:hsl(109,45%,41%)"><small>★</small><span class="username" data-name="*<Rυmia">*&lt;Rυmia</span>:</strong> <em>xdd</em></div><div class="spacer battle-history"><br></div><div class="battle-history">Seismitoad used <strong>Toxic</strong>!<br></div><div class="battle-history"><small>The opposing Slowking was badly poisoned!</small><br></div><div class="spacer battle-history"><br></div><div class="battle-history">The opposing Slowking used <strong>Calm Mind</strong>!<br></div><div class="battle-history"><small>The opposing Slowking's Special Attack won't go any higher!</small><br></div><div class="battle-history"><small>The opposing Slowking's Special Defense won't go any higher!</small><br></div><div class="spacer battle-history"><br></div><div class="battle-history"><small>The opposing Slowking was hurt by poison!</small><br></div><div class="spacer battle-history"><br></div><h2 class="battle-history">Turn 97</h2><div class="chat chatmessage-megagengar345"><strong style="color:hsl(346,69%,47.35430296190595%)"><small> </small><span class="username" data-name="MegaGengar 3_4_5">MegaGengar 3_4_5</span>:</strong> <em>.-.</em></div><div class="chat chatmessage-asnakamura"><strong style="color:hsl(235,52%,63.56042994346666%)"><small>★</small><span class="username" data-name="AS Nakamura♥">AS Nakamura♥</span>:</strong> <em>misclik</em></div><div class="chat chatmessage-asnakamura"><strong style="color:hsl(235,52%,63.56042994346666%)"><small>★</small><span class="username" data-name="AS Nakamura♥">AS Nakamura♥</span>:</strong> <em>o mas bien choke</em></div><div class="chat chatmessage-asnakamura"><strong style="color:hsl(235,52%,63.56042994346666%)"><small>★</small><span class="username" data-name="AS Nakamura♥">AS Nakamura♥</span>:</strong> <em>del momento xd</em></div><div class="spacer battle-history"><br></div><div class="battle-history">Seismitoad used <strong>Scald</strong>!<br></div><div class="battle-history"><small>It's not very effective...</small><br></div><div class="battle-history"><small>(The opposing Slowking lost <abbr title="−9/394">2.3%</abbr> of its health!)</small><br></div><div class="spacer battle-history"><br></div><div class="battle-history">The opposing Slowking used <strong>Rest</strong>!<br></div><div class="battle-history"><small>The opposing Slowking fell asleep!</small><br></div><div class="battle-history"><small>The opposing Slowking slept and became healthy!</small><br></div><div class="spacer battle-history"><br></div><h2 class="battle-history">Turn 98</h2><div class="spacer battle-history"><br></div><div class="battle-history">Seismitoad used <strong>Knock Off</strong>!<br></div><div class="battle-history"><small>It's super effective!</small><br></div><div class="battle-history"><small>(The opposing Slowking lost <abbr title="−82/394">20.8%</abbr> of its health!)</small><br></div><div class="spacer battle-history"><br></div><div class="battle-history">The opposing Slowking is fast asleep.<br></div><div class="spacer battle-history"><br></div><h2 class="battle-history">Turn 99</h2><div class="spacer battle-history"><br></div><div class="battle-history">Seismitoad used <strong>Knock Off</strong>!<br></div><div class="battle-history"><small>It's super effective!</small><br></div><div class="battle-history"><small>(The opposing Slowking lost <abbr title="−86/394">21.8%</abbr> of its health!)</small><br></div><div class="spacer battle-history"><br></div><div class="battle-history">The opposing Slowking is fast asleep.<br></div><div class="spacer battle-history"><br></div><h2 class="battle-history">Turn 100</h2><div class="chat chatmessage-asnakamura"><strong style="color:hsl(235,52%,63.56042994346666%)"><small>★</small><span class="username" data-name="AS Nakamura♥">AS Nakamura♥</span>:</strong> <em>tu no plenas meter critico cierto ?</em></div><div class="chat chatmessage-sabrosugoi"><strong style="color:hsl(269,79%,54.685643446169735%)"><small> </small><span class="username" data-name="Sabro Sugoi">Sabro Sugoi</span>:</strong> <em>pls ya nakamura</em></div><div class="chat chatmessage-sabrosugoi"><strong style="color:hsl(269,79%,54.685643446169735%)"><small> </small><span class="username" data-name="Sabro Sugoi">Sabro Sugoi</span>:</strong> <em>no la tires</em></div><div class="chat chatmessage-rmia"><strong style="color:hsl(109,45%,41%)"><small>★</small><span class="username" data-name="*<Rυmia">*&lt;Rυmia</span>:</strong> <em>q no te das cuenta</em></div><div class="chat chatmessage-rmia"><strong style="color:hsl(109,45%,41%)"><small>★</small><span class="username" data-name="*<Rυmia">*&lt;Rυmia</span>:</strong> <em>de k soy</em></div><div class="chat chatmessage-coverride"><strong style="color:hsl(241,71%,60.76834704645744%)"><small>$</small><span class="username" data-name="Coverride">Coverride</span>:</strong> <em>necesitas como 3 critics seguidos</em></div><div class="chat chatmessage-rmia"><strong style="color:hsl(109,45%,41%)"><small>★</small><span class="username" data-name="*<Rυmia">*&lt;Rυmia</span>:</strong> <em>!dt Slowbromega</em></div><div class="chat message-error">[outdated code no longer supported]</div><div class="chat"><font size="1"><font color="#585858">Dex#:</font> 80&nbsp;|  <font color="#585858">Gen:</font> 6&nbsp;|  <font color="#585858">Altura:</font> 2 m&nbsp;|  <font color="#585858">Peso:</font> 120 kg <em>(100 BP)</em>&nbsp;|  <font color="#585858">Color:</font> Pink&nbsp;|  <font color="#585858">Familia:</font> Monster, Water 1&nbsp;|  <font color="#585858"><font color="#585858">No Evoluciona</font></font></font></div><div class="chat chatmessage-rmia"><strong style="color:hsl(109,45%,41%)"><small>★</small><span class="username" data-name="*<Rυmia">*&lt;Rυmia</span>:</strong> <em>Shell Armor?</em></div><div class="spacer battle-history"><br></div><div class="battle-history">Seismitoad used <strong>Knock Off</strong>!<br></div><div class="battle-history"><small>It's super effective!</small><br></div><div class="battle-history"><small>(The opposing Slowking lost <abbr title="−80/394">20.3%</abbr> of its health!)</small><br></div><div class="battle-history"><small>The opposing Slowking woke up!</small><br></div><div class="spacer battle-history"><br></div><div class="battle-history">The opposing Slowking used <strong>Calm Mind</strong>!<br></div><div class="battle-history"><small>The opposing Slowking's Special Attack won't go any higher!</small><br></div><div class="battle-history"><small>The opposing Slowking's Special Defense won't go any higher!</small><br></div><div class="spacer battle-history"><br></div><h2 class="battle-history">Turn 101</h2><div class="chat chatmessage-sabrosugoi"><strong style="color:hsl(269,79%,54.685643446169735%)"><small> </small><span class="username" data-name="Sabro Sugoi">Sabro Sugoi</span>:</strong> <em>manco</em></div><div class="chat chatmessage-sabrosugoi"><strong style="color:hsl(269,79%,54.685643446169735%)"><small> </small><span class="username" data-name="Sabro Sugoi">Sabro Sugoi</span>:</strong> <em>No tiene shell armor</em></div><div class="chat chatmessage-rmia"><strong style="color:hsl(109,45%,41%)"><small>★</small><span class="username" data-name="*<Rυmia">*&lt;Rυmia</span>:</strong> <em>Ahora pega crit</em></div><div class="chat chatmessage-sabrosugoi"><strong style="color:hsl(269,79%,54.685643446169735%)"><small> </small><span class="username" data-name="Sabro Sugoi">Sabro Sugoi</span>:</strong> <em>slow</em></div><div class="chat chatmessage-sabrosugoi"><strong style="color:hsl(269,79%,54.685643446169735%)"><small> </small><span class="username" data-name="Sabro Sugoi">Sabro Sugoi</span>:</strong> <em>:v</em></div><div class="chat chatmessage-coverride"><strong style="color:hsl(241,71%,60.76834704645744%)"><small>$</small><span class="username" data-name="Coverride">Coverride</span>:</strong> <em>Gracias einstein</em></div><div class="spacer battle-history"><br></div><div class="battle-history">Seismitoad used <strong>Toxic</strong>!<br></div><div class="battle-history"><small>The opposing Slowking was badly poisoned!</small><br></div><div class="spacer battle-history"><br></div><div class="battle-history">The opposing Slowking used <strong>Rest</strong>!<br></div><div class="battle-history"><small>The opposing Slowking fell asleep!</small><br></div><div class="battle-history"><small>The opposing Slowking slept and became healthy!</small><br></div><div class="spacer battle-history"><br></div><h2 class="battle-history">Turn 102</h2><div class="chat chatmessage-rmia"><strong style="color:hsl(109,45%,41%)"><small>★</small><span class="username" data-name="*<Rυmia">*&lt;Rυmia</span>:</strong> <em>Sabro Sugoi</em></div><div class="chat chatmessage-sabrosugoi"><strong style="color:hsl(269,79%,54.685643446169735%)"><small> </small><span class="username" data-name="Sabro Sugoi">Sabro Sugoi</span>:</strong> <em>pls</em></div><div class="chat chatmessage-rmia"><strong style="color:hsl(109,45%,41%)"><small>★</small><span class="username" data-name="*<Rυmia">*&lt;Rυmia</span>:</strong> <em>Eres estúpido?</em></div><div class="chat chatmessage-sabrosugoi"><strong style="color:hsl(269,79%,54.685643446169735%)"><small> </small><span class="username" data-name="Sabro Sugoi">Sabro Sugoi</span>:</strong> <em>to easy 4 me</em></div><div class="spacer battle-history"><br></div><div class="battle-history">Seismitoad used <strong>Knock Off</strong>!<br></div><div class="battle-history"><small>It's super effective!</small><br></div><div class="battle-history"><small>(The opposing Slowking lost <abbr title="−74/394">18.8%</abbr> of its health!)</small><br></div><div class="spacer battle-history"><br></div><div class="battle-history">The opposing Slowking is fast asleep.<br></div><div class="spacer battle-history"><br></div><h2 class="battle-history">Turn 103</h2><div class="chat chatmessage-sabrosugoi"><strong style="color:hsl(269,79%,54.685643446169735%)"><small> </small><span class="username" data-name="Sabro Sugoi">Sabro Sugoi</span>:</strong> <em>Probablemente</em></div><div class="spacer battle-history"><br></div><div class="battle-history">Seismitoad used <strong>Knock Off</strong>!<br></div><div class="battle-history"><small>It's super effective!</small><br></div><div class="battle-history"><small>(The opposing Slowking lost <abbr title="−84/394">21.3%</abbr> of its health!)</small><br></div><div class="spacer battle-history"><br></div><div class="battle-history">The opposing Slowking is fast asleep.<br></div><div class="spacer battle-history"><br></div><h2 class="battle-history">Turn 104</h2><div class="chat chatmessage-sabrosugoi"><strong style="color:hsl(269,79%,54.685643446169735%)"><small> </small><span class="username" data-name="Sabro Sugoi">Sabro Sugoi</span>:</strong> <em>Pero eso no quiere decir que vas a chokear</em></div><div class="spacer battle-history"><br></div><div class="battle-history">Seismitoad used <strong>Scald</strong>!<br></div><div class="battle-history"><small>It's not very effective...</small><br></div><div class="battle-history"><small>(The opposing Slowking lost <abbr title="−9/394">2.3%</abbr> of its health!)</small><br></div><div class="battle-history"><small>The opposing Slowking woke up!</small><br></div><div class="spacer battle-history"><br></div><div class="battle-history">The opposing Slowking used <strong>Calm Mind</strong>!<br></div><div class="battle-history"><small>The opposing Slowking's Special Attack won't go any higher!</small><br></div><div class="battle-history"><small>The opposing Slowking's Special Defense won't go any higher!</small><br></div><div class="spacer battle-history"><br></div><h2 class="battle-history">Turn 105</h2><div class="chat chatmessage-sabrosugoi"><strong style="color:hsl(269,79%,54.685643446169735%)"><small> </small><span class="username" data-name="Sabro Sugoi">Sabro Sugoi</span>:</strong> <em>Tanto como agosto en las wars</em></div><div class="spacer battle-history"><br></div><div class="battle-history">Seismitoad used <strong>Toxic</strong>!<br></div><div class="battle-history"><small>The opposing Slowking was badly poisoned!</small><br></div><div class="spacer battle-history"><br></div><div class="battle-history">The opposing Slowking used <strong>Calm Mind</strong>!<br></div><div class="battle-history"><small>The opposing Slowking's Special Attack won't go any higher!</small><br></div><div class="battle-history"><small>The opposing Slowking's Special Defense won't go any higher!</small><br></div><div class="spacer battle-history"><br></div><div class="battle-history"><small>The opposing Slowking was hurt by poison!</small><br></div><div class="spacer battle-history"><br></div><h2 class="battle-history">Turn 106</h2><div class="spacer battle-history"><br></div><div class="battle-history">Seismitoad used <strong>Substitute</strong>!<br></div><div class="battle-history"><small>Seismitoad already has a substitute!</small><br></div><div class="spacer battle-history"><br></div><div class="battle-history">The opposing Slowking used <strong>Calm Mind</strong>!<br></div><div class="battle-history"><small>The opposing Slowking's Special Attack won't go any higher!</small><br></div><div class="battle-history"><small>The opposing Slowking's Special Defense won't go any higher!</small><br></div><div class="spacer battle-history"><br></div><div class="battle-history"><small>The opposing Slowking was hurt by poison!</small><br></div><div class="spacer battle-history"><br></div><h2 class="battle-history">Turn 107</h2><div class="spacer battle-history"><br></div><div class="battle-history">Seismitoad used <strong>Knock Off</strong>!<br></div><div class="battle-history"><small>It's super effective!</small><br></div><div class="battle-history"><small>(The opposing Slowking lost <abbr title="−88/394">22.3%</abbr> of its health!)</small><br></div><div class="spacer battle-history"><br></div><div class="battle-history">The opposing Slowking used <strong>Rest</strong>!<br></div><div class="battle-history"><small>The opposing Slowking fell asleep!</small><br></div><div class="battle-history"><small>The opposing Slowking slept and became healthy!</small><br></div><div class="spacer battle-history"><br></div><h2 class="battle-history">Turn 108</h2><div class="chat chatmessage-asnakamura"><strong style="color:hsl(235,52%,63.56042994346666%)"><small>★</small><span class="username" data-name="AS Nakamura♥">AS Nakamura♥</span>:</strong> <em>Loco</em></div><div class="chat chatmessage-asnakamura"><strong style="color:hsl(235,52%,63.56042994346666%)"><small>★</small><span class="username" data-name="AS Nakamura♥">AS Nakamura♥</span>:</strong> <em>creo que si hace desarme ganaba</em></div><div class="spacer battle-history"><br></div><div class="battle-history">Seismitoad used <strong>Scald</strong>!<br></div><div class="battle-history"><small>It's not very effective...</small><br></div><div class="battle-history"><small>(The opposing Slowking lost <abbr title="−9/394">2.3%</abbr> of its health!)</small><br></div><div class="spacer battle-history"><br></div><div class="battle-history">The opposing Slowking is fast asleep.<br></div><div class="spacer battle-history"><br></div><h2 class="battle-history">Turn 109</h2><div class="spacer battle-history"><br></div><div class="battle-history">Seismitoad used <strong>Knock Off</strong>!<br></div><div class="battle-history"><small>It's super effective!</small><br></div><div class="battle-history"><small>(The opposing Slowking lost <abbr title="−80/394">20.3%</abbr> of its health!)</small><br></div><div class="spacer battle-history"><br></div><div class="battle-history">The opposing Slowking is fast asleep.<br></div><div class="spacer battle-history"><br></div><h2 class="battle-history">Turn 110</h2><div class="spacer battle-history"><br></div><div class="battle-history">Seismitoad used <strong>Substitute</strong>!<br></div><div class="battle-history"><small>Seismitoad already has a substitute!</small><br></div><div class="battle-history"><small>The opposing Slowking woke up!</small><br></div><div class="spacer battle-history"><br></div><div class="battle-history">The opposing Slowking used <strong>Calm Mind</strong>!<br></div><div class="battle-history"><small>The opposing Slowking's Special Attack won't go any higher!</small><br></div><div class="battle-history"><small>The opposing Slowking's Special Defense won't go any higher!</small><br></div><div class="spacer battle-history"><br></div><h2 class="battle-history">Turn 111</h2><div class="spacer battle-history"><br></div><div class="battle-history">Seismitoad used <strong>Toxic</strong>!<br></div><div class="battle-history"><small>The opposing Slowking was badly poisoned!</small><br></div><div class="spacer battle-history"><br></div><div class="battle-history">The opposing Slowking used <strong>Calm Mind</strong>!<br></div><div class="battle-history"><small>The opposing Slowking's Special Attack won't go any higher!</small><br></div><div class="battle-history"><small>The opposing Slowking's Special Defense won't go any higher!</small><br></div><div class="spacer battle-history"><br></div><div class="battle-history"><small>The opposing Slowking was hurt by poison!</small><br></div><div class="spacer battle-history"><br></div><h2 class="battle-history">Turn 112</h2><div class="spacer battle-history"><br></div><div class="battle-history">Seismitoad used <strong>Substitute</strong>!<br></div><div class="battle-history"><small>Seismitoad already has a substitute!</small><br></div><div class="spacer battle-history"><br></div><div class="battle-history">The opposing Slowking used <strong>Calm Mind</strong>!<br></div><div class="battle-history"><small>The opposing Slowking's Special Attack won't go any higher!</small><br></div><div class="battle-history"><small>The opposing Slowking's Special Defense won't go any higher!</small><br></div><div class="spacer battle-history"><br></div><div class="battle-history"><small>The opposing Slowking was hurt by poison!</small><br></div><div class="spacer battle-history"><br></div><h2 class="battle-history">Turn 113</h2><div class="chat chatmessage-sabrosugoi"><strong style="color:hsl(269,79%,54.685643446169735%)"><small> </small><span class="username" data-name="Sabro Sugoi">Sabro Sugoi</span>:</strong> <em>:v</em></div><div class="spacer battle-history"><br></div><div class="battle-history">Seismitoad used <strong>Substitute</strong>!<br></div><div class="battle-history"><small>Seismitoad already has a substitute!</small><br></div><div class="spacer battle-history"><br></div><div class="battle-history">The opposing Slowking used <strong>Calm Mind</strong>!<br></div><div class="battle-history"><small>The opposing Slowking's Special Attack won't go any higher!</small><br></div><div class="battle-history"><small>The opposing Slowking's Special Defense won't go any higher!</small><br></div><div class="spacer battle-history"><br></div><div class="battle-history"><small>The opposing Slowking was hurt by poison!</small><br></div><div class="spacer battle-history"><br></div><h2 class="battle-history">Turn 114</h2><div class="spacer battle-history"><br></div><div class="battle-history">Seismitoad used <strong>Substitute</strong>!<br></div><div class="battle-history"><small>Seismitoad already has a substitute!</small><br></div><div class="spacer battle-history"><br></div><div class="battle-history">The opposing Slowking used <strong>Calm Mind</strong>!<br></div><div class="battle-history"><small>The opposing Slowking's Special Attack won't go any higher!</small><br></div><div class="battle-history"><small>The opposing Slowking's Special Defense won't go any higher!</small><br></div><div class="spacer battle-history"><br></div><div class="battle-history"><small>The opposing Slowking was hurt by poison!</small><br></div><div class="spacer battle-history"><br></div><h2 class="battle-history">Turn 115</h2><div class="chat chatmessage-sabrosugoi"><strong style="color:hsl(269,79%,54.685643446169735%)"><small> </small><span class="username" data-name="Sabro Sugoi">Sabro Sugoi</span>:</strong> <em>3 rest's papuj</em></div><div class="spacer battle-history"><br></div><div class="battle-history">Seismitoad used <strong>Scald</strong>!<br></div><div class="battle-history"><small>It's not very effective...</small><br></div><div class="battle-history"><small>(The opposing Slowking lost <abbr title="−9/394">2.3%</abbr> of its health!)</small><br></div><div class="spacer battle-history"><br></div><div class="battle-history">The opposing Slowking used <strong>Rest</strong>!<br></div><div class="battle-history"><small>The opposing Slowking fell asleep!</small><br></div><div class="battle-history"><small>The opposing Slowking slept and became healthy!</small><br></div><div class="spacer battle-history"><br></div><h2 class="battle-history">Turn 116</h2><div class="spacer battle-history"><br></div><div class="battle-history">Seismitoad used <strong>Scald</strong>!<br></div><div class="battle-history"><small>It's not very effective...</small><br></div><div class="battle-history"><small>(The opposing Slowking lost <abbr title="−9/394">2.3%</abbr> of its health!)</small><br></div><div class="spacer battle-history"><br></div><div class="battle-history">The opposing Slowking is fast asleep.<br></div><div class="spacer battle-history"><br></div><h2 class="battle-history">Turn 117</h2><div class="spacer battle-history"><br></div><div class="battle-history">Seismitoad used <strong>Substitute</strong>!<br></div><div class="battle-history"><small>Seismitoad already has a substitute!</small><br></div><div class="spacer battle-history"><br></div><div class="battle-history">The opposing Slowking is fast asleep.<br></div><div class="spacer battle-history"><br></div><h2 class="battle-history">Turn 118</h2><div class="spacer battle-history"><br></div><div class="battle-history">Seismitoad used <strong>Substitute</strong>!<br></div><div class="battle-history"><small>Seismitoad already has a substitute!</small><br></div><div class="battle-history"><small>The opposing Slowking woke up!</small><br></div><div class="spacer battle-history"><br></div><div class="battle-history">The opposing Slowking used <strong>Calm Mind</strong>!<br></div><div class="battle-history"><small>The opposing Slowking's Special Attack won't go any higher!</small><br></div><div class="battle-history"><small>The opposing Slowking's Special Defense won't go any higher!</small><br></div><div class="spacer battle-history"><br></div><h2 class="battle-history">Turn 119</h2><div class="spacer battle-history"><br></div><div class="battle-history">Seismitoad used <strong>Toxic</strong>!<br></div><div class="battle-history"><small>The opposing Slowking was badly poisoned!</small><br></div><div class="spacer battle-history"><br></div><div class="battle-history">The opposing Slowking used <strong>Calm Mind</strong>!<br></div><div class="battle-history"><small>The opposing Slowking's Special Attack won't go any higher!</small><br></div><div class="battle-history"><small>The opposing Slowking's Special Defense won't go any higher!</small><br></div><div class="spacer battle-history"><br></div><div class="battle-history"><small>The opposing Slowking was hurt by poison!</small><br></div><div class="spacer battle-history"><br></div><h2 class="battle-history">Turn 120</h2><div class="chat chatmessage-sabrosugoi"><strong style="color:hsl(269,79%,54.685643446169735%)"><small> </small><span class="username" data-name="Sabro Sugoi">Sabro Sugoi</span>:</strong> <em>haru mank</em></div><div class="spacer battle-history"><br></div><div class="battle-history">Seismitoad used <strong>Substitute</strong>!<br></div><div class="battle-history"><small>Seismitoad already has a substitute!</small><br></div><div class="spacer battle-history"><br></div><div class="battle-history">The opposing Slowking used <strong>Block</strong>!<br></div><div class="battle-history"><small>But it failed!</small><br></div><div class="spacer battle-history"><br></div><div class="battle-history"><small>The opposing Slowking was hurt by poison!</small><br></div><div class="spacer battle-history"><br></div><h2 class="battle-history">Turn 121</h2><div class="spacer battle-history"><br></div><div class="battle-history">Seismitoad used <strong>Toxic</strong>!<br></div><div class="battle-history"><small>But it failed!</small><br></div><div class="spacer battle-history"><br></div><div class="battle-history">The opposing Slowking used <strong>Block</strong>!<br></div><div class="battle-history"><small>But it failed!</small><br></div><div class="spacer battle-history"><br></div><div class="battle-history"><small>The opposing Slowking was hurt by poison!</small><br></div><div class="spacer battle-history"><br></div><h2 class="battle-history">Turn 122</h2><div class="spacer battle-history"><br></div><div class="battle-history">Seismitoad used <strong>Scald</strong>!<br></div><div class="battle-history"><small>It's not very effective...</small><br></div><div class="battle-history"><small>A critical hit!</small><br></div><div class="battle-history"><small>(The opposing Slowking lost <abbr title="−54/394">13.7%</abbr> of its health!)</small><br></div><div class="spacer battle-history"><br></div><div class="battle-history">The opposing Slowking used <strong>Block</strong>!<br></div><div class="battle-history"><small>But it failed!</small><br></div><div class="spacer battle-history"><br></div><div class="battle-history"><small>The opposing Slowking was hurt by poison!</small><br></div><div class="spacer battle-history"><br></div><h2 class="battle-history">Turn 123</h2><div class="spacer battle-history"><br></div><div class="battle-history">Seismitoad used <strong>Scald</strong>!<br></div><div class="battle-history"><small>It's not very effective...</small><br></div><div class="battle-history"><small>(The opposing Slowking lost <abbr title="−8/394">2.0%</abbr> of its health!)</small><br></div><div class="spacer battle-history"><br></div><div class="battle-history">The opposing Slowking used <strong>Rest</strong>!<br></div><div class="battle-history"><small>The opposing Slowking fell asleep!</small><br></div><div class="battle-history"><small>The opposing Slowking slept and became healthy!</small><br></div><div class="spacer battle-history"><br></div><h2 class="battle-history">Turn 124</h2><div class="chat chatmessage-sabrosugoi"><strong style="color:hsl(269,79%,54.685643446169735%)"><small> </small><span class="username" data-name="Sabro Sugoi">Sabro Sugoi</span>:</strong> <em>ahora si llega el critic xd</em></div><div class="spacer battle-history"><br></div><div class="battle-history">Seismitoad used <strong>Scald</strong>!<br></div><div class="battle-history"><small>It's not very effective...</small><br></div><div class="battle-history"><small>(The opposing Slowking lost <abbr title="−9/394">2.3%</abbr> of its health!)</small><br></div><div class="spacer battle-history"><br></div><div class="battle-history">The opposing Slowking is fast asleep.<br></div><div class="spacer battle-history"><br></div><h2 class="battle-history">Turn 125</h2><div class="chat chatmessage-asnakamura"><strong style="color:hsl(235,52%,63.56042994346666%)"><small>★</small><span class="username" data-name="AS Nakamura♥">AS Nakamura♥</span>:</strong> <em>a la hora</em></div><div class="chat chatmessage-sabrosugoi"><strong style="color:hsl(269,79%,54.685643446169735%)"><small> </small><span class="username" data-name="Sabro Sugoi">Sabro Sugoi</span>:</strong> <em>xddd</em></div><div class="chat chatmessage-sabrosugoi"><strong style="color:hsl(269,79%,54.685643446169735%)"><small> </small><span class="username" data-name="Sabro Sugoi">Sabro Sugoi</span>:</strong> <em>rmia es to easy</em></div><div class="spacer battle-history"><br></div><div class="battle-history">Seismitoad used <strong>Scald</strong>!<br></div><div class="battle-history"><small>It's not very effective...</small><br></div><div class="battle-history"><small>(The opposing Slowking lost <abbr title="−9/394">2.3%</abbr> of its health!)</small><br></div><div class="spacer battle-history"><br></div><div class="battle-history">The opposing Slowking is fast asleep.<br></div><div class="spacer battle-history"><br></div><h2 class="battle-history">Turn 126</h2><div class="chat chatmessage-rmia"><strong style="color:hsl(109,45%,41%)"><small>★</small><span class="username" data-name="*<Rυmia">*&lt;Rυmia</span>:</strong> <em>Sabro Sugoi</em></div><div class="chat chatmessage-rmia"><strong style="color:hsl(109,45%,41%)"><small>★</small><span class="username" data-name="*<Rυmia">*&lt;Rυmia</span>:</strong> <em>Quien fue a hablar</em></div><div class="chat chatmessage-rmia"><strong style="color:hsl(109,45%,41%)"><small>★</small><span class="username" data-name="*<Rυmia">*&lt;Rυmia</span>:</strong> <em>LOL</em></div><div class="spacer battle-history"><br></div><div class="battle-history">Seismitoad used <strong>Scald</strong>!<br></div><div class="battle-history"><small>It's not very effective...</small><br></div><div class="battle-history"><small>(The opposing Slowking lost <abbr title="−9/394">2.3%</abbr> of its health!)</small><br></div><div class="battle-history"><small>The opposing Slowking woke up!</small><br></div><div class="spacer battle-history"><br></div><div class="battle-history">The opposing Slowking used <strong>Calm Mind</strong>!<br></div><div class="battle-history"><small>The opposing Slowking's Special Attack won't go any higher!</small><br></div><div class="battle-history"><small>The opposing Slowking's Special Defense won't go any higher!</small><br></div><div class="spacer battle-history"><br></div><h2 class="battle-history">Turn 127</h2><div class="chat chatmessage-sabrosugoi"><strong style="color:hsl(269,79%,54.685643446169735%)"><small> </small><span class="username" data-name="Sabro Sugoi">Sabro Sugoi</span>:</strong> <em>Si yo soy bien proh :V</em></div><div class="spacer battle-history"><br></div><div class="battle-history">Seismitoad used <strong>Toxic</strong>!<br></div><div class="battle-history"><small>The opposing Slowking was badly poisoned!</small><br></div><div class="spacer battle-history"><br></div><div class="battle-history">The opposing Slowking used <strong>Block</strong>!<br></div><div class="battle-history"><small>But it failed!</small><br></div><div class="spacer battle-history"><br></div><div class="battle-history"><small>The opposing Slowking was hurt by poison!</small><br></div><div class="spacer battle-history"><br></div><h2 class="battle-history">Turn 128</h2><div class="spacer battle-history"><br></div><div class="battle-history">Seismitoad used <strong>Scald</strong>!<br></div><div class="battle-history"><small>It's not very effective...</small><br></div><div class="battle-history"><small>(The opposing Slowking lost <abbr title="−9/394">2.3%</abbr> of its health!)</small><br></div><div class="spacer battle-history"><br></div><div class="battle-history">The opposing Slowking used <strong>Block</strong>!<br></div><div class="battle-history"><small>But it failed!</small><br></div><div class="spacer battle-history"><br></div><div class="battle-history"><small>The opposing Slowking was hurt by poison!</small><br></div><div class="spacer battle-history"><br></div><h2 class="battle-history">Turn 129</h2><div class="chat chatmessage-sabrosugoi"><strong style="color:hsl(269,79%,54.685643446169735%)"><small> </small><span class="username" data-name="Sabro Sugoi">Sabro Sugoi</span>:</strong> <em>Le gano hasta a slayer con sus trampas :v</em></div><div class="spacer battle-history"><br></div><div class="battle-history">Seismitoad used <strong>Scald</strong>!<br></div><div class="battle-history"><small>It's not very effective...</small><br></div><div class="battle-history"><small>(The opposing Slowking lost <abbr title="−10/394">2.5%</abbr> of its health!)</small><br></div><div class="spacer battle-history"><br></div><div class="battle-history">The opposing Slowking used <strong>Block</strong>!<br></div><div class="battle-history"><small>But it failed!</small><br></div><div class="spacer battle-history"><br></div><div class="battle-history"><small>The opposing Slowking was hurt by poison!</small><br></div><div class="spacer battle-history"><br></div><h2 class="battle-history">Turn 130</h2><div class="spacer battle-history"><br></div><div class="battle-history">Seismitoad used <strong>Scald</strong>!<br></div><div class="battle-history"><small>It's not very effective...</small><br></div><div class="battle-history"><small>(The opposing Slowking lost <abbr title="−8/394">2.0%</abbr> of its health!)</small><br></div><div class="spacer battle-history"><br></div><div class="battle-history">The opposing Slowking used <strong>Calm Mind</strong>!<br></div><div class="battle-history"><small>The opposing Slowking's Special Attack won't go any higher!</small><br></div><div class="battle-history"><small>The opposing Slowking's Special Defense won't go any higher!</small><br></div><div class="spacer battle-history"><br></div><div class="battle-history"><small>The opposing Slowking was hurt by poison!</small><br></div><div class="spacer battle-history"><br></div><h2 class="battle-history">Turn 131</h2><div class="spacer battle-history"><br></div><div class="battle-history">Seismitoad used <strong>Scald</strong>!<br></div><div class="battle-history"><small>It's not very effective...</small><br></div><div class="battle-history"><small>A critical hit!</small><br></div><div class="battle-history"><small>(The opposing Slowking lost <abbr title="−48/394">12.2%</abbr> of its health!)</small><br></div><div class="spacer battle-history"><br></div><div class="battle-history">The opposing Slowking used <strong>Rest</strong>!<br></div><div class="battle-history"><small>The opposing Slowking fell asleep!</small><br></div><div class="battle-history"><small>The opposing Slowking slept and became healthy!</small><br></div><div class="spacer battle-history"><br></div><h2 class="battle-history">Turn 132</h2><div class="spacer battle-history"><br></div><div class="battle-history">Seismitoad used <strong>Scald</strong>!<br></div><div class="battle-history"><small>It's not very effective...</small><br></div><div class="battle-history"><small>(The opposing Slowking lost <abbr title="−9/394">2.3%</abbr> of its health!)</small><br></div><div class="spacer battle-history"><br></div><div class="battle-history">The opposing Slowking is fast asleep.<br></div><div class="spacer battle-history"><br></div><h2 class="battle-history">Turn 133</h2><div class="chat chatmessage-sabrosugoi"><strong style="color:hsl(269,79%,54.685643446169735%)"><small> </small><span class="username" data-name="Sabro Sugoi">Sabro Sugoi</span>:</strong> <em>lol</em></div><div class="spacer battle-history"><br></div><div class="battle-history">Seismitoad used <strong>Toxic</strong>!<br></div><div class="battle-history"><small>But it failed!</small><br></div><div class="spacer battle-history"><br></div><div class="battle-history">The opposing Slowking is fast asleep.<br></div><div class="spacer battle-history"><br></div><h2 class="battle-history">Turn 134</h2><div class="chat chatmessage-sabrosugoi"><strong style="color:hsl(269,79%,54.685643446169735%)"><small> </small><span class="username" data-name="Sabro Sugoi">Sabro Sugoi</span>:</strong> <em>gano slow</em></div><div class="chat chatmessage-sabrosugoi"><strong style="color:hsl(269,79%,54.685643446169735%)"><small> </small><span class="username" data-name="Sabro Sugoi">Sabro Sugoi</span>:</strong> <em>:v</em></div><div class="spacer battle-history"><br></div><div class="battle-history"><small>Seismitoad has no moves left!</small><br></div><div class="spacer battle-history"><br></div><div class="battle-history">Seismitoad used <strong>Struggle</strong>!<br></div><div class="battle-history"><small>(The opposing Slowking lost <abbr title="−28/394">7.1%</abbr> of its health!)</small><br></div><div class="battle-history"><small>Seismitoad is damaged by the recoil!</small><br></div><div class="battle-history"><small>The opposing Slowking woke up!</small><br></div><div class="spacer battle-history"><br></div><div class="battle-history">The opposing Slowking used <strong>Calm Mind</strong>!<br></div><div class="battle-history"><small>The opposing Slowking's Special Attack won't go any higher!</small><br></div><div class="battle-history"><small>The opposing Slowking's Special Defense won't go any higher!</small><br></div><div class="spacer battle-history"><br></div><div class="battle-history"><small>Seismitoad restored a little HP using its Leftovers!</small><br></div><div class="spacer battle-history"><br></div><h2 class="battle-history">Turn 135</h2><div class="chat chatmessage-rmia"><strong style="color:hsl(109,45%,41%)"><small>★</small><span class="username" data-name="*<Rυmia">*&lt;Rυmia</span>:</strong> <em>No</em></div><div class="chat chatmessage-rmia"><strong style="color:hsl(109,45%,41%)"><small>★</small><span class="username" data-name="*<Rυmia">*&lt;Rυmia</span>:</strong> <em>LOL</em></div><div class="chat chatmessage-rmia"><strong style="color:hsl(109,45%,41%)"><small>★</small><span class="username" data-name="*<Rυmia">*&lt;Rυmia</span>:</strong> <em>Se me acabo todo</em></div><div class="chat chatmessage-juaninjuanharry"><strong style="color:hsl(51,75%,34%)"><small> </small><span class="username" data-name="JuaninJuanHarry">JuaninJuanHarry</span>:</strong> <em>lol</em></div><div class="chat chatmessage-rmia"><strong style="color:hsl(109,45%,41%)"><small>★</small><span class="username" data-name="*<Rυmia">*&lt;Rυmia</span>:</strong> <em>Queda scald</em></div><div class="spacer battle-history"><br></div><div class="battle-history"><small>Seismitoad has no moves left!</small><br></div><div class="spacer battle-history"><br></div><div class="battle-history">Seismitoad used <strong>Struggle</strong>!<br></div><div class="battle-history"><small>(The opposing Slowking lost <abbr title="−31/394">7.9%</abbr> of its health!)</small><br></div><div class="battle-history"><small>Seismitoad is damaged by the recoil!</small><br></div><div class="spacer battle-history"><br></div><div class="battle-history">The opposing Slowking used <strong>Scald</strong>!<br></div><div class="battle-history"><small>[Seismitoad's Water Absorb]</small><br><small>Seismitoad restored its HP.</small><br></div><div class="spacer battle-history"><br></div><div class="battle-history"><small>Seismitoad restored a little HP using its Leftovers!</small><br></div><div class="spacer battle-history"><br></div><h2 class="battle-history">Turn 136</h2><div class="chat chatmessage-asnakamura"><strong style="color:hsl(235,52%,63.56042994346666%)"><small>★</small><span class="username" data-name="AS Nakamura♥">AS Nakamura♥</span>:</strong> <em>ajjajajajajaj</em></div><div class="chat chatmessage-sabrosugoi"><strong style="color:hsl(269,79%,54.685643446169735%)"><small> </small><span class="username" data-name="Sabro Sugoi">Sabro Sugoi</span>:</strong> <em>;u</em></div><div class="spacer battle-history"><br></div><div class="battle-history"><small>Seismitoad has no moves left!</small><br></div><div class="spacer battle-history"><br></div><div class="battle-history">Seismitoad used <strong>Struggle</strong>!<br></div><div class="battle-history"><small>A critical hit!</small><br></div><div class="battle-history"><small>(The opposing Slowking lost <abbr title="−46/394">11.7%</abbr> of its health!)</small><br></div><div class="battle-history"><small>Seismitoad is damaged by the recoil!</small><br></div><div class="spacer battle-history"><br></div><div class="battle-history">The opposing Slowking used <strong>Scald</strong>!<br></div><div class="battle-history"><small>[Seismitoad's Water Absorb]</small><br><small>Seismitoad restored its HP.</small><br></div><div class="spacer battle-history"><br></div><div class="battle-history"><small>Seismitoad restored a little HP using its Leftovers!</small><br></div><div class="spacer battle-history"><br></div><h2 class="battle-history">Turn 137</h2><div class="chat chatmessage-asnakamura"><strong style="color:hsl(235,52%,63.56042994346666%)"><small>★</small><span class="username" data-name="AS Nakamura♥">AS Nakamura♥</span>:</strong> <em>puta manca</em></div><div class="chat chatmessage-sabrosugoi"><strong style="color:hsl(269,79%,54.685643446169735%)"><small> </small><span class="username" data-name="Sabro Sugoi">Sabro Sugoi</span>:</strong> <em>se me olvido eso xd</em></div><div class="chat chatmessage-rmia"><strong style="color:hsl(109,45%,41%)"><small>★</small><span class="username" data-name="*<Rυmia">*&lt;Rυmia</span>:</strong> <em>Puta la wea</em></div><div class="chat chatmessage-rmia"><strong style="color:hsl(109,45%,41%)"><small>★</small><span class="username" data-name="*<Rυmia">*&lt;Rυmia</span>:</strong> <em>ql</em></div><div class="chat chatmessage-asnakamura"><strong style="color:hsl(235,52%,63.56042994346666%)"><small>★</small><span class="username" data-name="AS Nakamura♥">AS Nakamura♥</span>:</strong> <em>que sos haru</em></div><div class="spacer battle-history"><br></div><div class="battle-history"><small>Seismitoad has no moves left!</small><br></div><div class="spacer battle-history"><br></div><div class="battle-history">Seismitoad used <strong>Struggle</strong>!<br></div><div class="battle-history"><small>(The opposing Slowking lost <abbr title="−33/394">8.4%</abbr> of its health!)</small><br></div><div class="battle-history"><small>Seismitoad is damaged by the recoil!</small><br></div><div class="spacer battle-history"><br></div><div class="battle-history">The opposing Slowking used <strong>Scald</strong>!<br></div><div class="battle-history"><small>[Seismitoad's Water Absorb]</small><br><small>Seismitoad restored its HP.</small><br></div><div class="spacer battle-history"><br></div><div class="battle-history"><small>Seismitoad restored a little HP using its Leftovers!</small><br></div><div class="spacer battle-history"><br></div><h2 class="battle-history">Turn 138</h2><div class="chat chatmessage-coverride"><strong style="color:hsl(241,71%,60.76834704645744%)"><small>$</small><span class="username" data-name="Coverride">Coverride</span>:</strong> <em>eres malisima</em></div><div class="chat chatmessage-rmia"><strong style="color:hsl(109,45%,41%)"><small>★</small><span class="username" data-name="*<Rυmia">*&lt;Rυmia</span>:</strong> <em>Pero</em></div><div class="chat chatmessage-megagengar345"><strong style="color:hsl(346,69%,47.35430296190595%)"><small> </small><span class="username" data-name="MegaGengar 3_4_5">MegaGengar 3_4_5</span>:</strong> <em>y esas skills?</em></div><div class="chat chatmessage-sabrosugoi"><strong style="color:hsl(269,79%,54.685643446169735%)"><small> </small><span class="username" data-name="Sabro Sugoi">Sabro Sugoi</span>:</strong> <em>Jaru la china :v</em></div><div class="chat chatmessage-rmia"><strong style="color:hsl(109,45%,41%)"><small>★</small><span class="username" data-name="*<Rυmia">*&lt;Rυmia</span>:</strong> <em>Si te haz puesto nervioso y todo</em></div><div class="spacer battle-history"><br></div><div class="battle-history"><small>Seismitoad has no moves left!</small><br></div><div class="spacer battle-history"><br></div><div class="battle-history">Seismitoad used <strong>Struggle</strong>!<br></div><div class="battle-history"><small>(The opposing Slowking lost <abbr title="−33/394">8.4%</abbr> of its health!)</small><br></div><div class="battle-history"><small>Seismitoad is damaged by the recoil!</small><br></div><div class="spacer battle-history"><br></div><div class="battle-history">The opposing Slowking used <strong>Scald</strong>!<br></div><div class="battle-history"><small>[Seismitoad's Water Absorb]</small><br><small>Seismitoad restored its HP.</small><br></div><div class="spacer battle-history"><br></div><div class="battle-history"><small>Seismitoad restored a little HP using its Leftovers!</small><br></div><div class="spacer battle-history"><br></div><h2 class="battle-history">Turn 139</h2><div class="chat chatmessage-asnakamura"><strong style="color:hsl(235,52%,63.56042994346666%)"><small>★</small><span class="username" data-name="AS Nakamura♥">AS Nakamura♥</span>:</strong> <em>en verdad</em></div><div class="chat chatmessage-asnakamura"><strong style="color:hsl(235,52%,63.56042994346666%)"><small>★</small><span class="username" data-name="AS Nakamura♥">AS Nakamura♥</span>:</strong> <em>solo queria darte ilusion</em></div><div class="chat chatmessage-rmia"><strong style="color:hsl(109,45%,41%)"><small>★</small><span class="username" data-name="*<Rυmia">*&lt;Rυmia</span>:</strong> <em>Si hubiese tenido mejor match</em></div><div class="chat chatmessage-rmia"><strong style="color:hsl(109,45%,41%)"><small>★</small><span class="username" data-name="*<Rυmia">*&lt;Rυmia</span>:</strong> <em>JAJA</em></div><div class="chat chatmessage-rmia"><strong style="color:hsl(109,45%,41%)"><small>★</small><span class="username" data-name="*<Rυmia">*&lt;Rυmia</span>:</strong> <em>sure</em></div><div class="chat chatmessage-asnakamura"><strong style="color:hsl(235,52%,63.56042994346666%)"><small>★</small><span class="username" data-name="AS Nakamura♥">AS Nakamura♥</span>:</strong> <em>jajajjaa</em></div><div class="chat chatmessage-asnakamura"><strong style="color:hsl(235,52%,63.56042994346666%)"><small>★</small><span class="username" data-name="AS Nakamura♥">AS Nakamura♥</span>:</strong> <em>en verdad</em></div><div class="chat chatmessage-sabrosugoi"><strong style="color:hsl(269,79%,54.685643446169735%)"><small> </small><span class="username" data-name="Sabro Sugoi">Sabro Sugoi</span>:</strong> <em>Si era psyshock era easy</em></div><div class="chat chatmessage-asnakamura"><strong style="color:hsl(235,52%,63.56042994346666%)"><small>★</small><span class="username" data-name="AS Nakamura♥">AS Nakamura♥</span>:</strong> <em>si no hubiera chokeado</em></div><div class="chat chatmessage-asnakamura"><strong style="color:hsl(235,52%,63.56042994346666%)"><small>★</small><span class="username" data-name="AS Nakamura♥">AS Nakamura♥</span>:</strong> <em>ganaba mas facil</em></div><div class="chat"><small>Mandibuladel5555 joined.</small></div><div class="spacer battle-history"><br></div><div class="battle-history"><small>Seismitoad has no moves left!</small><br></div><div class="spacer battle-history"><br></div><div class="battle-history">Seismitoad used <strong>Struggle</strong>!<br></div><div class="battle-history"><small>(The opposing Slowking lost <abbr title="−31/394">7.9%</abbr> of its health!)</small><br></div><div class="battle-history"><small>Seismitoad is damaged by the recoil!</small><br></div><div class="spacer battle-history"><br></div><div class="battle-history">The opposing Slowking used <strong>Scald</strong>!<br></div><div class="battle-history"><small>[Seismitoad's Water Absorb]</small><br><small>Seismitoad restored its HP.</small><br></div><div class="spacer battle-history"><br></div><h2 class="battle-history">Turn 140</h2><div class="spacer battle-history"><br></div><div class="battle-history"><small>Seismitoad has no moves left!</small><br></div><div class="spacer battle-history"><br></div><div class="battle-history">Seismitoad used <strong>Struggle</strong>!<br></div><div class="battle-history"><small>(The opposing Slowking lost <abbr title="−32/394">8.1%</abbr> of its health!)</small><br></div><div class="battle-history"><small>Seismitoad is damaged by the recoil!</small><br></div><div class="spacer battle-history"><br></div><div class="battle-history">The opposing Slowking used <strong>Scald</strong>!<br></div><div class="battle-history"><small>[Seismitoad's Water Absorb]</small><br><small>Seismitoad restored its HP.</small><br></div><div class="spacer battle-history"><br></div><h2 class="battle-history">Turn 141</h2><div class="spacer battle-history"><br></div><div class="battle-history"><small>Seismitoad has no moves left!</small><br></div><div class="spacer battle-history"><br></div><div class="battle-history">Seismitoad used <strong>Struggle</strong>!<br></div><div class="battle-history"><small>(The opposing Slowking lost <abbr title="−28/394">7.1%</abbr> of its health!)</small><br></div><div class="battle-history"><small>Seismitoad is damaged by the recoil!</small><br></div><div class="spacer battle-history"><br></div><div class="battle-history">The opposing Slowking used <strong>Scald</strong>!<br></div><div class="battle-history"><small>[Seismitoad's Water Absorb]</small><br><small>Seismitoad restored its HP.</small><br></div><div class="spacer battle-history"><br></div><h2 class="battle-history">Turn 142</h2><div class="chat chatmessage-sabrosugoi"><strong style="color:hsl(269,79%,54.685643446169735%)"><small> </small><span class="username" data-name="Sabro Sugoi">Sabro Sugoi</span>:</strong> <em>nakamura wn da surrender :v</em></div><div class="spacer battle-history"><br></div><div class="battle-history"><small>Seismitoad has no moves left!</small><br></div><div class="spacer battle-history"><br></div><div class="battle-history">Seismitoad used <strong>Struggle</strong>!<br></div><div class="battle-history"><small>(The opposing Slowking lost <abbr title="−29/394">7.4%</abbr> of its health!)</small><br></div><div class="battle-history"><small>Seismitoad is damaged by the recoil!</small><br></div><div class="spacer battle-history"><br></div><div class="battle-history">The opposing Slowking used <strong>Scald</strong>!<br></div><div class="battle-history"><small>[Seismitoad's Water Absorb]</small><br><small>Seismitoad restored its HP.</small><br></div><div class="chat"><div class="broadcast-red">Seismitoad is in an endless loop: it isn't losing HP from Struggle.<br>If all active Pokémon go in an endless loop, Endless Battle Clause will activate.</div></div><div class="spacer battle-history"><br></div><h2 class="battle-history">Turn 143</h2><div class="chat"><small>Coverride left.</small></div><div class="chat chatmessage-asnakamura"><strong style="color:hsl(235,52%,63.56042994346666%)"><small>★</small><span class="username" data-name="AS Nakamura♥">AS Nakamura♥</span>:</strong> <em>LOL</em></div><div class="chat chatmessage-asnakamura"><strong style="color:hsl(235,52%,63.56042994346666%)"><small>★</small><span class="username" data-name="AS Nakamura♥">AS Nakamura♥</span>:</strong> <em>JAJAJAJAJJA</em></div><div class="chat chatmessage-rmia"><strong style="color:hsl(109,45%,41%)"><small>★</small><span class="username" data-name="*<Rυmia">*&lt;Rυmia</span>:</strong> <em>LOL</em></div><div class="spacer battle-history"><br></div><div class="battle-history"><small>Seismitoad has no moves left!</small><br></div><div class="spacer battle-history"><br></div><div class="battle-history">Seismitoad used <strong>Struggle</strong>!<br></div><div class="battle-history"><small>(The opposing Slowking lost <abbr title="−29/394">7.4%</abbr> of its health!)</small><br></div><div class="battle-history"><small>Seismitoad is damaged by the recoil!</small><br></div><div class="spacer battle-history"><br></div><div class="battle-history">The opposing Slowking used <strong>Scald</strong>!<br></div><div class="battle-history"><small>[Seismitoad's Water Absorb]</small><br><small>Seismitoad restored its HP.</small><br></div><div class="spacer battle-history"><br></div><h2 class="battle-history">Turn 144</h2><div class="chat chatmessage-sabrosugoi"><strong style="color:hsl(269,79%,54.685643446169735%)"><small> </small><span class="username" data-name="Sabro Sugoi">Sabro Sugoi</span>:</strong> <em>khe</em></div><div class="spacer battle-history"><br></div><div class="battle-history"><small>Seismitoad has no moves left!</small><br></div><div class="spacer battle-history"><br></div><div class="battle-history">Seismitoad used <strong>Struggle</strong>!<br></div><div class="battle-history"><small>(The opposing Slowking lost <abbr title="−33/394">8.4%</abbr> of its health!)</small><br></div><div class="battle-history"><small>Seismitoad is damaged by the recoil!</small><br></div><div class="spacer battle-history"><br></div><div class="battle-history">The opposing Slowking used <strong>Scald</strong>!<br></div><div class="battle-history"><small>[Seismitoad's Water Absorb]</small><br><small>Seismitoad restored its HP.</small><br></div><div class="spacer battle-history"><br></div><h2 class="battle-history">Turn 145</h2><div class="chat chatmessage-sabrosugoi"><strong style="color:hsl(269,79%,54.685643446169735%)"><small> </small><span class="username" data-name="Sabro Sugoi">Sabro Sugoi</span>:</strong> <em>que eso eso alv</em></div><div class="spacer battle-history"><br></div><div class="battle-history"><small>Seismitoad has no moves left!</small><br></div><div class="spacer battle-history"><br></div><div class="battle-history">Seismitoad used <strong>Struggle</strong>!<br></div><div class="battle-history"><small>(The opposing Slowking lost <abbr title="−32/394">8.1%</abbr> of its health!)</small><br></div><div class="battle-history"><small>Seismitoad is damaged by the recoil!</small><br></div><div class="spacer battle-history"><br></div><div class="battle-history">The opposing Slowking fainted!<br></div><div class="spacer battle-history"><br></div><div class="battle-history"><small>Seismitoad restored a little HP using its Leftovers!</small><br></div><div class="chat chatmessage-megagengar345"><strong style="color:hsl(346,69%,47.35430296190595%)"><small> </small><span class="username" data-name="MegaGengar 3_4_5">MegaGengar 3_4_5</span>:</strong> <em>.-.</em></div><div class="spacer battle-history"><br></div><div class="battle-history">*&lt;Rυmia sent out <strong>Flygon</strong>!<br></div><div class="battle-history"><small>Pointed stones dug into the opposing Flygon!</small><br></div><div class="spacer battle-history"><br></div><h2 class="battle-history">Turn 146</h2><div class="spacer battle-history"><br></div><div class="battle-history">The opposing Flygon used <strong>Earthquake</strong>!<br></div><div class="battle-history"><small>Seismitoad's substitute faded!</small><br></div><div class="battle-history"><small>Seismitoad has no moves left!</small><br></div><div class="spacer battle-history"><br></div><div class="battle-history">Seismitoad used <strong>Struggle</strong>!<br></div><div class="battle-history"><small>(The opposing Flygon lost <abbr title="−27/301">9.0%</abbr> of its health!)</small><br></div><div class="battle-history"><small>Seismitoad is damaged by the recoil!</small><br></div><div class="spacer battle-history"><br></div><div class="battle-history">The opposing Flygon fainted!<br></div><div class="spacer battle-history"><br></div><div class="battle-history"><strong>AS Nakamura♥</strong> won the battle!<br></div><div class="chat chatmessage-rmia"><strong style="color:hsl(109,45%,41%)"><small>★</small><span class="username" data-name="*<Rυmia">*&lt;Rυmia</span>:</strong> <em>Battle culia</em></div><div class="chat chatmessage-rmia"><strong style="color:hsl(109,45%,41%)"><small>★</small><span class="username" data-name="*<Rυmia">*&lt;Rυmia</span>:</strong> <em>buena</em></div><div class="chat chatmessage-rmia"><strong style="color:hsl(109,45%,41%)"><small>★</small><span class="username" data-name="*<Rυmia">*&lt;Rυmia</span>:</strong> <em>xD</em></div><div class="chat chatmessage-megagengar345"><strong style="color:hsl(346,69%,47.35430296190595%)"><small> </small><span class="username" data-name="MegaGengar 3_4_5">MegaGengar 3_4_5</span>:</strong> <em>esto decian las leyendas de pandora</em></div><div class="chat chatmessage-megagengar345"><strong style="color:hsl(346,69%,47.35430296190595%)"><small> </small><span class="username" data-name="MegaGengar 3_4_5">MegaGengar 3_4_5</span>:</strong> <em>(?)</em></div><div class="chat chatmessage-asnakamura"><strong style="color:hsl(235,52%,63.56042994346666%)"><small>★</small><span class="username" data-name="AS Nakamura♥">AS Nakamura♥</span>:</strong> <em>si weon</em></div><div class="chat chatmessage-asnakamura"><strong style="color:hsl(235,52%,63.56042994346666%)"><small>★</small><span class="username" data-name="AS Nakamura♥">AS Nakamura♥</span>:</strong> <em>xD</em></div><div class="chat"><small>*&lt;Rυmia left.</small></div></div><div class="inner-preempt"></div></div></div>
</div>
<script>
let daily = Math.floor(Date.now()/1000/60/60/24);document.write('<script src="https://play.pokemonshowdown.com/js/replay-embed.js?version'+daily+'"></'+'script>');
</script>
