<!DOCTYPE html>
<meta charset="utf-8" />
<!-- version 1 -->
<title>RU replay: EviGaro vs. ChillShadow</title>
<style>
html,body {font-family:Verdana, sans-serif;font-size:10pt;margin:0;padding:0;}body{padding:12px 0;} .battle-log {font-family:Verdana, sans-serif;font-size:10pt;} .battle-log-inline {border:1px solid #AAAAAA;background:#EEF2F5;color:black;max-width:640px;margin:0 auto 80px;padding-bottom:5px;} .battle-log .inner {padding:4px 8px 0px 8px;} .battle-log .inner-preempt {padding:0 8px 4px 8px;} .battle-log .inner-after {margin-top:0.5em;} .battle-log h2 {margin:0.5em -8px;padding:4px 8px;border:1px solid #AAAAAA;background:#E0E7EA;border-left:0;border-right:0;font-family:Verdana, sans-serif;font-size:13pt;} .battle-log .chat {vertical-align:middle;padding:3px 0 3px 0;font-size:8pt;} .battle-log .chat strong {color:#40576A;} .battle-log .chat em {padding:1px 4px 1px 3px;color:#000000;font-style:normal;} .chat.mine {background:rgba(0,0,0,0.05);margin-left:-8px;margin-right:-8px;padding-left:8px;padding-right:8px;} .spoiler {color:#BBBBBB;background:#BBBBBB;padding:0px 3px;} .spoiler:hover, .spoiler:active, .spoiler-shown {color:#000000;background:#E2E2E2;padding:0px 3px;} .spoiler a {color:#BBBBBB;} .spoiler:hover a, .spoiler:active a, .spoiler-shown a {color:#2288CC;} .chat code, .chat .spoiler:hover code, .chat .spoiler:active code, .chat .spoiler-shown code {border:1px solid #C0C0C0;background:#EEEEEE;color:black;padding:0 2px;} .chat .spoiler code {border:1px solid #CCCCCC;background:#CCCCCC;color:#CCCCCC;} .battle-log .rated {padding:3px 4px;} .battle-log .rated strong {color:white;background:#89A;padding:1px 4px;border-radius:4px;} .spacer {margin-top:0.5em;} .message-announce {background:#6688AA;color:white;padding:1px 4px 2px;} .message-announce a, .broadcast-green a, .broadcast-blue a, .broadcast-red a {color:#DDEEFF;} .broadcast-green {background-color:#559955;color:white;padding:2px 4px;} .broadcast-blue {background-color:#6688AA;color:white;padding:2px 4px;} .infobox {border:1px solid #6688AA;padding:2px 4px;} .infobox-limited {max-height:200px;overflow:auto;overflow-x:hidden;} .broadcast-red {background-color:#AA5544;color:white;padding:2px 4px;} .message-learn-canlearn {font-weight:bold;color:#228822;text-decoration:underline;} .message-learn-cannotlearn {font-weight:bold;color:#CC2222;text-decoration:underline;} .message-effect-weak {font-weight:bold;color:#CC2222;} .message-effect-resist {font-weight:bold;color:#6688AA;} .message-effect-immune {font-weight:bold;color:#666666;} .message-learn-list {margin-top:0;margin-bottom:0;} .message-throttle-notice, .message-error {color:#992222;} .message-overflow, .chat small.message-overflow {font-size:0pt;} .message-overflow::before {font-size:9pt;content:'...';} .subtle {color:#3A4A66;}
</style>
<div class="wrapper replay-wrapper" style="max-width:1180px;margin:0 auto">
<input type="hidden" name="replayid" value="ru-586192105" />
<div class="battle"></div><div class="battle-log"></div><div class="replay-controls"></div><div class="replay-controls-2"></div>
<h1 style="font-weight:normal;text-align:center"><strong>RU</strong><br /><a href="http://pokemonshowdown.com/users/evigaro" class="subtle" target="_blank">EviGaro</a> vs. <a href="http://pokemonshowdown.com/users/chillshadow" class="subtle" target="_blank">ChillShadow</a></h1>
<script type="text/plain" class="battle-log-data">|j|EviGaro
|j|ChillShadow
|player|p1|EviGaro|128
|teamsize|p1|6
|player|p2|ChillShadow|153
|teamsize|p2|6
|gametype|singles
|gen|6
|tier|RU
|seed|14250,6560,61779,8636
|rule|Sleep Clause Mod: Limit one foe put to sleep
|rule|Species Clause: Limit one of each Pokémon
|rule|OHKO Clause: OHKO moves are banned
|rule|Moody Clause: Moody is banned
|rule|Evasion Moves Clause: Evasion moves are banned
|rule|Endless Battle Clause: Forcing endless battles is banned
|rule|HP Percentage Mod: HP is shown in percentages
|clearpoke
|poke|p1|Magneton|item
|poke|p1|Sigilyph, F|item
|poke|p1|Venusaur, F|item
|poke|p1|Diancie|item
|poke|p1|Delphox, M|item
|poke|p1|Seismitoad, F|item
|poke|p2|Diancie|item
|poke|p2|Escavalier, M|item
|poke|p2|Alomomola, M|item
|poke|p2|Venusaur, M|item
|poke|p2|Emboar, F|item
|poke|p2|Jolteon, F|item
|rule|Swagger Clause: Swagger is banned
|rule|Baton Pass Clause: Limit one Baton Passer, can't pass Spe and other stats simultaneously
|teampreview
|c|☆ChillShadow|hf
|c|☆EviGaro|u2
|choice|team 6, team 2, team 3, team 4, team 5, team 1|team 3, team 2, team 1, team 4, team 5, team 6
|
|start
|switch|p1a: Seismitoad|Seismitoad, F|405\/405
|switch|p2a: Alomomola|Alomomola, M|501\/501
|turn|1
|choice|move substitute|move knockoff
|
|move|p1a: Seismitoad|Substitute|p1a: Seismitoad
|-start|p1a: Seismitoad|Substitute
|-damage|p1a: Seismitoad|304\/405
|move|p2a: Alomomola|Knock Off|p1a: Seismitoad
|-activate|p1a: Seismitoad|move: Substitute|[damage]
|
|-heal|p1a: Seismitoad|329\/405|[from] item: Leftovers
|upkeep
|turn|2
|choice|move toxic|switch 4
|
|switch|p2a: Venusaur|Venusaur, M|363\/363
|move|p1a: Seismitoad|Toxic|p2a: Venusaur
|-immune|p2a: Venusaur|[msg]
|
|-heal|p1a: Seismitoad|354\/405|[from] item: Leftovers
|upkeep
|turn|3
|choice|move icepunch|move sludgebomb
|
|move|p1a: Seismitoad|Ice Punch|p2a: Venusaur
|-supereffective|p2a: Venusaur
|-damage|p2a: Venusaur|213\/363
|move|p2a: Venusaur|Sludge Bomb|p1a: Seismitoad
|-resisted|p1a: Seismitoad
|-end|p1a: Seismitoad|Substitute
|
|-heal|p1a: Seismitoad|379\/405|[from] item: Leftovers
|-heal|p2a: Venusaur|235\/363|[from] item: Black Sludge
|upkeep
|turn|4
|choice|switch 2|move synthesis
|
|switch|p1a: Sigilyph|Sigilyph, F|285\/285
|move|p2a: Venusaur|Synthesis|p2a: Venusaur
|-heal|p2a: Venusaur|363\/363
|
|upkeep
|turn|5
|choice|move psychic|switch 3
|
|switch|p2a: Diancie|Diancie|304\/304
|move|p1a: Sigilyph|Psychic|p2a: Diancie
|-damage|p2a: Diancie|203\/304
|
|-heal|p2a: Diancie|222\/304|[from] item: Leftovers
|upkeep
|turn|6
|choice|switch 2|move stealthrock
|
|switch|p1a: Seismitoad|Seismitoad, F|379\/405
|move|p2a: Diancie|Stealth Rock|p1a: Seismitoad
|-sidestart|p1: EviGaro|move: Stealth Rock
|
|-heal|p1a: Seismitoad|404\/405|[from] item: Leftovers
|-heal|p2a: Diancie|241\/304|[from] item: Leftovers
|upkeep
|turn|7
|choice|move earthquake|switch 3
|
|switch|p2a: Venusaur|Venusaur, M|363\/363
|move|p1a: Seismitoad|Earthquake|p2a: Venusaur
|-damage|p2a: Venusaur|221\/363
|
|-heal|p1a: Seismitoad|405\/405|[from] item: Leftovers
|-heal|p2a: Venusaur|243\/363|[from] item: Black Sludge
|upkeep
|turn|8
|choice|switch 2|move gigadrain
|
|switch|p1a: Sigilyph|Sigilyph, F|285\/285
|move|p2a: Venusaur|Giga Drain|p1a: Sigilyph
|-resisted|p1a: Sigilyph
|-damage|p1a: Sigilyph|233\/285
|-heal|p2a: Venusaur|269\/363|[from] drain|[of] p1a: Sigilyph
|
|-heal|p2a: Venusaur|291\/363|[from] item: Black Sludge
|upkeep
|turn|9
|choice|move psychic|switch 4
|
|switch|p2a: Alomomola|Alomomola, M|501\/501
|move|p1a: Sigilyph|Psychic|p2a: Alomomola
|-damage|p2a: Alomomola|293\/501
|
|-heal|p2a: Alomomola|324\/501|[from] item: Leftovers
|upkeep
|turn|10
|j|Dundies
|choice|move calmmind|move protect
|
|move|p2a: Alomomola|Protect|p2a: Alomomola
|-singleturn|p2a: Alomomola|Protect
|move|p1a: Sigilyph|Calm Mind|p1a: Sigilyph
|-boost|p1a: Sigilyph|spa|1
|-boost|p1a: Sigilyph|spd|1
|
|-heal|p2a: Alomomola|355\/501|[from] item: Leftovers
|upkeep
|turn|11
|choice|move psychic|move knockoff
|
|move|p1a: Sigilyph|Psychic|p2a: Alomomola
|-damage|p2a: Alomomola|22\/501
|move|p2a: Alomomola|Knock Off|p1a: Sigilyph
|-supereffective|p1a: Sigilyph
|-damage|p1a: Sigilyph|97\/285
|-enditem|p1a: Sigilyph|Life Orb|[from] move: Knock Off|[of] p2a: Alomomola
|
|-heal|p2a: Alomomola|53\/501|[from] item: Leftovers
|upkeep
|turn|12
|choice|move psychic|switch 6
|
|switch|p2a: Jolteon|Jolteon, F|271\/271
|move|p1a: Sigilyph|Psychic|p2a: Jolteon
|-damage|p2a: Jolteon|57\/271
|
|upkeep
|turn|13
|choice|switch 2|move hiddenpower
|
|switch|p1a: Seismitoad|Seismitoad, F|405\/405
|-damage|p1a: Seismitoad|380\/405|[from] Stealth Rock
|move|p2a: Jolteon|Hidden Power|p1a: Seismitoad
|-damage|p1a: Seismitoad|272\/405
|-damage|p2a: Jolteon|30\/271|[from] item: Life Orb
|
|-heal|p1a: Seismitoad|297\/405|[from] item: Leftovers
|upkeep
|turn|14
|choice|move earthquake|move signalbeam
|
|move|p2a: Jolteon|Signal Beam|p1a: Seismitoad
|-damage|p1a: Seismitoad|159\/405
|-damage|p2a: Jolteon|3\/271|[from] item: Life Orb
|move|p1a: Seismitoad|Earthquake|p2a: Jolteon
|-supereffective|p2a: Jolteon
|-damage|p2a: Jolteon|0 fnt
|faint|p2a: Jolteon
|
|-heal|p1a: Seismitoad|184\/405|[from] item: Leftovers
|upkeep
|choice||switch 4
|
|switch|p2a: Venusaur|Venusaur, M|291\/363
|turn|15
|choice|switch 3|move gigadrain
|
|switch|p1a: Venusaur|Venusaur, F|363\/363
|-damage|p1a: Venusaur|318\/363|[from] Stealth Rock
|move|p2a: Venusaur|Giga Drain|p1a: Venusaur
|-resisted|p1a: Venusaur
|-damage|p1a: Venusaur|298\/363
|-heal|p2a: Venusaur|301\/363|[from] drain|[of] p1a: Venusaur
|
|-heal|p1a: Venusaur|320\/363|[from] item: Black Sludge
|-heal|p2a: Venusaur|323\/363|[from] item: Black Sludge
|upkeep
|turn|16
|choice|move leechseed|move sludgebomb
|
|move|p1a: Venusaur|Leech Seed|p2a: Venusaur
|-immune|p2a: Venusaur|[msg]
|move|p2a: Venusaur|Sludge Bomb|p1a: Venusaur
|-damage|p1a: Venusaur|215\/363
|
|-heal|p1a: Venusaur|237\/363|[from] item: Black Sludge
|-heal|p2a: Venusaur|345\/363|[from] item: Black Sludge
|upkeep
|turn|17
|choice|move synthesis|switch 5
|
|switch|p2a: Emboar|Emboar, F|361\/361
|move|p1a: Venusaur|Synthesis|p1a: Venusaur
|-heal|p1a: Venusaur|363\/363
|
|upkeep
|turn|18
|choice|switch 4|move heavyslam
|
|switch|p1a: Diancie|Diancie|303\/303
|-damage|p1a: Diancie|266\/303|[from] Stealth Rock
|move|p2a: Emboar|Heavy Slam|p1a: Diancie
|-supereffective|p1a: Diancie
|-damage|p1a: Diancie|0 fnt
|faint|p1a: Diancie
|
|upkeep
|choice|switch 3|
|
|switch|p1a: Seismitoad|Seismitoad, F|184\/405
|-damage|p1a: Seismitoad|159\/405|[from] Stealth Rock
|turn|19
|choice|move earthquake|switch 5
|
|switch|p2a: Venusaur|Venusaur, M|345\/363
|move|p1a: Seismitoad|Earthquake|p2a: Venusaur
|-damage|p2a: Venusaur|212\/363
|
|-heal|p1a: Seismitoad|184\/405|[from] item: Leftovers
|-heal|p2a: Venusaur|234\/363|[from] item: Black Sludge
|upkeep
|turn|20
|choice|move earthquake|move synthesis
|
|move|p1a: Seismitoad|Earthquake|p2a: Venusaur
|-damage|p2a: Venusaur|86\/363
|move|p2a: Venusaur|Synthesis|p2a: Venusaur
|-heal|p2a: Venusaur|267\/363
|
|-heal|p1a: Seismitoad|209\/405|[from] item: Leftovers
|-heal|p2a: Venusaur|289\/363|[from] item: Black Sludge
|upkeep
|turn|21
|j|UltraThunderbolts
|choice|switch 4|move gigadrain
|
|switch|p1a: Venusaur|Venusaur, F|363\/363
|-damage|p1a: Venusaur|318\/363|[from] Stealth Rock
|move|p2a: Venusaur|Giga Drain|p1a: Venusaur
|-resisted|p1a: Venusaur
|-crit|p1a: Venusaur
|-damage|p1a: Venusaur|283\/363
|-heal|p2a: Venusaur|307\/363|[from] drain|[of] p1a: Venusaur
|
|-heal|p1a: Venusaur|305\/363|[from] item: Black Sludge
|-heal|p2a: Venusaur|329\/363|[from] item: Black Sludge
|upkeep
|turn|22
|choice|move leechseed|move sludgebomb
|
|move|p1a: Venusaur|Leech Seed|p2a: Venusaur
|-immune|p2a: Venusaur|[msg]
|move|p2a: Venusaur|Sludge Bomb|p1a: Venusaur
|-damage|p1a: Venusaur|202\/363
|
|-heal|p1a: Venusaur|224\/363|[from] item: Black Sludge
|-heal|p2a: Venusaur|351\/363|[from] item: Black Sludge
|upkeep
|turn|23
|choice|move leechseed|move sludgebomb
|
|move|p1a: Venusaur|Leech Seed|p2a: Venusaur
|-immune|p2a: Venusaur|[msg]
|move|p2a: Venusaur|Sludge Bomb|p1a: Venusaur
|-damage|p1a: Venusaur|122\/363
|
|-heal|p1a: Venusaur|144\/363|[from] item: Black Sludge
|-heal|p2a: Venusaur|363\/363|[from] item: Black Sludge
|upkeep
|turn|24
|choice|move synthesis|move sludgebomb
|
|move|p1a: Venusaur|Synthesis|p1a: Venusaur
|-heal|p1a: Venusaur|325\/363
|move|p2a: Venusaur|Sludge Bomb|p1a: Venusaur
|-damage|p1a: Venusaur|226\/363
|
|-heal|p1a: Venusaur|248\/363|[from] item: Black Sludge
|upkeep
|turn|25
|choice|move sludgebomb|move sludgebomb
|
|move|p1a: Venusaur|Sludge Bomb|p2a: Venusaur
|-damage|p2a: Venusaur|267\/363
|move|p2a: Venusaur|Sludge Bomb|p1a: Venusaur
|-damage|p1a: Venusaur|146\/363
|
|-heal|p1a: Venusaur|168\/363|[from] item: Black Sludge
|-heal|p2a: Venusaur|289\/363|[from] item: Black Sludge
|upkeep
|turn|26
|choice|move sludgebomb|switch 5
|
|switch|p2a: Emboar|Emboar, F|361\/361
|move|p1a: Venusaur|Sludge Bomb|p2a: Emboar
|-damage|p2a: Emboar|202\/361
|
|-heal|p1a: Venusaur|190\/363|[from] item: Black Sludge
|upkeep
|turn|27
|choice|switch 2|move flareblitz
|
|switch|p1a: Sigilyph|Sigilyph, F|97\/285
|move|p2a: Emboar|Flare Blitz|p1a: Sigilyph
|-damage|p1a: Sigilyph|0 fnt
|-damage|p2a: Emboar|170\/361|[from] Recoil|[of] p1a: Sigilyph
|faint|p1a: Sigilyph
|
|upkeep
|choice|switch 5|
|
|switch|p1a: Delphox|Delphox, M|291\/291
|-damage|p1a: Delphox|219\/291|[from] Stealth Rock
|turn|28
|choice|move fireblast|switch 3
|
|switch|p2a: Diancie|Diancie|241\/304
|move|p1a: Delphox|Fire Blast|p2a: Diancie
|-resisted|p2a: Diancie
|-damage|p2a: Diancie|196\/304
|
|-heal|p2a: Diancie|215\/304|[from] item: Leftovers
|upkeep
|turn|29
|choice|switch 2|move moonblast
|
|switch|p1a: Venusaur|Venusaur, F|190\/363
|-damage|p1a: Venusaur|145\/363|[from] Stealth Rock
|move|p2a: Diancie|Moonblast|p1a: Venusaur
|-resisted|p1a: Venusaur
|-damage|p1a: Venusaur|84\/363
|
|-heal|p1a: Venusaur|106\/363|[from] item: Black Sludge
|-heal|p2a: Diancie|234\/304|[from] item: Leftovers
|upkeep
|turn|30
|choice|move synthesis|switch 2
|
|switch|p2a: Escavalier|Escavalier, M|341\/341
|move|p1a: Venusaur|Synthesis|p1a: Venusaur
|-heal|p1a: Venusaur|287\/363
|
|-heal|p1a: Venusaur|309\/363|[from] item: Black Sludge
|upkeep
|turn|31
|choice|move leechseed|move megahorn
|
|move|p1a: Venusaur|Leech Seed|p2a: Escavalier
|-start|p2a: Escavalier|move: Leech Seed
|move|p2a: Escavalier|Megahorn|p1a: Venusaur
|-damage|p1a: Venusaur|98\/363
|
|-heal|p1a: Venusaur|120\/363|[from] item: Black Sludge
|-damage|p2a: Escavalier|299\/341|[from] Leech Seed|[of] p1a: Venusaur
|-heal|p1a: Venusaur|162\/363|[silent]
|upkeep
|turn|32
|choice|move synthesis|switch 6
|
|switch|p2a: Alomomola|Alomomola, M|220\/501
|move|p1a: Venusaur|Synthesis|p1a: Venusaur
|-heal|p1a: Venusaur|343\/363
|
|-heal|p1a: Venusaur|363\/363|[from] item: Black Sludge
|-heal|p2a: Alomomola|251\/501|[from] item: Leftovers
|upkeep
|turn|33
|choice|move sludgebomb|switch 6
|
|switch|p2a: Escavalier|Escavalier, M|299\/341
|move|p1a: Venusaur|Sludge Bomb|p2a: Escavalier
|-immune|p2a: Escavalier|[msg]
|
|-heal|p2a: Escavalier|320\/341|[from] item: Leftovers
|upkeep
|turn|34
|choice|move leechseed|move megahorn
|
|move|p1a: Venusaur|Leech Seed|p2a: Escavalier
|-start|p2a: Escavalier|move: Leech Seed
|move|p2a: Escavalier|Megahorn|p1a: Venusaur
|-damage|p1a: Venusaur|152\/363
|
|-heal|p1a: Venusaur|174\/363|[from] item: Black Sludge
|-heal|p2a: Escavalier|341\/341|[from] item: Leftovers
|-damage|p2a: Escavalier|299\/341|[from] Leech Seed|[of] p1a: Venusaur
|-heal|p1a: Venusaur|216\/363|[silent]
|upkeep
|turn|35
|choice|switch 6|switch 5
|
|switch|p1a: Magneton|Magneton|241\/241
|-damage|p1a: Magneton|226\/241|[from] Stealth Rock
|switch|p2a: Venusaur|Venusaur, M|289\/363
|
|-heal|p2a: Venusaur|311\/363|[from] item: Black Sludge
|upkeep
|turn|36
|choice|move voltswitch|move leechseed
|
|move|p1a: Magneton|Volt Switch|p2a: Venusaur
|-resisted|p2a: Venusaur
|-crit|p2a: Venusaur
|-damage|p2a: Venusaur|221\/363
|choice|switch 6|
|
|switch|p1a: Venusaur|Venusaur, F|216\/363
|-damage|p1a: Venusaur|171\/363|[from] Stealth Rock
|move|p2a: Venusaur|Leech Seed|p1a: Venusaur
|-immune|p1a: Venusaur|[msg]
|
|-heal|p1a: Venusaur|193\/363|[from] item: Black Sludge
|-heal|p2a: Venusaur|243\/363|[from] item: Black Sludge
|upkeep
|turn|37
|choice|move synthesis|move synthesis
|
|move|p1a: Venusaur|Synthesis|p1a: Venusaur
|-heal|p1a: Venusaur|363\/363
|move|p2a: Venusaur|Synthesis|p2a: Venusaur
|-heal|p2a: Venusaur|363\/363
|
|upkeep
|turn|38
|choice|move sludgebomb|move sludgebomb
|
|move|p1a: Venusaur|Sludge Bomb|p2a: Venusaur
|-damage|p2a: Venusaur|266\/363
|move|p2a: Venusaur|Sludge Bomb|p1a: Venusaur
|-damage|p1a: Venusaur|251\/363
|
|-heal|p1a: Venusaur|273\/363|[from] item: Black Sludge
|-heal|p2a: Venusaur|288\/363|[from] item: Black Sludge
|upkeep
|turn|39
|choice|move sludgebomb|move sludgebomb
|
|move|p1a: Venusaur|Sludge Bomb|p2a: Venusaur
|-crit|p2a: Venusaur
|-damage|p2a: Venusaur|134\/363
|move|p2a: Venusaur|Sludge Bomb|p1a: Venusaur
|-damage|p1a: Venusaur|171\/363
|
|-heal|p1a: Venusaur|193\/363|[from] item: Black Sludge
|-heal|p2a: Venusaur|156\/363|[from] item: Black Sludge
|upkeep
|turn|40
|choice|move sludgebomb|move synthesis
|
|move|p1a: Venusaur|Sludge Bomb|p2a: Venusaur
|-crit|p2a: Venusaur
|-damage|p2a: Venusaur|2\/363
|move|p2a: Venusaur|Synthesis|p2a: Venusaur
|-heal|p2a: Venusaur|183\/363
|
|-heal|p1a: Venusaur|215\/363|[from] item: Black Sludge
|-heal|p2a: Venusaur|205\/363|[from] item: Black Sludge
|upkeep
|turn|41
|choice|move sludgebomb|move synthesis
|
|move|p1a: Venusaur|Sludge Bomb|p2a: Venusaur
|-damage|p2a: Venusaur|97\/363
|move|p2a: Venusaur|Synthesis|p2a: Venusaur
|-heal|p2a: Venusaur|278\/363
|
|-heal|p1a: Venusaur|237\/363|[from] item: Black Sludge
|-heal|p2a: Venusaur|300\/363|[from] item: Black Sludge
|upkeep
|turn|42
|choice|move sludgebomb|switch 5
|
|switch|p2a: Escavalier|Escavalier, M|299\/341
|move|p1a: Venusaur|Sludge Bomb|p2a: Escavalier
|-immune|p2a: Escavalier|[msg]
|
|-heal|p1a: Venusaur|259\/363|[from] item: Black Sludge
|-heal|p2a: Escavalier|320\/341|[from] item: Leftovers
|upkeep
|turn|43
|choice|move leechseed|move megahorn
|
|move|p1a: Venusaur|Leech Seed|p2a: Escavalier
|-start|p2a: Escavalier|move: Leech Seed
|move|p2a: Escavalier|Megahorn|p1a: Venusaur
|-damage|p1a: Venusaur|45\/363
|
|-heal|p1a: Venusaur|67\/363|[from] item: Black Sludge
|-heal|p2a: Escavalier|341\/341|[from] item: Leftovers
|-damage|p2a: Escavalier|299\/341|[from] Leech Seed|[of] p1a: Venusaur
|-heal|p1a: Venusaur|109\/363|[silent]
|upkeep
|turn|44
|choice|move synthesis|switch 5
|
|switch|p2a: Venusaur|Venusaur, M|300\/363
|move|p1a: Venusaur|Synthesis|p1a: Venusaur
|-heal|p1a: Venusaur|290\/363
|
|-heal|p1a: Venusaur|312\/363|[from] item: Black Sludge
|-heal|p2a: Venusaur|322\/363|[from] item: Black Sludge
|upkeep
|turn|45
|choice|move sludgebomb|switch 5
|
|switch|p2a: Escavalier|Escavalier, M|299\/341
|move|p1a: Venusaur|Sludge Bomb|p2a: Escavalier
|-immune|p2a: Escavalier|[msg]
|
|-heal|p1a: Venusaur|334\/363|[from] item: Black Sludge
|-heal|p2a: Escavalier|320\/341|[from] item: Leftovers
|upkeep
|turn|46
|choice|move leechseed|move megahorn
|
|move|p1a: Venusaur|Leech Seed|p2a: Escavalier
|-start|p2a: Escavalier|move: Leech Seed
|move|p2a: Escavalier|Megahorn|p1a: Venusaur
|-damage|p1a: Venusaur|147\/363
|
|-heal|p1a: Venusaur|169\/363|[from] item: Black Sludge
|-heal|p2a: Escavalier|341\/341|[from] item: Leftovers
|-damage|p2a: Escavalier|299\/341|[from] Leech Seed|[of] p1a: Venusaur
|-heal|p1a: Venusaur|211\/363|[silent]
|upkeep
|turn|47
|choice|move gigadrain|switch 5
|
|switch|p2a: Venusaur|Venusaur, M|322\/363
|move|p1a: Venusaur|Giga Drain|p2a: Venusaur
|-resisted|p2a: Venusaur
|-damage|p2a: Venusaur|300\/363
|-heal|p1a: Venusaur|222\/363|[from] drain|[of] p2a: Venusaur
|
|-heal|p1a: Venusaur|244\/363|[from] item: Black Sludge
|-heal|p2a: Venusaur|322\/363|[from] item: Black Sludge
|upkeep
|turn|48
|choice|move leechseed|move sludgebomb
|
|move|p1a: Venusaur|Leech Seed|p2a: Venusaur
|-immune|p2a: Venusaur|[msg]
|move|p2a: Venusaur|Sludge Bomb|p1a: Venusaur
|-damage|p1a: Venusaur|144\/363
|
|-heal|p1a: Venusaur|166\/363|[from] item: Black Sludge
|-heal|p2a: Venusaur|344\/363|[from] item: Black Sludge
|upkeep
|turn|49
|choice|move leechseed|switch 5
|
|switch|p2a: Escavalier|Escavalier, M|299\/341
|move|p1a: Venusaur|Leech Seed|p2a: Escavalier
|-start|p2a: Escavalier|move: Leech Seed
|
|-heal|p1a: Venusaur|188\/363|[from] item: Black Sludge
|-heal|p2a: Escavalier|320\/341|[from] item: Leftovers
|-damage|p2a: Escavalier|278\/341|[from] Leech Seed|[of] p1a: Venusaur
|-heal|p1a: Venusaur|230\/363|[silent]
|upkeep
|turn|50
|choice|move synthesis|switch 5
|
|switch|p2a: Venusaur|Venusaur, M|344\/363
|move|p1a: Venusaur|Synthesis|p1a: Venusaur
|-heal|p1a: Venusaur|363\/363
|
|-heal|p2a: Venusaur|363\/363|[from] item: Black Sludge
|upkeep
|turn|51
|choice|move sludgebomb|switch 5
|
|switch|p2a: Escavalier|Escavalier, M|278\/341
|move|p1a: Venusaur|Sludge Bomb|p2a: Escavalier
|-immune|p2a: Escavalier|[msg]
|
|-heal|p2a: Escavalier|299\/341|[from] item: Leftovers
|upkeep
|turn|52
|choice|move leechseed|move megahorn
|
|move|p1a: Venusaur|Leech Seed|p2a: Escavalier
|-start|p2a: Escavalier|move: Leech Seed
|move|p2a: Escavalier|Megahorn|p1a: Venusaur
|-damage|p1a: Venusaur|158\/363
|
|-heal|p1a: Venusaur|180\/363|[from] item: Black Sludge
|-heal|p2a: Escavalier|320\/341|[from] item: Leftovers
|-damage|p2a: Escavalier|278\/341|[from] Leech Seed|[of] p1a: Venusaur
|-heal|p1a: Venusaur|222\/363|[silent]
|upkeep
|turn|53
|choice|move sludgebomb|switch 5
|
|switch|p2a: Venusaur|Venusaur, M|363\/363
|move|p1a: Venusaur|Sludge Bomb|p2a: Venusaur
|-damage|p2a: Venusaur|257\/363
|
|-heal|p1a: Venusaur|244\/363|[from] item: Black Sludge
|-heal|p2a: Venusaur|279\/363|[from] item: Black Sludge
|upkeep
|turn|54
|choice|move sludgebomb|move sludgebomb
|
|move|p1a: Venusaur|Sludge Bomb|p2a: Venusaur
|-damage|p2a: Venusaur|177\/363
|move|p2a: Venusaur|Sludge Bomb|p1a: Venusaur
|-damage|p1a: Venusaur|129\/363
|
|-heal|p1a: Venusaur|151\/363|[from] item: Black Sludge
|-heal|p2a: Venusaur|199\/363|[from] item: Black Sludge
|upkeep
|turn|55
|choice|move sludgebomb|move synthesis
|
|move|p1a: Venusaur|Sludge Bomb|p2a: Venusaur
|-damage|p2a: Venusaur|91\/363
|move|p2a: Venusaur|Synthesis|p2a: Venusaur
|-heal|p2a: Venusaur|272\/363
|
|-heal|p1a: Venusaur|173\/363|[from] item: Black Sludge
|-heal|p2a: Venusaur|294\/363|[from] item: Black Sludge
|upkeep
|turn|56
|choice|move sludgebomb|move sludgebomb
|
|move|p1a: Venusaur|Sludge Bomb|p2a: Venusaur
|-damage|p2a: Venusaur|192\/363
|move|p2a: Venusaur|Sludge Bomb|p1a: Venusaur
|-damage|p1a: Venusaur|70\/363
|
|-heal|p1a: Venusaur|92\/363|[from] item: Black Sludge
|-heal|p2a: Venusaur|214\/363|[from] item: Black Sludge
|upkeep
|turn|57
|choice|move synthesis|move synthesis
|
|move|p1a: Venusaur|Synthesis|p1a: Venusaur
|-heal|p1a: Venusaur|273\/363
|move|p2a: Venusaur|Synthesis|p2a: Venusaur
|-heal|p2a: Venusaur|363\/363
|
|-heal|p1a: Venusaur|295\/363|[from] item: Black Sludge
|upkeep
|turn|58
|choice|move sludgebomb|move gigadrain
|
|move|p1a: Venusaur|Sludge Bomb|p2a: Venusaur
|-damage|p2a: Venusaur|264\/363
|move|p2a: Venusaur|Giga Drain|p1a: Venusaur
|-resisted|p1a: Venusaur
|-damage|p1a: Venusaur|273\/363
|-heal|p2a: Venusaur|275\/363|[from] drain|[of] p1a: Venusaur
|
|-heal|p1a: Venusaur|295\/363|[from] item: Black Sludge
|-heal|p2a: Venusaur|297\/363|[from] item: Black Sludge
|upkeep
|turn|59
|choice|move sludgebomb|switch 5
|
|switch|p2a: Escavalier|Escavalier, M|278\/341
|move|p1a: Venusaur|Sludge Bomb|p2a: Escavalier
|-immune|p2a: Escavalier|[msg]
|
|-heal|p1a: Venusaur|317\/363|[from] item: Black Sludge
|-heal|p2a: Escavalier|299\/341|[from] item: Leftovers
|upkeep
|turn|60
|choice|switch 6|move megahorn
|
|switch|p1a: Magneton|Magneton|226\/241
|-damage|p1a: Magneton|211\/241|[from] Stealth Rock
|move|p2a: Escavalier|Megahorn|p1a: Magneton
|-resisted|p1a: Magneton
|-crit|p1a: Magneton
|-damage|p1a: Magneton|71\/241
|
|-heal|p2a: Escavalier|320\/341|[from] item: Leftovers
|upkeep
|turn|61
|choice|move thunderbolt|move megahorn
|
|move|p1a: Magneton|Thunderbolt|p2a: Escavalier
|-damage|p2a: Escavalier|211\/341
|-status|p2a: Escavalier|par
|move|p2a: Escavalier|Megahorn|p1a: Magneton
|-resisted|p1a: Magneton
|-damage|p1a: Magneton|0 fnt
|faint|p1a: Magneton
|
|-heal|p2a: Escavalier|232\/341 par|[from] item: Leftovers
|upkeep
|choice|switch 4|
|
|switch|p1a: Seismitoad|Seismitoad, F|209\/405
|-damage|p1a: Seismitoad|184\/405|[from] Stealth Rock
|turn|62
|choice|move earthquake|move megahorn
|
|move|p1a: Seismitoad|Earthquake|p2a: Escavalier
|-damage|p2a: Escavalier|88\/341 par
|move|p2a: Escavalier|Megahorn|p1a: Seismitoad
|-damage|p1a: Seismitoad|0 fnt
|faint|p1a: Seismitoad
|
|-heal|p2a: Escavalier|109\/341 par|[from] item: Leftovers
|upkeep
|choice|switch 2|
|
|switch|p1a: Delphox|Delphox, M|219\/291
|-damage|p1a: Delphox|147\/291|[from] Stealth Rock
|turn|63
|choice|move fireblast|move megahorn
|
|move|p1a: Delphox|Fire Blast|p2a: Escavalier
|-supereffective|p2a: Escavalier
|-damage|p2a: Escavalier|0 fnt
|faint|p2a: Escavalier
|
|upkeep
|choice||switch 6
|
|switch|p2a: Alomomola|Alomomola, M|418\/501
|turn|64
|choice|switch 6|move wish
|
|switch|p1a: Venusaur|Venusaur, F|317\/363
|-damage|p1a: Venusaur|272\/363|[from] Stealth Rock
|move|p2a: Alomomola|Wish|p2a: Alomomola
|
|-heal|p1a: Venusaur|294\/363|[from] item: Black Sludge
|-heal|p2a: Alomomola|449\/501|[from] item: Leftovers
|upkeep
|turn|65
|choice|switch 6|move scald
|
|switch|p1a: Delphox|Delphox, M|147\/291
|-damage|p1a: Delphox|75\/291|[from] Stealth Rock
|move|p2a: Alomomola|Scald|p1a: Delphox
|-supereffective|p1a: Delphox
|-damage|p1a: Delphox|0 fnt
|faint|p1a: Delphox
|
|-heal|p2a: Alomomola|501\/501|[from] move: Wish|[wisher] Alomomola
|upkeep
|c|☆EviGaro|ya gg
|c|☆ChillShadow|gg
|-message|EviGaro forfeited.
|
|win|ChillShadow</script>
</div>
<div class="battle-log battle-log-inline"><div class="inner"><div class="battle-options"></div><div class="inner"><div class="chat"><small>EviGaro joined.</small></div><div class="chat"><small>ChillShadow joined.</small></div><div class=""><small>Format:</small> <br><strong>RU</strong></div><div class=""><small><em>Sleep Clause Mod:</em> Limit one foe put to sleep</small></div><div class=""><small><em>Species Clause:</em> Limit one of each Pokémon</small></div><div class=""><small><em>OHKO Clause:</em> OHKO moves are banned</small></div><div class=""><small><em>Moody Clause:</em> Moody is banned</small></div><div class=""><small><em>Evasion Moves Clause:</em> Evasion moves are banned</small></div><div class=""><small><em>Endless Battle Clause:</em> Forcing endless battles is banned</small></div><div class=""><small><em>HP Percentage Mod:</em> HP is shown in percentages</small></div><div class=""><small><em>Swagger Clause:</em> Swagger is banned</small></div><div class=""><small><em>Baton Pass Clause:</em> Limit one Baton Passer, can't pass Spe and other stats simultaneously</small></div><div class="chat battle-history"><strong>EviGaro's team:</strong> <em style="color:#445566;display:block;">Magneton / Sigilyph / Venusaur / Diancie / Delphox / Seismitoad</em></div><div class="chat battle-history"><strong>ChillShadow's team:</strong> <em style="color:#445566;display:block;">Diancie / Escavalier / Alomomola / Venusaur / Emboar / Jolteon</em></div><div class="chat chatmessage-chillshadow"><strong style="color:hsl(116,47%,43%)"><small>☆</small><span class="username" data-name="ChillShadow">ChillShadow</span>:</strong> <em>hf</em></div><div class="chat chatmessage-evigaro"><strong style="color:hsl(57,78%,32.99963059042893%)"><small>☆</small><span class="username" data-name="EviGaro">EviGaro</span>:</strong> <em>u2</em></div><div class="spacer battle-history"><br></div><div class="battle-history">Battle started between EviGaro and ChillShadow!<br></div><div class="spacer battle-history"><br></div><div class="battle-history">Go! <strong>Seismitoad</strong>!<br></div><div class="spacer battle-history"><br></div><div class="battle-history">ChillShadow sent out <strong>Alomomola</strong>!<br></div><div class="spacer battle-history"><br></div><h2 class="battle-history">Turn 1</h2><div class="spacer battle-history"><br></div><div class="battle-history">Seismitoad used <strong>Substitute</strong>!<br></div><div class="battle-history"><small>Seismitoad put in a substitute!</small><br></div><div class="battle-history"><small>(Seismitoad lost <abbr title="−101/405">24.9%</abbr> of its health!)</small><br></div><div class="spacer battle-history"><br></div><div class="battle-history">The opposing Alomomola used <strong>Knock Off</strong>!<br></div><div class="battle-history"><small>The substitute took damage for Seismitoad!</small><br></div><div class="spacer battle-history"><br></div><div class="battle-history"><small>Seismitoad restored a little HP using its Leftovers!</small><br></div><div class="spacer battle-history"><br></div><h2 class="battle-history">Turn 2</h2><div class="spacer battle-history"><br></div><div class="battle-history">ChillShadow withdrew Alomomola!<br></div><div class="battle-history">ChillShadow sent out <strong>Venusaur</strong>!<br></div><div class="spacer battle-history"><br></div><div class="battle-history">Seismitoad used <strong>Toxic</strong>!<br></div><div class="battle-history"><small>It doesn't affect the opposing Venusaur...</small><br></div><div class="spacer battle-history"><br></div><div class="battle-history"><small>Seismitoad restored a little HP using its Leftovers!</small><br></div><div class="spacer battle-history"><br></div><h2 class="battle-history">Turn 3</h2><div class="spacer battle-history"><br></div><div class="battle-history">Seismitoad used <strong>Ice Punch</strong>!<br></div><div class="battle-history"><small>It's super effective!</small><br></div><div class="battle-history"><small>(The opposing Venusaur lost <abbr title="−150/363">41.3%</abbr> of its health!)</small><br></div><div class="spacer battle-history"><br></div><div class="battle-history">The opposing Venusaur used <strong>Sludge Bomb</strong>!<br></div><div class="battle-history"><small>It's not very effective...</small><br></div><div class="battle-history"><small>Seismitoad's substitute faded!</small><br></div><div class="spacer battle-history"><br></div><div class="battle-history"><small>Seismitoad restored a little HP using its Leftovers!</small><br></div><div class="battle-history"><small>The opposing Venusaur restored a little HP using its Black Sludge!</small><br></div><div class="spacer battle-history"><br></div><h2 class="battle-history">Turn 4</h2><div class="spacer battle-history"><br></div><div class="battle-history">Seismitoad, come back!<br></div><div class="battle-history">Go! <strong>Sigilyph</strong>!<br></div><div class="spacer battle-history"><br></div><div class="battle-history">The opposing Venusaur used <strong>Synthesis</strong>!<br></div><div class="battle-history"><small>The opposing Venusaur restored its HP.</small><br></div><div class="spacer battle-history"><br></div><h2 class="battle-history">Turn 5</h2><div class="spacer battle-history"><br></div><div class="battle-history">ChillShadow withdrew Venusaur!<br></div><div class="battle-history">ChillShadow sent out <strong>Diancie</strong>!<br></div><div class="spacer battle-history"><br></div><div class="battle-history">Sigilyph used <strong>Psychic</strong>!<br></div><div class="battle-history"><small>(The opposing Diancie lost <abbr title="−101/304">33.2%</abbr> of its health!)</small><br></div><div class="spacer battle-history"><br></div><div class="battle-history"><small>The opposing Diancie restored a little HP using its Leftovers!</small><br></div><div class="spacer battle-history"><br></div><h2 class="battle-history">Turn 6</h2><div class="spacer battle-history"><br></div><div class="battle-history">Sigilyph, come back!<br></div><div class="battle-history">Go! <strong>Seismitoad</strong>!<br></div><div class="spacer battle-history"><br></div><div class="battle-history">The opposing Diancie used <strong>Stealth Rock</strong>!<br></div><div class="battle-history"><small>Pointed stones float in the air around your team!</small><br></div><div class="spacer battle-history"><br></div><div class="battle-history"><small>Seismitoad restored a little HP using its Leftovers!</small><br></div><div class="battle-history"><small>The opposing Diancie restored a little HP using its Leftovers!</small><br></div><div class="spacer battle-history"><br></div><h2 class="battle-history">Turn 7</h2><div class="spacer battle-history"><br></div><div class="battle-history">ChillShadow withdrew Diancie!<br></div><div class="battle-history">ChillShadow sent out <strong>Venusaur</strong>!<br></div><div class="spacer battle-history"><br></div><div class="battle-history">Seismitoad used <strong>Earthquake</strong>!<br></div><div class="battle-history"><small>(The opposing Venusaur lost <abbr title="−142/363">39.1%</abbr> of its health!)</small><br></div><div class="spacer battle-history"><br></div><div class="battle-history"><small>Seismitoad restored a little HP using its Leftovers!</small><br></div><div class="battle-history"><small>The opposing Venusaur restored a little HP using its Black Sludge!</small><br></div><div class="spacer battle-history"><br></div><h2 class="battle-history">Turn 8</h2><div class="spacer battle-history"><br></div><div class="battle-history">Seismitoad, come back!<br></div><div class="battle-history">Go! <strong>Sigilyph</strong>!<br></div><div class="spacer battle-history"><br></div><div class="battle-history">The opposing Venusaur used <strong>Giga Drain</strong>!<br></div><div class="battle-history"><small>It's not very effective...</small><br></div><div class="battle-history"><small>(Sigilyph lost <abbr title="−52/285">18.2%</abbr> of its health!)</small><br></div><div class="battle-history"><small>Sigilyph had its energy drained!</small><br></div><div class="spacer battle-history"><br></div><div class="battle-history"><small>The opposing Venusaur restored a little HP using its Black Sludge!</small><br></div><div class="spacer battle-history"><br></div><h2 class="battle-history">Turn 9</h2><div class="spacer battle-history"><br></div><div class="battle-history">ChillShadow withdrew Venusaur!<br></div><div class="battle-history">ChillShadow sent out <strong>Alomomola</strong>!<br></div><div class="spacer battle-history"><br></div><div class="battle-history">Sigilyph used <strong>Psychic</strong>!<br></div><div class="battle-history"><small>(The opposing Alomomola lost <abbr title="−208/501">41.5%</abbr> of its health!)</small><br></div><div class="spacer battle-history"><br></div><div class="battle-history"><small>The opposing Alomomola restored a little HP using its Leftovers!</small><br></div><div class="spacer battle-history"><br></div><h2 class="battle-history">Turn 10</h2><div class="chat"><small>Dundies joined.</small></div><div class="spacer battle-history"><br></div><div class="battle-history">The opposing Alomomola used <strong>Protect</strong>!<br></div><div class="battle-history"><small>The opposing Alomomola protected itself!</small><br></div><div class="spacer battle-history"><br></div><div class="battle-history">Sigilyph used <strong>Calm Mind</strong>!<br></div><div class="battle-history"><small>Sigilyph's Special Attack rose!</small><br></div><div class="battle-history"><small>Sigilyph's Special Defense rose!</small><br></div><div class="spacer battle-history"><br></div><div class="battle-history"><small>The opposing Alomomola restored a little HP using its Leftovers!</small><br></div><div class="spacer battle-history"><br></div><h2 class="battle-history">Turn 11</h2><div class="spacer battle-history"><br></div><div class="battle-history">Sigilyph used <strong>Psychic</strong>!<br></div><div class="battle-history"><small>(The opposing Alomomola lost <abbr title="−333/501">66.5%</abbr> of its health!)</small><br></div><div class="spacer battle-history"><br></div><div class="battle-history">The opposing Alomomola used <strong>Knock Off</strong>!<br></div><div class="battle-history"><small>It's super effective!</small><br></div><div class="battle-history"><small>(Sigilyph lost <abbr title="−136/285">47.7%</abbr> of its health!)</small><br></div><div class="battle-history"><small>The opposing Alomomola knocked off Sigilyph's Life Orb!</small><br></div><div class="spacer battle-history"><br></div><div class="battle-history"><small>The opposing Alomomola restored a little HP using its Leftovers!</small><br></div><div class="spacer battle-history"><br></div><h2 class="battle-history">Turn 12</h2><div class="spacer battle-history"><br></div><div class="battle-history">ChillShadow withdrew Alomomola!<br></div><div class="battle-history">ChillShadow sent out <strong>Jolteon</strong>!<br></div><div class="spacer battle-history"><br></div><div class="battle-history">Sigilyph used <strong>Psychic</strong>!<br></div><div class="battle-history"><small>(The opposing Jolteon lost <abbr title="−214/271">79.0%</abbr> of its health!)</small><br></div><div class="spacer battle-history"><br></div><h2 class="battle-history">Turn 13</h2><div class="spacer battle-history"><br></div><div class="battle-history">Sigilyph, come back!<br></div><div class="battle-history">Go! <strong>Seismitoad</strong>!<br></div><div class="battle-history"><small>Pointed stones dug into Seismitoad!</small><br></div><div class="spacer battle-history"><br></div><div class="battle-history">The opposing Jolteon used <strong>Hidden Power</strong>!<br></div><div class="battle-history"><small>(Seismitoad lost <abbr title="−108/405">26.7%</abbr> of its health!)</small><br></div><div class="battle-history"><small>The opposing Jolteon lost some of its HP!</small><br></div><div class="spacer battle-history"><br></div><div class="battle-history"><small>Seismitoad restored a little HP using its Leftovers!</small><br></div><div class="spacer battle-history"><br></div><h2 class="battle-history">Turn 14</h2><div class="spacer battle-history"><br></div><div class="battle-history">The opposing Jolteon used <strong>Signal Beam</strong>!<br></div><div class="battle-history"><small>(Seismitoad lost <abbr title="−138/405">34.1%</abbr> of its health!)</small><br></div><div class="battle-history"><small>The opposing Jolteon lost some of its HP!</small><br></div><div class="spacer battle-history"><br></div><div class="battle-history">Seismitoad used <strong>Earthquake</strong>!<br></div><div class="battle-history"><small>It's super effective!</small><br></div><div class="battle-history"><small>(The opposing Jolteon lost <abbr title="−3/271">1.1%</abbr> of its health!)</small><br></div><div class="spacer battle-history"><br></div><div class="battle-history">The opposing Jolteon fainted!<br></div><div class="spacer battle-history"><br></div><div class="battle-history"><small>Seismitoad restored a little HP using its Leftovers!</small><br></div><div class="spacer battle-history"><br></div><div class="battle-history">ChillShadow sent out <strong>Venusaur</strong>!<br></div><div class="spacer battle-history"><br></div><h2 class="battle-history">Turn 15</h2><div class="spacer battle-history"><br></div><div class="battle-history">Seismitoad, come back!<br></div><div class="battle-history">Go! <strong>Venusaur</strong>!<br></div><div class="battle-history"><small>Pointed stones dug into Venusaur!</small><br></div><div class="spacer battle-history"><br></div><div class="battle-history">The opposing Venusaur used <strong>Giga Drain</strong>!<br></div><div class="battle-history"><small>It's not very effective...</small><br></div><div class="battle-history"><small>(Venusaur lost <abbr title="−20/363">5.5%</abbr> of its health!)</small><br></div><div class="battle-history"><small>Venusaur had its energy drained!</small><br></div><div class="spacer battle-history"><br></div><div class="battle-history"><small>Venusaur restored a little HP using its Black Sludge!</small><br></div><div class="battle-history"><small>The opposing Venusaur restored a little HP using its Black Sludge!</small><br></div><div class="spacer battle-history"><br></div><h2 class="battle-history">Turn 16</h2><div class="spacer battle-history"><br></div><div class="battle-history">Venusaur used <strong>Leech Seed</strong>!<br></div><div class="battle-history"><small>It doesn't affect the opposing Venusaur...</small><br></div><div class="spacer battle-history"><br></div><div class="battle-history">The opposing Venusaur used <strong>Sludge Bomb</strong>!<br></div><div class="battle-history"><small>(Venusaur lost <abbr title="−105/363">28.9%</abbr> of its health!)</small><br></div><div class="spacer battle-history"><br></div><div class="battle-history"><small>Venusaur restored a little HP using its Black Sludge!</small><br></div><div class="battle-history"><small>The opposing Venusaur restored a little HP using its Black Sludge!</small><br></div><div class="spacer battle-history"><br></div><h2 class="battle-history">Turn 17</h2><div class="spacer battle-history"><br></div><div class="battle-history">ChillShadow withdrew Venusaur!<br></div><div class="battle-history">ChillShadow sent out <strong>Emboar</strong>!<br></div><div class="spacer battle-history"><br></div><div class="battle-history">Venusaur used <strong>Synthesis</strong>!<br></div><div class="battle-history"><small>Venusaur restored its HP.</small><br></div><div class="spacer battle-history"><br></div><h2 class="battle-history">Turn 18</h2><div class="spacer battle-history"><br></div><div class="battle-history">Venusaur, come back!<br></div><div class="battle-history">Go! <strong>Diancie</strong>!<br></div><div class="battle-history"><small>Pointed stones dug into Diancie!</small><br></div><div class="spacer battle-history"><br></div><div class="battle-history">The opposing Emboar used <strong>Heavy Slam</strong>!<br></div><div class="battle-history"><small>It's super effective!</small><br></div><div class="battle-history"><small>(Diancie lost <abbr title="−266/303">87.8%</abbr> of its health!)</small><br></div><div class="spacer battle-history"><br></div><div class="battle-history">Diancie fainted!<br></div><div class="spacer battle-history"><br></div><div class="battle-history">Go! <strong>Seismitoad</strong>!<br></div><div class="battle-history"><small>Pointed stones dug into Seismitoad!</small><br></div><div class="spacer battle-history"><br></div><h2 class="battle-history">Turn 19</h2><div class="spacer battle-history"><br></div><div class="battle-history">ChillShadow withdrew Emboar!<br></div><div class="battle-history">ChillShadow sent out <strong>Venusaur</strong>!<br></div><div class="spacer battle-history"><br></div><div class="battle-history">Seismitoad used <strong>Earthquake</strong>!<br></div><div class="battle-history"><small>(The opposing Venusaur lost <abbr title="−133/363">36.6%</abbr> of its health!)</small><br></div><div class="spacer battle-history"><br></div><div class="battle-history"><small>Seismitoad restored a little HP using its Leftovers!</small><br></div><div class="battle-history"><small>The opposing Venusaur restored a little HP using its Black Sludge!</small><br></div><div class="spacer battle-history"><br></div><h2 class="battle-history">Turn 20</h2><div class="spacer battle-history"><br></div><div class="battle-history">Seismitoad used <strong>Earthquake</strong>!<br></div><div class="battle-history"><small>(The opposing Venusaur lost <abbr title="−148/363">40.8%</abbr> of its health!)</small><br></div><div class="spacer battle-history"><br></div><div class="battle-history">The opposing Venusaur used <strong>Synthesis</strong>!<br></div><div class="battle-history"><small>The opposing Venusaur restored its HP.</small><br></div><div class="spacer battle-history"><br></div><div class="battle-history"><small>Seismitoad restored a little HP using its Leftovers!</small><br></div><div class="battle-history"><small>The opposing Venusaur restored a little HP using its Black Sludge!</small><br></div><div class="spacer battle-history"><br></div><h2 class="battle-history">Turn 21</h2><div class="chat"><small>UltraThunderbolts joined.</small></div><div class="spacer battle-history"><br></div><div class="battle-history">Seismitoad, come back!<br></div><div class="battle-history">Go! <strong>Venusaur</strong>!<br></div><div class="battle-history"><small>Pointed stones dug into Venusaur!</small><br></div><div class="spacer battle-history"><br></div><div class="battle-history">The opposing Venusaur used <strong>Giga Drain</strong>!<br></div><div class="battle-history"><small>It's not very effective...</small><br></div><div class="battle-history"><small>A critical hit!</small><br></div><div class="battle-history"><small>(Venusaur lost <abbr title="−35/363">9.6%</abbr> of its health!)</small><br></div><div class="battle-history"><small>Venusaur had its energy drained!</small><br></div><div class="spacer battle-history"><br></div><div class="battle-history"><small>Venusaur restored a little HP using its Black Sludge!</small><br></div><div class="battle-history"><small>The opposing Venusaur restored a little HP using its Black Sludge!</small><br></div><div class="spacer battle-history"><br></div><h2 class="battle-history">Turn 22</h2><div class="spacer battle-history"><br></div><div class="battle-history">Venusaur used <strong>Leech Seed</strong>!<br></div><div class="battle-history"><small>It doesn't affect the opposing Venusaur...</small><br></div><div class="spacer battle-history"><br></div><div class="battle-history">The opposing Venusaur used <strong>Sludge Bomb</strong>!<br></div><div class="battle-history"><small>(Venusaur lost <abbr title="−103/363">28.4%</abbr> of its health!)</small><br></div><div class="spacer battle-history"><br></div><div class="battle-history"><small>Venusaur restored a little HP using its Black Sludge!</small><br></div><div class="battle-history"><small>The opposing Venusaur restored a little HP using its Black Sludge!</small><br></div><div class="spacer battle-history"><br></div><h2 class="battle-history">Turn 23</h2><div class="spacer battle-history"><br></div><div class="battle-history">Venusaur used <strong>Leech Seed</strong>!<br></div><div class="battle-history"><small>It doesn't affect the opposing Venusaur...</small><br></div><div class="spacer battle-history"><br></div><div class="battle-history">The opposing Venusaur used <strong>Sludge Bomb</strong>!<br></div><div class="battle-history"><small>(Venusaur lost <abbr title="−102/363">28.1%</abbr> of its health!)</small><br></div><div class="spacer battle-history"><br></div><div class="battle-history"><small>Venusaur restored a little HP using its Black Sludge!</small><br></div><div class="battle-history"><small>The opposing Venusaur restored a little HP using its Black Sludge!</small><br></div><div class="spacer battle-history"><br></div><h2 class="battle-history">Turn 24</h2><div class="spacer battle-history"><br></div><div class="battle-history">Venusaur used <strong>Synthesis</strong>!<br></div><div class="battle-history"><small>Venusaur restored its HP.</small><br></div><div class="spacer battle-history"><br></div><div class="battle-history">The opposing Venusaur used <strong>Sludge Bomb</strong>!<br></div><div class="battle-history"><small>(Venusaur lost <abbr title="−99/363">27.3%</abbr> of its health!)</small><br></div><div class="spacer battle-history"><br></div><div class="battle-history"><small>Venusaur restored a little HP using its Black Sludge!</small><br></div><div class="spacer battle-history"><br></div><h2 class="battle-history">Turn 25</h2><div class="spacer battle-history"><br></div><div class="battle-history">Venusaur used <strong>Sludge Bomb</strong>!<br></div><div class="battle-history"><small>(The opposing Venusaur lost <abbr title="−96/363">26.4%</abbr> of its health!)</small><br></div><div class="spacer battle-history"><br></div><div class="battle-history">The opposing Venusaur used <strong>Sludge Bomb</strong>!<br></div><div class="battle-history"><small>(Venusaur lost <abbr title="−102/363">28.1%</abbr> of its health!)</small><br></div><div class="spacer battle-history"><br></div><div class="battle-history"><small>Venusaur restored a little HP using its Black Sludge!</small><br></div><div class="battle-history"><small>The opposing Venusaur restored a little HP using its Black Sludge!</small><br></div><div class="spacer battle-history"><br></div><h2 class="battle-history">Turn 26</h2><div class="spacer battle-history"><br></div><div class="battle-history">ChillShadow withdrew Venusaur!<br></div><div class="battle-history">ChillShadow sent out <strong>Emboar</strong>!<br></div><div class="spacer battle-history"><br></div><div class="battle-history">Venusaur used <strong>Sludge Bomb</strong>!<br></div><div class="battle-history"><small>(The opposing Emboar lost <abbr title="−159/361">44.0%</abbr> of its health!)</small><br></div><div class="spacer battle-history"><br></div><div class="battle-history"><small>Venusaur restored a little HP using its Black Sludge!</small><br></div><div class="spacer battle-history"><br></div><h2 class="battle-history">Turn 27</h2><div class="spacer battle-history"><br></div><div class="battle-history">Venusaur, come back!<br></div><div class="battle-history">Go! <strong>Sigilyph</strong>!<br></div><div class="spacer battle-history"><br></div><div class="battle-history">The opposing Emboar used <strong>Flare Blitz</strong>!<br></div><div class="battle-history"><small>(Sigilyph lost <abbr title="−97/285">34.0%</abbr> of its health!)</small><br></div><div class="battle-history"><small>The opposing Emboar is damaged by the recoil!</small><br></div><div class="spacer battle-history"><br></div><div class="battle-history">Sigilyph fainted!<br></div><div class="spacer battle-history"><br></div><div class="battle-history">Go! <strong>Delphox</strong>!<br></div><div class="battle-history"><small>Pointed stones dug into Delphox!</small><br></div><div class="spacer battle-history"><br></div><h2 class="battle-history">Turn 28</h2><div class="spacer battle-history"><br></div><div class="battle-history">ChillShadow withdrew Emboar!<br></div><div class="battle-history">ChillShadow sent out <strong>Diancie</strong>!<br></div><div class="spacer battle-history"><br></div><div class="battle-history">Delphox used <strong>Fire Blast</strong>!<br></div><div class="battle-history"><small>It's not very effective...</small><br></div><div class="battle-history"><small>(The opposing Diancie lost <abbr title="−45/304">14.8%</abbr> of its health!)</small><br></div><div class="spacer battle-history"><br></div><div class="battle-history"><small>The opposing Diancie restored a little HP using its Leftovers!</small><br></div><div class="spacer battle-history"><br></div><h2 class="battle-history">Turn 29</h2><div class="spacer battle-history"><br></div><div class="battle-history">Delphox, come back!<br></div><div class="battle-history">Go! <strong>Venusaur</strong>!<br></div><div class="battle-history"><small>Pointed stones dug into Venusaur!</small><br></div><div class="spacer battle-history"><br></div><div class="battle-history">The opposing Diancie used <strong>Moonblast</strong>!<br></div><div class="battle-history"><small>It's not very effective...</small><br></div><div class="battle-history"><small>(Venusaur lost <abbr title="−61/363">16.8%</abbr> of its health!)</small><br></div><div class="spacer battle-history"><br></div><div class="battle-history"><small>Venusaur restored a little HP using its Black Sludge!</small><br></div><div class="battle-history"><small>The opposing Diancie restored a little HP using its Leftovers!</small><br></div><div class="spacer battle-history"><br></div><h2 class="battle-history">Turn 30</h2><div class="spacer battle-history"><br></div><div class="battle-history">ChillShadow withdrew Diancie!<br></div><div class="battle-history">ChillShadow sent out <strong>Escavalier</strong>!<br></div><div class="spacer battle-history"><br></div><div class="battle-history">Venusaur used <strong>Synthesis</strong>!<br></div><div class="battle-history"><small>Venusaur restored its HP.</small><br></div><div class="spacer battle-history"><br></div><div class="battle-history"><small>Venusaur restored a little HP using its Black Sludge!</small><br></div><div class="spacer battle-history"><br></div><h2 class="battle-history">Turn 31</h2><div class="spacer battle-history"><br></div><div class="battle-history">Venusaur used <strong>Leech Seed</strong>!<br></div><div class="battle-history"><small>The opposing Escavalier was seeded!</small><br></div><div class="spacer battle-history"><br></div><div class="battle-history">The opposing Escavalier used <strong>Megahorn</strong>!<br></div><div class="battle-history"><small>(Venusaur lost <abbr title="−211/363">58.1%</abbr> of its health!)</small><br></div><div class="spacer battle-history"><br></div><div class="battle-history"><small>Venusaur restored a little HP using its Black Sludge!</small><br></div><div class="battle-history"><small>The opposing Escavalier's health is sapped by Leech Seed!</small><br></div><div class="spacer battle-history"><br></div><h2 class="battle-history">Turn 32</h2><div class="spacer battle-history"><br></div><div class="battle-history">ChillShadow withdrew Escavalier!<br></div><div class="battle-history">ChillShadow sent out <strong>Alomomola</strong>!<br></div><div class="spacer battle-history"><br></div><div class="battle-history">Venusaur used <strong>Synthesis</strong>!<br></div><div class="battle-history"><small>Venusaur restored its HP.</small><br></div><div class="spacer battle-history"><br></div><div class="battle-history"><small>Venusaur restored a little HP using its Black Sludge!</small><br></div><div class="battle-history"><small>The opposing Alomomola restored a little HP using its Leftovers!</small><br></div><div class="spacer battle-history"><br></div><h2 class="battle-history">Turn 33</h2><div class="spacer battle-history"><br></div><div class="battle-history">ChillShadow withdrew Alomomola!<br></div><div class="battle-history">ChillShadow sent out <strong>Escavalier</strong>!<br></div><div class="spacer battle-history"><br></div><div class="battle-history">Venusaur used <strong>Sludge Bomb</strong>!<br></div><div class="battle-history"><small>It doesn't affect the opposing Escavalier...</small><br></div><div class="spacer battle-history"><br></div><div class="battle-history"><small>The opposing Escavalier restored a little HP using its Leftovers!</small><br></div><div class="spacer battle-history"><br></div><h2 class="battle-history">Turn 34</h2><div class="spacer battle-history"><br></div><div class="battle-history">Venusaur used <strong>Leech Seed</strong>!<br></div><div class="battle-history"><small>The opposing Escavalier was seeded!</small><br></div><div class="spacer battle-history"><br></div><div class="battle-history">The opposing Escavalier used <strong>Megahorn</strong>!<br></div><div class="battle-history"><small>(Venusaur lost <abbr title="−211/363">58.1%</abbr> of its health!)</small><br></div><div class="spacer battle-history"><br></div><div class="battle-history"><small>Venusaur restored a little HP using its Black Sludge!</small><br></div><div class="battle-history"><small>The opposing Escavalier restored a little HP using its Leftovers!</small><br></div><div class="battle-history"><small>The opposing Escavalier's health is sapped by Leech Seed!</small><br></div><div class="spacer battle-history"><br></div><h2 class="battle-history">Turn 35</h2><div class="spacer battle-history"><br></div><div class="battle-history">Venusaur, come back!<br></div><div class="battle-history">Go! <strong>Magneton</strong>!<br></div><div class="battle-history"><small>Pointed stones dug into Magneton!</small><br></div><div class="spacer battle-history"><br></div><div class="battle-history">ChillShadow withdrew Escavalier!<br></div><div class="battle-history">ChillShadow sent out <strong>Venusaur</strong>!<br></div><div class="spacer battle-history"><br></div><div class="battle-history"><small>The opposing Venusaur restored a little HP using its Black Sludge!</small><br></div><div class="spacer battle-history"><br></div><h2 class="battle-history">Turn 36</h2><div class="spacer battle-history"><br></div><div class="battle-history">Magneton used <strong>Volt Switch</strong>!<br></div><div class="battle-history"><small>It's not very effective...</small><br></div><div class="battle-history"><small>A critical hit!</small><br></div><div class="battle-history"><small>(The opposing Venusaur lost <abbr title="−90/363">24.8%</abbr> of its health!)</small><br></div><div class="spacer battle-history"><br></div><div class="battle-history">Magneton went back to EviGaro!<br></div><div class="battle-history">Go! <strong>Venusaur</strong>!<br></div><div class="battle-history"><small>Pointed stones dug into Venusaur!</small><br></div><div class="spacer battle-history"><br></div><div class="battle-history">The opposing Venusaur used <strong>Leech Seed</strong>!<br></div><div class="battle-history"><small>It doesn't affect Venusaur...</small><br></div><div class="spacer battle-history"><br></div><div class="battle-history"><small>Venusaur restored a little HP using its Black Sludge!</small><br></div><div class="battle-history"><small>The opposing Venusaur restored a little HP using its Black Sludge!</small><br></div><div class="spacer battle-history"><br></div><h2 class="battle-history">Turn 37</h2><div class="spacer battle-history"><br></div><div class="battle-history">Venusaur used <strong>Synthesis</strong>!<br></div><div class="battle-history"><small>Venusaur restored its HP.</small><br></div><div class="spacer battle-history"><br></div><div class="battle-history">The opposing Venusaur used <strong>Synthesis</strong>!<br></div><div class="battle-history"><small>The opposing Venusaur restored its HP.</small><br></div><div class="spacer battle-history"><br></div><h2 class="battle-history">Turn 38</h2><div class="spacer battle-history"><br></div><div class="battle-history">Venusaur used <strong>Sludge Bomb</strong>!<br></div><div class="battle-history"><small>(The opposing Venusaur lost <abbr title="−97/363">26.7%</abbr> of its health!)</small><br></div><div class="spacer battle-history"><br></div><div class="battle-history">The opposing Venusaur used <strong>Sludge Bomb</strong>!<br></div><div class="battle-history"><small>(Venusaur lost <abbr title="−112/363">30.9%</abbr> of its health!)</small><br></div><div class="spacer battle-history"><br></div><div class="battle-history"><small>Venusaur restored a little HP using its Black Sludge!</small><br></div><div class="battle-history"><small>The opposing Venusaur restored a little HP using its Black Sludge!</small><br></div><div class="spacer battle-history"><br></div><h2 class="battle-history">Turn 39</h2><div class="spacer battle-history"><br></div><div class="battle-history">Venusaur used <strong>Sludge Bomb</strong>!<br></div><div class="battle-history"><small>A critical hit!</small><br></div><div class="battle-history"><small>(The opposing Venusaur lost <abbr title="−154/363">42.4%</abbr> of its health!)</small><br></div><div class="spacer battle-history"><br></div><div class="battle-history">The opposing Venusaur used <strong>Sludge Bomb</strong>!<br></div><div class="battle-history"><small>(Venusaur lost <abbr title="−102/363">28.1%</abbr> of its health!)</small><br></div><div class="spacer battle-history"><br></div><div class="battle-history"><small>Venusaur restored a little HP using its Black Sludge!</small><br></div><div class="battle-history"><small>The opposing Venusaur restored a little HP using its Black Sludge!</small><br></div><div class="spacer battle-history"><br></div><h2 class="battle-history">Turn 40</h2><div class="spacer battle-history"><br></div><div class="battle-history">Venusaur used <strong>Sludge Bomb</strong>!<br></div><div class="battle-history"><small>A critical hit!</small><br></div><div class="battle-history"><small>(The opposing Venusaur lost <abbr title="−154/363">42.4%</abbr> of its health!)</small><br></div><div class="spacer battle-history"><br></div><div class="battle-history">The opposing Venusaur used <strong>Synthesis</strong>!<br></div><div class="battle-history"><small>The opposing Venusaur restored its HP.</small><br></div><div class="spacer battle-history"><br></div><div class="battle-history"><small>Venusaur restored a little HP using its Black Sludge!</small><br></div><div class="battle-history"><small>The opposing Venusaur restored a little HP using its Black Sludge!</small><br></div><div class="spacer battle-history"><br></div><h2 class="battle-history">Turn 41</h2><div class="spacer battle-history"><br></div><div class="battle-history">Venusaur used <strong>Sludge Bomb</strong>!<br></div><div class="battle-history"><small>(The opposing Venusaur lost <abbr title="−108/363">29.8%</abbr> of its health!)</small><br></div><div class="spacer battle-history"><br></div><div class="battle-history">The opposing Venusaur used <strong>Synthesis</strong>!<br></div><div class="battle-history"><small>The opposing Venusaur restored its HP.</small><br></div><div class="spacer battle-history"><br></div><div class="battle-history"><small>Venusaur restored a little HP using its Black Sludge!</small><br></div><div class="battle-history"><small>The opposing Venusaur restored a little HP using its Black Sludge!</small><br></div><div class="spacer battle-history"><br></div><h2 class="battle-history">Turn 42</h2><div class="spacer battle-history"><br></div><div class="battle-history">ChillShadow withdrew Venusaur!<br></div><div class="battle-history">ChillShadow sent out <strong>Escavalier</strong>!<br></div><div class="spacer battle-history"><br></div><div class="battle-history">Venusaur used <strong>Sludge Bomb</strong>!<br></div><div class="battle-history"><small>It doesn't affect the opposing Escavalier...</small><br></div><div class="spacer battle-history"><br></div><div class="battle-history"><small>Venusaur restored a little HP using its Black Sludge!</small><br></div><div class="battle-history"><small>The opposing Escavalier restored a little HP using its Leftovers!</small><br></div><div class="spacer battle-history"><br></div><h2 class="battle-history">Turn 43</h2><div class="spacer battle-history"><br></div><div class="battle-history">Venusaur used <strong>Leech Seed</strong>!<br></div><div class="battle-history"><small>The opposing Escavalier was seeded!</small><br></div><div class="spacer battle-history"><br></div><div class="battle-history">The opposing Escavalier used <strong>Megahorn</strong>!<br></div><div class="battle-history"><small>(Venusaur lost <abbr title="−214/363">59.0%</abbr> of its health!)</small><br></div><div class="spacer battle-history"><br></div><div class="battle-history"><small>Venusaur restored a little HP using its Black Sludge!</small><br></div><div class="battle-history"><small>The opposing Escavalier restored a little HP using its Leftovers!</small><br></div><div class="battle-history"><small>The opposing Escavalier's health is sapped by Leech Seed!</small><br></div><div class="spacer battle-history"><br></div><h2 class="battle-history">Turn 44</h2><div class="spacer battle-history"><br></div><div class="battle-history">ChillShadow withdrew Escavalier!<br></div><div class="battle-history">ChillShadow sent out <strong>Venusaur</strong>!<br></div><div class="spacer battle-history"><br></div><div class="battle-history">Venusaur used <strong>Synthesis</strong>!<br></div><div class="battle-history"><small>Venusaur restored its HP.</small><br></div><div class="spacer battle-history"><br></div><div class="battle-history"><small>Venusaur restored a little HP using its Black Sludge!</small><br></div><div class="battle-history"><small>The opposing Venusaur restored a little HP using its Black Sludge!</small><br></div><div class="spacer battle-history"><br></div><h2 class="battle-history">Turn 45</h2><div class="spacer battle-history"><br></div><div class="battle-history">ChillShadow withdrew Venusaur!<br></div><div class="battle-history">ChillShadow sent out <strong>Escavalier</strong>!<br></div><div class="spacer battle-history"><br></div><div class="battle-history">Venusaur used <strong>Sludge Bomb</strong>!<br></div><div class="battle-history"><small>It doesn't affect the opposing Escavalier...</small><br></div><div class="spacer battle-history"><br></div><div class="battle-history"><small>Venusaur restored a little HP using its Black Sludge!</small><br></div><div class="battle-history"><small>The opposing Escavalier restored a little HP using its Leftovers!</small><br></div><div class="spacer battle-history"><br></div><h2 class="battle-history">Turn 46</h2><div class="spacer battle-history"><br></div><div class="battle-history">Venusaur used <strong>Leech Seed</strong>!<br></div><div class="battle-history"><small>The opposing Escavalier was seeded!</small><br></div><div class="spacer battle-history"><br></div><div class="battle-history">The opposing Escavalier used <strong>Megahorn</strong>!<br></div><div class="battle-history"><small>(Venusaur lost <abbr title="−187/363">51.5%</abbr> of its health!)</small><br></div><div class="spacer battle-history"><br></div><div class="battle-history"><small>Venusaur restored a little HP using its Black Sludge!</small><br></div><div class="battle-history"><small>The opposing Escavalier restored a little HP using its Leftovers!</small><br></div><div class="battle-history"><small>The opposing Escavalier's health is sapped by Leech Seed!</small><br></div><div class="spacer battle-history"><br></div><h2 class="battle-history">Turn 47</h2><div class="spacer battle-history"><br></div><div class="battle-history">ChillShadow withdrew Escavalier!<br></div><div class="battle-history">ChillShadow sent out <strong>Venusaur</strong>!<br></div><div class="spacer battle-history"><br></div><div class="battle-history">Venusaur used <strong>Giga Drain</strong>!<br></div><div class="battle-history"><small>It's not very effective...</small><br></div><div class="battle-history"><small>(The opposing Venusaur lost <abbr title="−22/363">6.1%</abbr> of its health!)</small><br></div><div class="battle-history"><small>The opposing Venusaur had its energy drained!</small><br></div><div class="spacer battle-history"><br></div><div class="battle-history"><small>Venusaur restored a little HP using its Black Sludge!</small><br></div><div class="battle-history"><small>The opposing Venusaur restored a little HP using its Black Sludge!</small><br></div><div class="spacer battle-history"><br></div><h2 class="battle-history">Turn 48</h2><div class="spacer battle-history"><br></div><div class="battle-history">Venusaur used <strong>Leech Seed</strong>!<br></div><div class="battle-history"><small>It doesn't affect the opposing Venusaur...</small><br></div><div class="spacer battle-history"><br></div><div class="battle-history">The opposing Venusaur used <strong>Sludge Bomb</strong>!<br></div><div class="battle-history"><small>(Venusaur lost <abbr title="−100/363">27.5%</abbr> of its health!)</small><br></div><div class="spacer battle-history"><br></div><div class="battle-history"><small>Venusaur restored a little HP using its Black Sludge!</small><br></div><div class="battle-history"><small>The opposing Venusaur restored a little HP using its Black Sludge!</small><br></div><div class="spacer battle-history"><br></div><h2 class="battle-history">Turn 49</h2><div class="spacer battle-history"><br></div><div class="battle-history">ChillShadow withdrew Venusaur!<br></div><div class="battle-history">ChillShadow sent out <strong>Escavalier</strong>!<br></div><div class="spacer battle-history"><br></div><div class="battle-history">Venusaur used <strong>Leech Seed</strong>!<br></div><div class="battle-history"><small>The opposing Escavalier was seeded!</small><br></div><div class="spacer battle-history"><br></div><div class="battle-history"><small>Venusaur restored a little HP using its Black Sludge!</small><br></div><div class="battle-history"><small>The opposing Escavalier restored a little HP using its Leftovers!</small><br></div><div class="battle-history"><small>The opposing Escavalier's health is sapped by Leech Seed!</small><br></div><div class="spacer battle-history"><br></div><h2 class="battle-history">Turn 50</h2><div class="spacer battle-history"><br></div><div class="battle-history">ChillShadow withdrew Escavalier!<br></div><div class="battle-history">ChillShadow sent out <strong>Venusaur</strong>!<br></div><div class="spacer battle-history"><br></div><div class="battle-history">Venusaur used <strong>Synthesis</strong>!<br></div><div class="battle-history"><small>Venusaur restored its HP.</small><br></div><div class="spacer battle-history"><br></div><div class="battle-history"><small>The opposing Venusaur restored a little HP using its Black Sludge!</small><br></div><div class="spacer battle-history"><br></div><h2 class="battle-history">Turn 51</h2><div class="spacer battle-history"><br></div><div class="battle-history">ChillShadow withdrew Venusaur!<br></div><div class="battle-history">ChillShadow sent out <strong>Escavalier</strong>!<br></div><div class="spacer battle-history"><br></div><div class="battle-history">Venusaur used <strong>Sludge Bomb</strong>!<br></div><div class="battle-history"><small>It doesn't affect the opposing Escavalier...</small><br></div><div class="spacer battle-history"><br></div><div class="battle-history"><small>The opposing Escavalier restored a little HP using its Leftovers!</small><br></div><div class="spacer battle-history"><br></div><h2 class="battle-history">Turn 52</h2><div class="spacer battle-history"><br></div><div class="battle-history">Venusaur used <strong>Leech Seed</strong>!<br></div><div class="battle-history"><small>The opposing Escavalier was seeded!</small><br></div><div class="spacer battle-history"><br></div><div class="battle-history">The opposing Escavalier used <strong>Megahorn</strong>!<br></div><div class="battle-history"><small>(Venusaur lost <abbr title="−205/363">56.5%</abbr> of its health!)</small><br></div><div class="spacer battle-history"><br></div><div class="battle-history"><small>Venusaur restored a little HP using its Black Sludge!</small><br></div><div class="battle-history"><small>The opposing Escavalier restored a little HP using its Leftovers!</small><br></div><div class="battle-history"><small>The opposing Escavalier's health is sapped by Leech Seed!</small><br></div><div class="spacer battle-history"><br></div><h2 class="battle-history">Turn 53</h2><div class="spacer battle-history"><br></div><div class="battle-history">ChillShadow withdrew Escavalier!<br></div><div class="battle-history">ChillShadow sent out <strong>Venusaur</strong>!<br></div><div class="spacer battle-history"><br></div><div class="battle-history">Venusaur used <strong>Sludge Bomb</strong>!<br></div><div class="battle-history"><small>(The opposing Venusaur lost <abbr title="−106/363">29.2%</abbr> of its health!)</small><br></div><div class="spacer battle-history"><br></div><div class="battle-history"><small>Venusaur restored a little HP using its Black Sludge!</small><br></div><div class="battle-history"><small>The opposing Venusaur restored a little HP using its Black Sludge!</small><br></div><div class="spacer battle-history"><br></div><h2 class="battle-history">Turn 54</h2><div class="spacer battle-history"><br></div><div class="battle-history">Venusaur used <strong>Sludge Bomb</strong>!<br></div><div class="battle-history"><small>(The opposing Venusaur lost <abbr title="−102/363">28.1%</abbr> of its health!)</small><br></div><div class="spacer battle-history"><br></div><div class="battle-history">The opposing Venusaur used <strong>Sludge Bomb</strong>!<br></div><div class="battle-history"><small>(Venusaur lost <abbr title="−115/363">31.7%</abbr> of its health!)</small><br></div><div class="spacer battle-history"><br></div><div class="battle-history"><small>Venusaur restored a little HP using its Black Sludge!</small><br></div><div class="battle-history"><small>The opposing Venusaur restored a little HP using its Black Sludge!</small><br></div><div class="spacer battle-history"><br></div><h2 class="battle-history">Turn 55</h2><div class="spacer battle-history"><br></div><div class="battle-history">Venusaur used <strong>Sludge Bomb</strong>!<br></div><div class="battle-history"><small>(The opposing Venusaur lost <abbr title="−108/363">29.8%</abbr> of its health!)</small><br></div><div class="spacer battle-history"><br></div><div class="battle-history">The opposing Venusaur used <strong>Synthesis</strong>!<br></div><div class="battle-history"><small>The opposing Venusaur restored its HP.</small><br></div><div class="spacer battle-history"><br></div><div class="battle-history"><small>Venusaur restored a little HP using its Black Sludge!</small><br></div><div class="battle-history"><small>The opposing Venusaur restored a little HP using its Black Sludge!</small><br></div><div class="spacer battle-history"><br></div><h2 class="battle-history">Turn 56</h2><div class="spacer battle-history"><br></div><div class="battle-history">Venusaur used <strong>Sludge Bomb</strong>!<br></div><div class="battle-history"><small>(The opposing Venusaur lost <abbr title="−102/363">28.1%</abbr> of its health!)</small><br></div><div class="spacer battle-history"><br></div><div class="battle-history">The opposing Venusaur used <strong>Sludge Bomb</strong>!<br></div><div class="battle-history"><small>(Venusaur lost <abbr title="−103/363">28.4%</abbr> of its health!)</small><br></div><div class="spacer battle-history"><br></div><div class="battle-history"><small>Venusaur restored a little HP using its Black Sludge!</small><br></div><div class="battle-history"><small>The opposing Venusaur restored a little HP using its Black Sludge!</small><br></div><div class="spacer battle-history"><br></div><h2 class="battle-history">Turn 57</h2><div class="spacer battle-history"><br></div><div class="battle-history">Venusaur used <strong>Synthesis</strong>!<br></div><div class="battle-history"><small>Venusaur restored its HP.</small><br></div><div class="spacer battle-history"><br></div><div class="battle-history">The opposing Venusaur used <strong>Synthesis</strong>!<br></div><div class="battle-history"><small>The opposing Venusaur restored its HP.</small><br></div><div class="spacer battle-history"><br></div><div class="battle-history"><small>Venusaur restored a little HP using its Black Sludge!</small><br></div><div class="spacer battle-history"><br></div><h2 class="battle-history">Turn 58</h2><div class="spacer battle-history"><br></div><div class="battle-history">Venusaur used <strong>Sludge Bomb</strong>!<br></div><div class="battle-history"><small>(The opposing Venusaur lost <abbr title="−99/363">27.3%</abbr> of its health!)</small><br></div><div class="spacer battle-history"><br></div><div class="battle-history">The opposing Venusaur used <strong>Giga Drain</strong>!<br></div><div class="battle-history"><small>It's not very effective...</small><br></div><div class="battle-history"><small>(Venusaur lost <abbr title="−22/363">6.1%</abbr> of its health!)</small><br></div><div class="battle-history"><small>Venusaur had its energy drained!</small><br></div><div class="spacer battle-history"><br></div><div class="battle-history"><small>Venusaur restored a little HP using its Black Sludge!</small><br></div><div class="battle-history"><small>The opposing Venusaur restored a little HP using its Black Sludge!</small><br></div><div class="spacer battle-history"><br></div><h2 class="battle-history">Turn 59</h2><div class="spacer battle-history"><br></div><div class="battle-history">ChillShadow withdrew Venusaur!<br></div><div class="battle-history">ChillShadow sent out <strong>Escavalier</strong>!<br></div><div class="spacer battle-history"><br></div><div class="battle-history">Venusaur used <strong>Sludge Bomb</strong>!<br></div><div class="battle-history"><small>It doesn't affect the opposing Escavalier...</small><br></div><div class="spacer battle-history"><br></div><div class="battle-history"><small>Venusaur restored a little HP using its Black Sludge!</small><br></div><div class="battle-history"><small>The opposing Escavalier restored a little HP using its Leftovers!</small><br></div><div class="spacer battle-history"><br></div><h2 class="battle-history">Turn 60</h2><div class="spacer battle-history"><br></div><div class="battle-history">Venusaur, come back!<br></div><div class="battle-history">Go! <strong>Magneton</strong>!<br></div><div class="battle-history"><small>Pointed stones dug into Magneton!</small><br></div><div class="spacer battle-history"><br></div><div class="battle-history">The opposing Escavalier used <strong>Megahorn</strong>!<br></div><div class="battle-history"><small>It's not very effective...</small><br></div><div class="battle-history"><small>A critical hit!</small><br></div><div class="battle-history"><small>(Magneton lost <abbr title="−140/241">58.1%</abbr> of its health!)</small><br></div><div class="spacer battle-history"><br></div><div class="battle-history"><small>The opposing Escavalier restored a little HP using its Leftovers!</small><br></div><div class="spacer battle-history"><br></div><h2 class="battle-history">Turn 61</h2><div class="spacer battle-history"><br></div><div class="battle-history">Magneton used <strong>Thunderbolt</strong>!<br></div><div class="battle-history"><small>(The opposing Escavalier lost <abbr title="−109/341">32.0%</abbr> of its health!)</small><br></div><div class="battle-history"><small>The opposing Escavalier is paralyzed! It may be unable to move!</small><br></div><div class="spacer battle-history"><br></div><div class="battle-history">The opposing Escavalier used <strong>Megahorn</strong>!<br></div><div class="battle-history"><small>It's not very effective...</small><br></div><div class="battle-history"><small>(Magneton lost <abbr title="−71/241">29.5%</abbr> of its health!)</small><br></div><div class="spacer battle-history"><br></div><div class="battle-history">Magneton fainted!<br></div><div class="spacer battle-history"><br></div><div class="battle-history"><small>The opposing Escavalier restored a little HP using its Leftovers!</small><br></div><div class="spacer battle-history"><br></div><div class="battle-history">Go! <strong>Seismitoad</strong>!<br></div><div class="battle-history"><small>Pointed stones dug into Seismitoad!</small><br></div><div class="spacer battle-history"><br></div><h2 class="battle-history">Turn 62</h2><div class="spacer battle-history"><br></div><div class="battle-history">Seismitoad used <strong>Earthquake</strong>!<br></div><div class="battle-history"><small>(The opposing Escavalier lost <abbr title="−144/341">42.2%</abbr> of its health!)</small><br></div><div class="spacer battle-history"><br></div><div class="battle-history">The opposing Escavalier used <strong>Megahorn</strong>!<br></div><div class="battle-history"><small>(Seismitoad lost <abbr title="−184/405">45.4%</abbr> of its health!)</small><br></div><div class="spacer battle-history"><br></div><div class="battle-history">Seismitoad fainted!<br></div><div class="spacer battle-history"><br></div><div class="battle-history"><small>The opposing Escavalier restored a little HP using its Leftovers!</small><br></div><div class="spacer battle-history"><br></div><div class="battle-history">Go! <strong>Delphox</strong>!<br></div><div class="battle-history"><small>Pointed stones dug into Delphox!</small><br></div><div class="spacer battle-history"><br></div><h2 class="battle-history">Turn 63</h2><div class="spacer battle-history"><br></div><div class="battle-history">Delphox used <strong>Fire Blast</strong>!<br></div><div class="battle-history"><small>It's super effective!</small><br></div><div class="battle-history"><small>(The opposing Escavalier lost <abbr title="−109/341">32.0%</abbr> of its health!)</small><br></div><div class="spacer battle-history"><br></div><div class="battle-history">The opposing Escavalier fainted!<br></div><div class="spacer battle-history"><br></div><div class="battle-history">ChillShadow sent out <strong>Alomomola</strong>!<br></div><div class="spacer battle-history"><br></div><h2 class="battle-history">Turn 64</h2><div class="spacer battle-history"><br></div><div class="battle-history">Delphox, come back!<br></div><div class="battle-history">Go! <strong>Venusaur</strong>!<br></div><div class="battle-history"><small>Pointed stones dug into Venusaur!</small><br></div><div class="spacer battle-history"><br></div><div class="battle-history">The opposing Alomomola used <strong>Wish</strong>!<br></div><div class="spacer battle-history"><br></div><div class="battle-history"><small>Venusaur restored a little HP using its Black Sludge!</small><br></div><div class="battle-history"><small>The opposing Alomomola restored a little HP using its Leftovers!</small><br></div><div class="spacer battle-history"><br></div><h2 class="battle-history">Turn 65</h2><div class="spacer battle-history"><br></div><div class="battle-history">Venusaur, come back!<br></div><div class="battle-history">Go! <strong>Delphox</strong>!<br></div><div class="battle-history"><small>Pointed stones dug into Delphox!</small><br></div><div class="spacer battle-history"><br></div><div class="battle-history">The opposing Alomomola used <strong>Scald</strong>!<br></div><div class="battle-history"><small>It's super effective!</small><br></div><div class="battle-history"><small>(Delphox lost <abbr title="−75/291">25.8%</abbr> of its health!)</small><br></div><div class="spacer battle-history"><br></div><div class="battle-history">Delphox fainted!<br></div><div class="spacer battle-history"><br></div><div class="battle-history"><small>Alomomola's wish came true!</small><br></div><div class="chat chatmessage-evigaro"><strong style="color:hsl(57,78%,32.99963059042893%)"><small>☆</small><span class="username" data-name="EviGaro">EviGaro</span>:</strong> <em>ya gg</em></div><div class="chat chatmessage-chillshadow"><strong style="color:hsl(116,47%,43%)"><small>☆</small><span class="username" data-name="ChillShadow">ChillShadow</span>:</strong> <em>gg</em></div><div class="spacer battle-history"><br></div><div class="battle-history"><small>EviGaro forfeited.</small><br></div><div class="spacer battle-history"><br></div><div class="battle-history"><strong>ChillShadow</strong> won the battle!<br></div></div><div class="inner-preempt"></div></div></div>
</div>
<script>
let daily = Math.floor(Date.now()/1000/60/60/24);document.write('<script src="https://play.pokemonshowdown.com/js/replay-embed.js?version'+daily+'"></'+'script>');
</script>
