<!DOCTYPE html>
<meta charset="utf-8" />
<!-- version 1 -->
<title>RU replay: SURFDUDE400 vs. ShadowVolke7</title>
<style>
html,body {font-family:Verdana, sans-serif;font-size:10pt;margin:0;padding:0;}body{padding:12px 0;} .battle-log {font-family:Verdana, sans-serif;font-size:10pt;} .battle-log-inline {border:1px solid #AAAAAA;background:#EEF2F5;color:black;max-width:640px;margin:0 auto 80px;padding-bottom:5px;} .battle-log .inner {padding:4px 8px 0px 8px;} .battle-log .inner-preempt {padding:0 8px 4px 8px;} .battle-log .inner-after {margin-top:0.5em;} .battle-log h2 {margin:0.5em -8px;padding:4px 8px;border:1px solid #AAAAAA;background:#E0E7EA;border-left:0;border-right:0;font-family:Verdana, sans-serif;font-size:13pt;} .battle-log .chat {vertical-align:middle;padding:3px 0 3px 0;font-size:8pt;} .battle-log .chat strong {color:#40576A;} .battle-log .chat em {padding:1px 4px 1px 3px;color:#000000;font-style:normal;} .chat.mine {background:rgba(0,0,0,0.05);margin-left:-8px;margin-right:-8px;padding-left:8px;padding-right:8px;} .spoiler {color:#BBBBBB;background:#BBBBBB;padding:0px 3px;} .spoiler:hover, .spoiler:active, .spoiler-shown {color:#000000;background:#E2E2E2;padding:0px 3px;} .spoiler a {color:#BBBBBB;} .spoiler:hover a, .spoiler:active a, .spoiler-shown a {color:#2288CC;} .chat code, .chat .spoiler:hover code, .chat .spoiler:active code, .chat .spoiler-shown code {border:1px solid #C0C0C0;background:#EEEEEE;color:black;padding:0 2px;} .chat .spoiler code {border:1px solid #CCCCCC;background:#CCCCCC;color:#CCCCCC;} .battle-log .rated {padding:3px 4px;} .battle-log .rated strong {color:white;background:#89A;padding:1px 4px;border-radius:4px;} .spacer {margin-top:0.5em;} .message-announce {background:#6688AA;color:white;padding:1px 4px 2px;} .message-announce a, .broadcast-green a, .broadcast-blue a, .broadcast-red a {color:#DDEEFF;} .broadcast-green {background-color:#559955;color:white;padding:2px 4px;} .broadcast-blue {background-color:#6688AA;color:white;padding:2px 4px;} .infobox {border:1px solid #6688AA;padding:2px 4px;} .infobox-limited {max-height:200px;overflow:auto;overflow-x:hidden;} .broadcast-red {background-color:#AA5544;color:white;padding:2px 4px;} .message-learn-canlearn {font-weight:bold;color:#228822;text-decoration:underline;} .message-learn-cannotlearn {font-weight:bold;color:#CC2222;text-decoration:underline;} .message-effect-weak {font-weight:bold;color:#CC2222;} .message-effect-resist {font-weight:bold;color:#6688AA;} .message-effect-immune {font-weight:bold;color:#666666;} .message-learn-list {margin-top:0;margin-bottom:0;} .message-throttle-notice, .message-error {color:#992222;} .message-overflow, .chat small.message-overflow {font-size:0pt;} .message-overflow::before {font-size:9pt;content:'...';} .subtle {color:#3A4A66;}
</style>
<div class="wrapper replay-wrapper" style="max-width:1180px;margin:0 auto">
<input type="hidden" name="replayid" value="ru-526638933" />
<div class="battle"></div><div class="battle-log"></div><div class="replay-controls"></div><div class="replay-controls-2"></div>
<h1 style="font-weight:normal;text-align:center"><strong>RU</strong><br /><a href="http://pokemonshowdown.com/users/surfdude400" class="subtle" target="_blank">SURFDUDE400</a> vs. <a href="http://pokemonshowdown.com/users/shadowvolke7" class="subtle" target="_blank">ShadowVolke7</a></h1>
<script type="text/plain" class="battle-log-data">|j|SURFDUDE400
|j|ShadowVolke7
|player|p1|SURFDUDE400|167
|player|p2|ShadowVolke7|238
|gametype|singles
|gen|6
|tier|RU
|seed|32244,33980,53163,25968
|rule|Sleep Clause Mod: Limit one foe put to sleep
|rule|Species Clause: Limit one of each Pokémon
|rule|OHKO Clause: OHKO moves are banned
|rule|Moody Clause: Moody is banned
|rule|Evasion Moves Clause: Evasion moves are banned
|rule|Endless Battle Clause: Forcing endless battles is banned
|rule|HP Percentage Mod: HP is shown in percentages
|clearpoke
|poke|p1|Drapion, F|item
|poke|p1|Absol, F|item
|poke|p1|Throh, M|item
|poke|p1|Octillery, F|item
|poke|p1|Farfetch'd, F, shiny|item
|poke|p1|Togetic, M|item
|poke|p2|Ambipom, M|item
|poke|p2|Magneton|item
|poke|p2|Eelektross, M|item
|poke|p2|Banette, M|item
|poke|p2|Blastoise, M|item
|poke|p2|Virizion|item
|rule|Swagger Clause: Swagger is banned
|rule|Baton Pass Clause: Limit one Baton Passer, can't pass Spe and other stats simultaneously
|teampreview
|choice|team 3, team 2, team 1, team 4, team 5, team 6|team 1, team 2, team 3, team 4, team 5, team 6
|
|start
|switch|p1a: Throh|Throh, M|443\/443
|switch|p2a: Ambipom|Ambipom, M|291\/291
|turn|1
|choice|move stormthrow|move fakeout
|
|move|p2a: Ambipom|Fake Out|p1a: Throh
|-damage|p1a: Throh|335\/443
|cant|p1a: Throh|flinch
|
|-status|p1a: Throh|brn|[from] item: Flame Orb
|upkeep
|turn|2
|choice|move focusenergy|move uturn
|
|move|p2a: Ambipom|U-turn|p1a: Throh
|-resisted|p1a: Throh
|-damage|p1a: Throh|294\/443 brn
|choice||switch 5
|
|switch|p2a: Blastoise|Blastoise, M|301\/301
|move|p1a: Throh|Focus Energy|p1a: Throh
|-start|p1a: Throh|move: Focus Energy
|
|-damage|p1a: Throh|239\/443 brn|[from] brn
|upkeep
|turn|3
|choice|move facade|move dragontail
|
|move|p1a: Throh|Facade|p2a: Blastoise
|-damage|p2a: Blastoise|132\/301
|move|p2a: Blastoise|Dragon Tail|p1a: Throh|[miss]
|-miss|p2a: Blastoise|p1a: Throh
|
|-heal|p2a: Blastoise|150\/301|[from] item: Leftovers
|-damage|p1a: Throh|184\/443 brn|[from] brn
|upkeep
|turn|4
|choice|move facade|move protect
|
|move|p2a: Blastoise|Protect|p2a: Blastoise
|-singleturn|p2a: Blastoise|Protect
|move|p1a: Throh|Facade|p2a: Blastoise
|-activate|p2a: Blastoise|move: Protect
|
|-heal|p2a: Blastoise|168\/301|[from] item: Leftovers
|-damage|p1a: Throh|129\/443 brn|[from] brn
|upkeep
|turn|5
|choice|move facade|switch 4
|
|switch|p2a: Banette|Banette, M|331\/331
|-item|p1a: Throh|Flame Orb|[from] ability: Frisk|[of] p2a: Banette|[identify]
|move|p1a: Throh|Facade|p2a: Banette
|-immune|p2a: Banette|[msg]
|
|-damage|p1a: Throh|74\/443 brn|[from] brn
|upkeep
|turn|6
|choice|move earthquake|move shadowclaw mega
|
|detailschange|p2a: Banette|Banette-Mega, M
|-mega|p2a: Banette|Banette|Banettite
|move|p2a: Banette|Shadow Claw|p1a: Throh
|-damage|p1a: Throh|0 fnt
|faint|p1a: Throh
|
|upkeep
|choice|switch 3|
|
|switch|p1a: Drapion|Drapion, F|281\/281
|turn|7
|choice|move agility|move willowisp
|
|move|p2a: Banette|Will-O-Wisp|p1a: Drapion
|-status|p1a: Drapion|brn
|move|p1a: Drapion|Agility|p1a: Drapion
|-boost|p1a: Drapion|spe|2
|
|-damage|p1a: Drapion|246\/281 brn|[from] brn
|upkeep
|turn|8
|choice|move nightslash|move shadowclaw
|
|move|p1a: Drapion|Night Slash|p2a: Banette
|-supereffective|p2a: Banette
|-damage|p2a: Banette|202\/331
|move|p2a: Banette|Shadow Claw|p1a: Drapion
|-resisted|p1a: Drapion
|-damage|p1a: Drapion|171\/281 brn
|
|-damage|p1a: Drapion|136\/281 brn|[from] brn
|upkeep
|turn|9
|choice|move nightslash|move shadowclaw
|
|move|p1a: Drapion|Night Slash|p2a: Banette
|-supereffective|p2a: Banette
|-damage|p2a: Banette|85\/331
|move|p2a: Banette|Shadow Claw|p1a: Drapion
|-resisted|p1a: Drapion
|-crit|p1a: Drapion
|-damage|p1a: Drapion|31\/281 brn
|-enditem|p1a: Drapion|Lansat Berry|[eat]
|-start|p1a: Drapion|move: Focus Energy
|
|-damage|p1a: Drapion|0 fnt|[from] brn
|upkeep
|faint|p1a: Drapion
|choice|switch 5|
|
|switch|p1a: Farfetch'd|Farfetch'd, F, shiny|245\/245
|turn|10
|choice|move nightslash|move painsplit
|
|move|p2a: Banette|Pain Split|p1a: Farfetch'd
|-sethp|p1a: Farfetch'd|165\/245|p2a: Banette|165\/331|[from] move: Pain Split
|move|p1a: Farfetch'd|Night Slash|p2a: Banette
|-supereffective|p2a: Banette
|-crit|p2a: Banette
|-damage|p2a: Banette|0 fnt
|faint|p2a: Banette
|
|upkeep
|choice||switch 2
|
|switch|p2a: Magneton|Magneton|243\/243
|turn|11
|c|★SURFDUDE400|!weakness electric steel
|html|<div class="infobox">Electric\/Steel:<br \/><span class="message-effect-weak">Weaknesses<\/span>: Fighting, Fire, <b>Ground<\/b><br \/><span class="message-effect-resist">Resistances<\/span>: Bug, Dragon, Electric, Fairy, <b>Flying<\/b>, Grass, Ice, Normal, Psychic, Rock, <b>Steel<\/b><br \/><span class="message-effect-immune">Immunities<\/span>: Poison<\/div>
|choice|move nightslash|move substitute
|
|move|p1a: Farfetch'd|Night Slash|p2a: Magneton
|-crit|p2a: Magneton
|-damage|p2a: Magneton|190\/243
|move|p2a: Magneton|Substitute|p2a: Magneton
|-start|p2a: Magneton|Substitute
|-damage|p2a: Magneton|130\/243
|
|upkeep
|turn|12
|choice|move nightslash|move thunderbolt
|
|move|p1a: Farfetch'd|Night Slash|p2a: Magneton
|-crit|p2a: Magneton
|-activate|p2a: Magneton|move: Substitute|[damage]
|move|p2a: Magneton|Thunderbolt|p1a: Farfetch'd
|-supereffective|p1a: Farfetch'd
|-damage|p1a: Farfetch'd|0 fnt
|faint|p1a: Farfetch'd
|
|upkeep
|choice|switch 2|
|
|switch|p1a: Absol|Absol, F|271\/271
|turn|13
|choice|move nightslash|move voltswitch
|
|move|p1a: Absol|Night Slash|p2a: Magneton
|-end|p2a: Magneton|Substitute
|-damage|p1a: Absol|244\/271|[from] item: Life Orb
|move|p2a: Magneton|Volt Switch|p1a: Absol
|-damage|p1a: Absol|48\/271
|choice||switch 5
|
|switch|p2a: Ambipom|Ambipom, M|291\/291
|
|upkeep
|turn|14
|choice|switch 6|move fakeout
|
|switch|p1a: Togetic|Togetic, M|313\/313
|move|p2a: Ambipom|Fake Out|p1a: Togetic
|-damage|p1a: Togetic|249\/313
|
|upkeep
|turn|15
|choice|move ancientpower|move acrobatics
|
|move|p2a: Ambipom|Acrobatics|p1a: Togetic
|-crit|p1a: Togetic
|-damage|p1a: Togetic|159\/313
|move|p1a: Togetic|Ancient Power|p2a: Ambipom
|-damage|p2a: Ambipom|228\/291
|-enditem|p2a: Ambipom|Eject Button
|choice||switch 5
|
|switch|p2a: Magneton|Magneton|130\/243
|
|upkeep
|turn|16
|choice|move ancientpower|move substitute
|
|move|p2a: Magneton|Substitute|p2a: Magneton
|-start|p2a: Magneton|Substitute
|-damage|p2a: Magneton|70\/243
|move|p1a: Togetic|Ancient Power|p2a: Magneton
|-resisted|p2a: Magneton
|-crit|p2a: Magneton
|-activate|p2a: Magneton|move: Substitute|[damage]
|-boost|p1a: Togetic|atk|1
|-boost|p1a: Togetic|def|1
|-boost|p1a: Togetic|spa|1
|-boost|p1a: Togetic|spd|1
|-boost|p1a: Togetic|spe|1
|
|upkeep
|turn|17
|choice|move roost|move thunderbolt
|
|move|p1a: Togetic|Roost|p1a: Togetic
|-heal|p1a: Togetic|313\/313
|move|p2a: Magneton|Thunderbolt|p1a: Togetic
|-damage|p1a: Togetic|249\/313
|-status|p1a: Togetic|par
|
|upkeep
|turn|18
|choice|move ancientpower|move thunderbolt
|
|move|p2a: Magneton|Thunderbolt|p1a: Togetic
|-supereffective|p1a: Togetic
|-crit|p1a: Togetic
|-damage|p1a: Togetic|21\/313 par
|move|p1a: Togetic|Ancient Power|p2a: Magneton
|-resisted|p2a: Magneton
|-activate|p2a: Magneton|move: Substitute|[damage]
|
|upkeep
|turn|19
|choice|move ancientpower|move thunderbolt
|
|move|p2a: Magneton|Thunderbolt|p1a: Togetic
|-supereffective|p1a: Togetic
|-damage|p1a: Togetic|0 fnt
|faint|p1a: Togetic
|
|upkeep
|choice|switch 6|
|
|switch|p1a: Absol|Absol, F|48\/271
|turn|20
|choice|move nightslash|move thunderbolt
|
|move|p1a: Absol|Night Slash|p2a: Magneton
|-end|p2a: Magneton|Substitute
|-damage|p1a: Absol|21\/271|[from] item: Life Orb
|move|p2a: Magneton|Thunderbolt|p1a: Absol
|-damage|p1a: Absol|0 fnt
|faint|p1a: Absol
|
|upkeep
|choice|switch 4|
|
|switch|p1a: Octillery|Octillery, F|353\/353
|turn|21
|choice|move scald|move thunderbolt
|
|move|p2a: Magneton|Thunderbolt|p1a: Octillery
|-supereffective|p1a: Octillery
|-damage|p1a: Octillery|27\/353
|-enditem|p1a: Octillery|Sitrus Berry|[eat]
|-heal|p1a: Octillery|115\/353|[from] item: Sitrus Berry
|move|p1a: Octillery|Scald|p2a: Magneton
|-damage|p2a: Magneton|0 fnt
|faint|p2a: Magneton
|
|upkeep
|choice||switch 4
|
|switch|p2a: Blastoise|Blastoise, M|168\/301
|turn|22
|choice|move energyball|move aquaring
|
|move|p2a: Blastoise|Aqua Ring|p2a: Blastoise
|-start|p2a: Blastoise|Aqua Ring
|move|p1a: Octillery|Energy Ball|p2a: Blastoise
|-supereffective|p2a: Blastoise
|-damage|p2a: Blastoise|12\/301
|
|-heal|p2a: Blastoise|30\/301|[from] item: Leftovers
|-heal|p2a: Blastoise|48\/301|[from] Aqua Ring
|upkeep
|turn|23
|choice|move energyball|move poweruppunch
|
|move|p2a: Blastoise|Power-Up Punch|p1a: Octillery
|-damage|p1a: Octillery|83\/353
|-boost|p2a: Blastoise|atk|1
|move|p1a: Octillery|Energy Ball|p2a: Blastoise
|-supereffective|p2a: Blastoise
|-damage|p2a: Blastoise|0 fnt
|faint|p2a: Blastoise
|
|upkeep
|choice||switch 5
|
|switch|p2a: Ambipom|Ambipom, M|228\/291
|turn|24
|choice|move scald|move fakeout
|
|move|p2a: Ambipom|Fake Out|p1a: Octillery
|-damage|p1a: Octillery|0 fnt
|faint|p1a: Octillery
|
|win|ShadowVolke7
|player|p1
|player|p2
|l|SURFDUDE400</script>
</div>
<div class="battle-log battle-log-inline"><div class="inner"><div class="battle-options"></div><div class="inner"><div class="chat"><small>SURFDUDE400 joined.</small></div><div class="chat"><small>ShadowVolke7 joined.</small></div><div class=""><small>Format:</small> <br><strong>RU</strong></div><div class=""><small><em>Sleep Clause Mod:</em> Limit one foe put to sleep</small></div><div class=""><small><em>Species Clause:</em> Limit one of each Pokémon</small></div><div class=""><small><em>OHKO Clause:</em> OHKO moves are banned</small></div><div class=""><small><em>Moody Clause:</em> Moody is banned</small></div><div class=""><small><em>Evasion Moves Clause:</em> Evasion moves are banned</small></div><div class=""><small><em>Endless Battle Clause:</em> Forcing endless battles is banned</small></div><div class=""><small><em>HP Percentage Mod:</em> HP is shown in percentages</small></div><div class=""><small><em>Swagger Clause:</em> Swagger is banned</small></div><div class=""><small><em>Baton Pass Clause:</em> Limit one Baton Passer, can't pass Spe and other stats simultaneously</small></div><div class="chat battle-history"><strong>SURFDUDE400's team:</strong> <em style="color:#445566;display:block;">Drapion / Absol / Throh / Octillery / Farfetch'd / Togetic</em></div><div class="chat battle-history"><strong>ShadowVolke7's team:</strong> <em style="color:#445566;display:block;">Ambipom / Magneton / Eelektross / Banette / Blastoise / Virizion</em></div><div class="spacer battle-history"><br></div><div class="battle-history">Battle started between SURFDUDE400 and ShadowVolke7!<br></div><div class="spacer battle-history"><br></div><div class="battle-history">Go! <strong>Throh</strong>!<br></div><div class="spacer battle-history"><br></div><div class="battle-history">ShadowVolke7 sent out <strong>Ambipom</strong>!<br></div><div class="spacer battle-history"><br></div><h2 class="battle-history">Turn 1</h2><div class="spacer battle-history"><br></div><div class="battle-history">The opposing Ambipom used <strong>Fake Out</strong>!<br></div><div class="battle-history"><small>(Throh lost <abbr title="−108/443">24.4%</abbr> of its health!)</small><br></div><div class="spacer battle-history"><br></div><div class="battle-history">Throh flinched and couldn't move!<br></div><div class="spacer battle-history"><br></div><div class="battle-history"><small>Throh was burned!</small><br></div><div class="spacer battle-history"><br></div><h2 class="battle-history">Turn 2</h2><div class="spacer battle-history"><br></div><div class="battle-history">The opposing Ambipom used <strong>U-turn</strong>!<br></div><div class="battle-history"><small>It's not very effective...</small><br></div><div class="battle-history"><small>(Throh lost <abbr title="−41/443">9.3%</abbr> of its health!)</small><br></div><div class="spacer battle-history"><br></div><div class="battle-history">The opposing Ambipom went back to ShadowVolke7!<br></div><div class="battle-history">ShadowVolke7 sent out <strong>Blastoise</strong>!<br></div><div class="spacer battle-history"><br></div><div class="battle-history">Throh used <strong>Focus Energy</strong>!<br></div><div class="battle-history"><small>Throh is getting pumped!</small><br></div><div class="spacer battle-history"><br></div><div class="battle-history"><small>Throh was hurt by its burn!</small><br></div><div class="spacer battle-history"><br></div><h2 class="battle-history">Turn 3</h2><div class="spacer battle-history"><br></div><div class="battle-history">Throh used <strong>Facade</strong>!<br></div><div class="battle-history"><small>(The opposing Blastoise lost <abbr title="−169/301">56.1%</abbr> of its health!)</small><br></div><div class="spacer battle-history"><br></div><div class="battle-history">The opposing Blastoise used <strong>Dragon Tail</strong>!<br></div><div class="battle-history"><small>Throh avoided the attack!</small><br></div><div class="spacer battle-history"><br></div><div class="battle-history"><small>The opposing Blastoise restored a little HP using its Leftovers!</small><br></div><div class="battle-history"><small>Throh was hurt by its burn!</small><br></div><div class="spacer battle-history"><br></div><h2 class="battle-history">Turn 4</h2><div class="spacer battle-history"><br></div><div class="battle-history">The opposing Blastoise used <strong>Protect</strong>!<br></div><div class="battle-history"><small>The opposing Blastoise protected itself!</small><br></div><div class="spacer battle-history"><br></div><div class="battle-history">Throh used <strong>Facade</strong>!<br></div><div class="battle-history"><small>The opposing Blastoise protected itself!</small><br></div><div class="spacer battle-history"><br></div><div class="battle-history"><small>The opposing Blastoise restored a little HP using its Leftovers!</small><br></div><div class="battle-history"><small>Throh was hurt by its burn!</small><br></div><div class="spacer battle-history"><br></div><h2 class="battle-history">Turn 5</h2><div class="spacer battle-history"><br></div><div class="battle-history">ShadowVolke7 withdrew Blastoise!<br></div><div class="battle-history">ShadowVolke7 sent out <strong>Banette</strong>!<br></div><div class="battle-history"><small>[The opposing Banette's Frisk]</small><br><small>The opposing Banette frisked Throh and found its Flame Orb!</small><br></div><div class="spacer battle-history"><br></div><div class="battle-history">Throh used <strong>Facade</strong>!<br></div><div class="battle-history"><small>It doesn't affect the opposing Banette...</small><br></div><div class="spacer battle-history"><br></div><div class="battle-history"><small>Throh was hurt by its burn!</small><br></div><div class="spacer battle-history"><br></div><h2 class="battle-history">Turn 6</h2><div class="spacer battle-history"><br></div><div class="battle-history"><small>The opposing Banette's Banettite is reacting to ShadowVolke7's Mega Bracelet!</small><br>The opposing Banette has Mega Evolved into Mega Banette!<br></div><div class="spacer battle-history"><br></div><div class="battle-history">The opposing Banette used <strong>Shadow Claw</strong>!<br></div><div class="battle-history"><small>(Throh lost <abbr title="−74/443">16.7%</abbr> of its health!)</small><br></div><div class="spacer battle-history"><br></div><div class="battle-history">Throh fainted!<br></div><div class="spacer battle-history"><br></div><div class="battle-history">Go! <strong>Drapion</strong>!<br></div><div class="spacer battle-history"><br></div><h2 class="battle-history">Turn 7</h2><div class="spacer battle-history"><br></div><div class="battle-history">The opposing Banette used <strong>Will-O-Wisp</strong>!<br></div><div class="battle-history"><small>Drapion was burned!</small><br></div><div class="spacer battle-history"><br></div><div class="battle-history">Drapion used <strong>Agility</strong>!<br></div><div class="battle-history"><small>Drapion's Speed rose sharply!</small><br></div><div class="spacer battle-history"><br></div><div class="battle-history"><small>Drapion was hurt by its burn!</small><br></div><div class="spacer battle-history"><br></div><h2 class="battle-history">Turn 8</h2><div class="spacer battle-history"><br></div><div class="battle-history">Drapion used <strong>Night Slash</strong>!<br></div><div class="battle-history"><small>It's super effective!</small><br></div><div class="battle-history"><small>(The opposing Banette lost <abbr title="−129/331">39.0%</abbr> of its health!)</small><br></div><div class="spacer battle-history"><br></div><div class="battle-history">The opposing Banette used <strong>Shadow Claw</strong>!<br></div><div class="battle-history"><small>It's not very effective...</small><br></div><div class="battle-history"><small>(Drapion lost <abbr title="−75/281">26.7%</abbr> of its health!)</small><br></div><div class="spacer battle-history"><br></div><div class="battle-history"><small>Drapion was hurt by its burn!</small><br></div><div class="spacer battle-history"><br></div><h2 class="battle-history">Turn 9</h2><div class="spacer battle-history"><br></div><div class="battle-history">Drapion used <strong>Night Slash</strong>!<br></div><div class="battle-history"><small>It's super effective!</small><br></div><div class="battle-history"><small>(The opposing Banette lost <abbr title="−117/331">35.3%</abbr> of its health!)</small><br></div><div class="spacer battle-history"><br></div><div class="battle-history">The opposing Banette used <strong>Shadow Claw</strong>!<br></div><div class="battle-history"><small>It's not very effective...</small><br></div><div class="battle-history"><small>A critical hit!</small><br></div><div class="battle-history"><small>(Drapion lost <abbr title="−105/281">37.4%</abbr> of its health!)</small><br></div><div class="battle-history"><small>Drapion ate its Lansat Berry!</small><br></div><div class="battle-history"><small>Drapion is getting pumped!</small><br></div><div class="spacer battle-history"><br></div><div class="battle-history"><small>Drapion was hurt by its burn!</small><br></div><div class="spacer battle-history"><br></div><div class="battle-history">Drapion fainted!<br></div><div class="spacer battle-history"><br></div><div class="battle-history">Go! <strong>Farfetch'd</strong>!<br></div><div class="spacer battle-history"><br></div><h2 class="battle-history">Turn 10</h2><div class="spacer battle-history"><br></div><div class="battle-history">The opposing Banette used <strong>Pain Split</strong>!<br></div><div class="battle-history"><small>The battlers shared their pain!</small><br></div><div class="spacer battle-history"><br></div><div class="battle-history">Farfetch'd used <strong>Night Slash</strong>!<br></div><div class="battle-history"><small>It's super effective!</small><br></div><div class="battle-history"><small>A critical hit!</small><br></div><div class="battle-history"><small>(The opposing Banette lost <abbr title="−165/331">49.8%</abbr> of its health!)</small><br></div><div class="spacer battle-history"><br></div><div class="battle-history">The opposing Banette fainted!<br></div><div class="spacer battle-history"><br></div><div class="battle-history">ShadowVolke7 sent out <strong>Magneton</strong>!<br></div><div class="spacer battle-history"><br></div><h2 class="battle-history">Turn 11</h2><div class="chat chatmessage-surfdude400"><strong style="color:hsl(117,50%,44.539783028003754%)"><small>★</small><span class="username" data-name="SURFDUDE400">SURFDUDE400</span>:</strong> <em>!weakness electric steel</em></div><div class="chat"><div class="infobox">Electric/Steel:<br><span class="message-effect-weak">Weaknesses</span>: Fighting, Fire, <b>Ground</b><br><span class="message-effect-resist">Resistances</span>: Bug, Dragon, Electric, Fairy, <b>Flying</b>, Grass, Ice, Normal, Psychic, Rock, <b>Steel</b><br><span class="message-effect-immune">Immunities</span>: Poison</div></div><div class="spacer battle-history"><br></div><div class="battle-history">Farfetch'd used <strong>Night Slash</strong>!<br></div><div class="battle-history"><small>A critical hit!</small><br></div><div class="battle-history"><small>(The opposing Magneton lost <abbr title="−53/243">21.8%</abbr> of its health!)</small><br></div><div class="spacer battle-history"><br></div><div class="battle-history">The opposing Magneton used <strong>Substitute</strong>!<br></div><div class="battle-history"><small>The opposing Magneton put in a substitute!</small><br></div><div class="battle-history"><small>(The opposing Magneton lost <abbr title="−60/243">24.7%</abbr> of its health!)</small><br></div><div class="spacer battle-history"><br></div><h2 class="battle-history">Turn 12</h2><div class="spacer battle-history"><br></div><div class="battle-history">Farfetch'd used <strong>Night Slash</strong>!<br></div><div class="battle-history"><small>A critical hit!</small><br></div><div class="battle-history"><small>The substitute took damage for the opposing Magneton!</small><br></div><div class="spacer battle-history"><br></div><div class="battle-history">The opposing Magneton used <strong>Thunderbolt</strong>!<br></div><div class="battle-history"><small>It's super effective!</small><br></div><div class="battle-history"><small>(Farfetch'd lost <abbr title="−165/245">67.3%</abbr> of its health!)</small><br></div><div class="spacer battle-history"><br></div><div class="battle-history">Farfetch'd fainted!<br></div><div class="spacer battle-history"><br></div><div class="battle-history">Go! <strong>Absol</strong>!<br></div><div class="spacer battle-history"><br></div><h2 class="battle-history">Turn 13</h2><div class="spacer battle-history"><br></div><div class="battle-history">Absol used <strong>Night Slash</strong>!<br></div><div class="battle-history"><small>The opposing Magneton's substitute faded!</small><br></div><div class="battle-history"><small>Absol lost some of its HP!</small><br></div><div class="spacer battle-history"><br></div><div class="battle-history">The opposing Magneton used <strong>Volt Switch</strong>!<br></div><div class="battle-history"><small>(Absol lost <abbr title="−196/271">72.3%</abbr> of its health!)</small><br></div><div class="spacer battle-history"><br></div><div class="battle-history">The opposing Magneton went back to ShadowVolke7!<br></div><div class="battle-history">ShadowVolke7 sent out <strong>Ambipom</strong>!<br></div><div class="spacer battle-history"><br></div><h2 class="battle-history">Turn 14</h2><div class="spacer battle-history"><br></div><div class="battle-history">Absol, come back!<br></div><div class="battle-history">Go! <strong>Togetic</strong>!<br></div><div class="spacer battle-history"><br></div><div class="battle-history">The opposing Ambipom used <strong>Fake Out</strong>!<br></div><div class="battle-history"><small>(Togetic lost <abbr title="−64/313">20.4%</abbr> of its health!)</small><br></div><div class="spacer battle-history"><br></div><h2 class="battle-history">Turn 15</h2><div class="spacer battle-history"><br></div><div class="battle-history">The opposing Ambipom used <strong>Acrobatics</strong>!<br></div><div class="battle-history"><small>A critical hit!</small><br></div><div class="battle-history"><small>(Togetic lost <abbr title="−90/313">28.8%</abbr> of its health!)</small><br></div><div class="spacer battle-history"><br></div><div class="battle-history">Togetic used <strong>Ancient Power</strong>!<br></div><div class="battle-history"><small>(The opposing Ambipom lost <abbr title="−63/291">21.6%</abbr> of its health!)</small><br></div><div class="battle-history"><small>The opposing Ambipom is switched out with the Eject Button!</small><br></div><div class="spacer battle-history"><br></div><div class="battle-history">ShadowVolke7 withdrew Ambipom!<br></div><div class="battle-history">ShadowVolke7 sent out <strong>Magneton</strong>!<br></div><div class="spacer battle-history"><br></div><h2 class="battle-history">Turn 16</h2><div class="spacer battle-history"><br></div><div class="battle-history">The opposing Magneton used <strong>Substitute</strong>!<br></div><div class="battle-history"><small>The opposing Magneton put in a substitute!</small><br></div><div class="battle-history"><small>(The opposing Magneton lost <abbr title="−60/243">24.7%</abbr> of its health!)</small><br></div><div class="spacer battle-history"><br></div><div class="battle-history">Togetic used <strong>Ancient Power</strong>!<br></div><div class="battle-history"><small>It's not very effective...</small><br></div><div class="battle-history"><small>A critical hit!</small><br></div><div class="battle-history"><small>The substitute took damage for the opposing Magneton!</small><br></div><div class="battle-history"><small>Togetic's Attack rose!</small><br></div><div class="battle-history"><small>Togetic's Defense rose!</small><br></div><div class="battle-history"><small>Togetic's Special Attack rose!</small><br></div><div class="battle-history"><small>Togetic's Special Defense rose!</small><br></div><div class="battle-history"><small>Togetic's Speed rose!</small><br></div><div class="spacer battle-history"><br></div><h2 class="battle-history">Turn 17</h2><div class="spacer battle-history"><br></div><div class="battle-history">Togetic used <strong>Roost</strong>!<br></div><div class="battle-history"><small>Togetic restored its HP.</small><br></div><div class="spacer battle-history"><br></div><div class="battle-history">The opposing Magneton used <strong>Thunderbolt</strong>!<br></div><div class="battle-history"><small>(Togetic lost <abbr title="−64/313">20.4%</abbr> of its health!)</small><br></div><div class="battle-history"><small>Togetic is paralyzed! It may be unable to move!</small><br></div><div class="spacer battle-history"><br></div><h2 class="battle-history">Turn 18</h2><div class="spacer battle-history"><br></div><div class="battle-history">The opposing Magneton used <strong>Thunderbolt</strong>!<br></div><div class="battle-history"><small>It's super effective!</small><br></div><div class="battle-history"><small>A critical hit!</small><br></div><div class="battle-history"><small>(Togetic lost <abbr title="−228/313">72.8%</abbr> of its health!)</small><br></div><div class="spacer battle-history"><br></div><div class="battle-history">Togetic used <strong>Ancient Power</strong>!<br></div><div class="battle-history"><small>It's not very effective...</small><br></div><div class="battle-history"><small>The substitute took damage for the opposing Magneton!</small><br></div><div class="spacer battle-history"><br></div><h2 class="battle-history">Turn 19</h2><div class="spacer battle-history"><br></div><div class="battle-history">The opposing Magneton used <strong>Thunderbolt</strong>!<br></div><div class="battle-history"><small>It's super effective!</small><br></div><div class="battle-history"><small>(Togetic lost <abbr title="−21/313">6.7%</abbr> of its health!)</small><br></div><div class="spacer battle-history"><br></div><div class="battle-history">Togetic fainted!<br></div><div class="spacer battle-history"><br></div><div class="battle-history">Go! <strong>Absol</strong>!<br></div><div class="spacer battle-history"><br></div><h2 class="battle-history">Turn 20</h2><div class="spacer battle-history"><br></div><div class="battle-history">Absol used <strong>Night Slash</strong>!<br></div><div class="battle-history"><small>The opposing Magneton's substitute faded!</small><br></div><div class="battle-history"><small>Absol lost some of its HP!</small><br></div><div class="spacer battle-history"><br></div><div class="battle-history">The opposing Magneton used <strong>Thunderbolt</strong>!<br></div><div class="battle-history"><small>(Absol lost <abbr title="−21/271">7.7%</abbr> of its health!)</small><br></div><div class="spacer battle-history"><br></div><div class="battle-history">Absol fainted!<br></div><div class="spacer battle-history"><br></div><div class="battle-history">Go! <strong>Octillery</strong>!<br></div><div class="spacer battle-history"><br></div><h2 class="battle-history">Turn 21</h2><div class="spacer battle-history"><br></div><div class="battle-history">The opposing Magneton used <strong>Thunderbolt</strong>!<br></div><div class="battle-history"><small>It's super effective!</small><br></div><div class="battle-history"><small>(Octillery lost <abbr title="−326/353">92.4%</abbr> of its health!)</small><br></div><div class="battle-history"><small>Octillery ate its Sitrus Berry!</small><br></div><div class="battle-history"><small>Octillery restored HP using its Sitrus Berry!</small><br></div><div class="spacer battle-history"><br></div><div class="battle-history">Octillery used <strong>Scald</strong>!<br></div><div class="battle-history"><small>(The opposing Magneton lost <abbr title="−70/243">28.8%</abbr> of its health!)</small><br></div><div class="spacer battle-history"><br></div><div class="battle-history">The opposing Magneton fainted!<br></div><div class="spacer battle-history"><br></div><div class="battle-history">ShadowVolke7 sent out <strong>Blastoise</strong>!<br></div><div class="spacer battle-history"><br></div><h2 class="battle-history">Turn 22</h2><div class="spacer battle-history"><br></div><div class="battle-history">The opposing Blastoise used <strong>Aqua Ring</strong>!<br></div><div class="battle-history"><small>The opposing Blastoise surrounded itself with a veil of water!</small><br></div><div class="spacer battle-history"><br></div><div class="battle-history">Octillery used <strong>Energy Ball</strong>!<br></div><div class="battle-history"><small>It's super effective!</small><br></div><div class="battle-history"><small>(The opposing Blastoise lost <abbr title="−156/301">51.8%</abbr> of its health!)</small><br></div><div class="spacer battle-history"><br></div><div class="battle-history"><small>The opposing Blastoise restored a little HP using its Leftovers!</small><br></div><div class="battle-history"><small>A veil of water restored the opposing Blastoise's HP!</small><br></div><div class="spacer battle-history"><br></div><h2 class="battle-history">Turn 23</h2><div class="spacer battle-history"><br></div><div class="battle-history">The opposing Blastoise used <strong>Power-Up Punch</strong>!<br></div><div class="battle-history"><small>(Octillery lost <abbr title="−32/353">9.1%</abbr> of its health!)</small><br></div><div class="battle-history"><small>The opposing Blastoise's Attack rose!</small><br></div><div class="spacer battle-history"><br></div><div class="battle-history">Octillery used <strong>Energy Ball</strong>!<br></div><div class="battle-history"><small>It's super effective!</small><br></div><div class="battle-history"><small>(The opposing Blastoise lost <abbr title="−48/301">15.9%</abbr> of its health!)</small><br></div><div class="spacer battle-history"><br></div><div class="battle-history">The opposing Blastoise fainted!<br></div><div class="spacer battle-history"><br></div><div class="battle-history">ShadowVolke7 sent out <strong>Ambipom</strong>!<br></div><div class="spacer battle-history"><br></div><h2 class="battle-history">Turn 24</h2><div class="spacer battle-history"><br></div><div class="battle-history">The opposing Ambipom used <strong>Fake Out</strong>!<br></div><div class="battle-history"><small>(Octillery lost <abbr title="−83/353">23.5%</abbr> of its health!)</small><br></div><div class="spacer battle-history"><br></div><div class="battle-history">Octillery fainted!<br></div><div class="spacer battle-history"><br></div><div class="battle-history"><strong>ShadowVolke7</strong> won the battle!<br></div><div class="chat"><small>SURFDUDE400 left.</small></div></div><div class="inner-preempt"></div></div></div>
</div>
<script>
let daily = Math.floor(Date.now()/1000/60/60/24);document.write('<script src="https://play.pokemonshowdown.com/js/replay-embed.js?version'+daily+'"></'+'script>');
</script>
