<!DOCTYPE html>
<meta charset="utf-8" />
<!-- version 1 -->
<title>RU replay: vvtvtvvcdfcf vs. Kinghtcroz</title>
<style>
html,body {font-family:Verdana, sans-serif;font-size:10pt;margin:0;padding:0;}body{padding:12px 0;} .battle-log {font-family:Verdana, sans-serif;font-size:10pt;} .battle-log-inline {border:1px solid #AAAAAA;background:#EEF2F5;color:black;max-width:640px;margin:0 auto 80px;padding-bottom:5px;} .battle-log .inner {padding:4px 8px 0px 8px;} .battle-log .inner-preempt {padding:0 8px 4px 8px;} .battle-log .inner-after {margin-top:0.5em;} .battle-log h2 {margin:0.5em -8px;padding:4px 8px;border:1px solid #AAAAAA;background:#E0E7EA;border-left:0;border-right:0;font-family:Verdana, sans-serif;font-size:13pt;} .battle-log .chat {vertical-align:middle;padding:3px 0 3px 0;font-size:8pt;} .battle-log .chat strong {color:#40576A;} .battle-log .chat em {padding:1px 4px 1px 3px;color:#000000;font-style:normal;} .chat.mine {background:rgba(0,0,0,0.05);margin-left:-8px;margin-right:-8px;padding-left:8px;padding-right:8px;} .spoiler {color:#BBBBBB;background:#BBBBBB;padding:0px 3px;} .spoiler:hover, .spoiler:active, .spoiler-shown {color:#000000;background:#E2E2E2;padding:0px 3px;} .spoiler a {color:#BBBBBB;} .spoiler:hover a, .spoiler:active a, .spoiler-shown a {color:#2288CC;} .chat code, .chat .spoiler:hover code, .chat .spoiler:active code, .chat .spoiler-shown code {border:1px solid #C0C0C0;background:#EEEEEE;color:black;padding:0 2px;} .chat .spoiler code {border:1px solid #CCCCCC;background:#CCCCCC;color:#CCCCCC;} .battle-log .rated {padding:3px 4px;} .battle-log .rated strong {color:white;background:#89A;padding:1px 4px;border-radius:4px;} .spacer {margin-top:0.5em;} .message-announce {background:#6688AA;color:white;padding:1px 4px 2px;} .message-announce a, .broadcast-green a, .broadcast-blue a, .broadcast-red a {color:#DDEEFF;} .broadcast-green {background-color:#559955;color:white;padding:2px 4px;} .broadcast-blue {background-color:#6688AA;color:white;padding:2px 4px;} .infobox {border:1px solid #6688AA;padding:2px 4px;} .infobox-limited {max-height:200px;overflow:auto;overflow-x:hidden;} .broadcast-red {background-color:#AA5544;color:white;padding:2px 4px;} .message-learn-canlearn {font-weight:bold;color:#228822;text-decoration:underline;} .message-learn-cannotlearn {font-weight:bold;color:#CC2222;text-decoration:underline;} .message-effect-weak {font-weight:bold;color:#CC2222;} .message-effect-resist {font-weight:bold;color:#6688AA;} .message-effect-immune {font-weight:bold;color:#666666;} .message-learn-list {margin-top:0;margin-bottom:0;} .message-throttle-notice, .message-error {color:#992222;} .message-overflow, .chat small.message-overflow {font-size:0pt;} .message-overflow::before {font-size:9pt;content:'...';} .subtle {color:#3A4A66;}
</style>
<div class="wrapper replay-wrapper" style="max-width:1180px;margin:0 auto">
<input type="hidden" name="replayid" value="ru-499269447" />
<div class="battle"></div><div class="battle-log"></div><div class="replay-controls"></div><div class="replay-controls-2"></div>
<h1 style="font-weight:normal;text-align:center"><strong>RU</strong><br /><a href="http://pokemonshowdown.com/users/vvtvtvvcdfcf" class="subtle" target="_blank">vvtvtvvcdfcf</a> vs. <a href="http://pokemonshowdown.com/users/kinghtcroz" class="subtle" target="_blank">Kinghtcroz</a></h1>
<script type="text/plain" class="battle-log-data">|j|vvtvtvvcdfcf
|j|Kinghtcroz
|player|p1|vvtvtvvcdfcf|176
|player|p2|Kinghtcroz|149
|gametype|singles
|gen|6
|tier|RU
|rated
|seed|51661,48335,64744,18734
|rule|Sleep Clause Mod: Limit one foe put to sleep
|rule|Species Clause: Limit one of each Pokémon
|rule|OHKO Clause: OHKO moves are banned
|rule|Moody Clause: Moody is banned
|rule|Evasion Moves Clause: Evasion moves are banned
|rule|Endless Battle Clause: Forcing endless battles is banned
|rule|HP Percentage Mod: HP is shown in percentages
|clearpoke
|poke|p1|Glalie, F|item
|poke|p1|Alomomola, F|item
|poke|p1|Hitmontop, M|item
|poke|p1|Venusaur, M|item
|poke|p1|Jolteon, M|item
|poke|p1|Spiritomb, F|item
|poke|p2|Banette, F|item
|poke|p2|Meloetta|item
|poke|p2|Poliwrath, M|item
|poke|p2|Registeel|item
|poke|p2|Garbodor, M|item
|poke|p2|Virizion|item
|rule|Swagger Clause: Swagger is banned
|rule|Baton Pass Clause: Limit one Baton Passer, can't pass Spe and other stats simultaneously
|teampreview
|choice|team 3, team 2, team 1, team 4, team 5, team 6|team 5, team 2, team 3, team 4, team 1, team 6
|
|start
|switch|p1a: Hitmontop|Hitmontop, M|298\/298
|switch|p2a: World Loiter|Garbodor, M|363\/363
|-ability|p1a: Hitmontop|Intimidate|boost
|-unboost|p2a: World Loiter|atk|1
|turn|1
|choice|move suckerpunch|move toxic
|
|move|p1a: Hitmontop|Sucker Punch|p2a: World Loiter|[still]
|-fail|p1a: Hitmontop
|move|p2a: World Loiter|Toxic|p1a: Hitmontop
|-status|p1a: Hitmontop|tox
|
|-damage|p1a: Hitmontop|280\/298 tox|[from] psn
|upkeep
|turn|2
|choice|switch 4|move spikes
|
|switch|p1a: Venusaur|Venusaur, M|364\/364
|move|p2a: World Loiter|Spikes|p1a: Venusaur
|-sidestart|p1: vvtvtvvcdfcf|Spikes
|
|upkeep
|turn|3
|choice|move leechseed|move spikes
|
|move|p1a: Venusaur|Leech Seed|p2a: World Loiter
|-start|p2a: World Loiter|move: Leech Seed
|move|p2a: World Loiter|Spikes|p1a: Venusaur
|-sidestart|p1: vvtvtvvcdfcf|Spikes
|
|-damage|p2a: World Loiter|318\/363|[from] Leech Seed|[of] p1a: Venusaur
|upkeep
|turn|4
|choice|move gigadrain|switch 4
|
|switch|p2a: Titanium|Registeel|364\/364
|move|p1a: Venusaur|Giga Drain|p2a: Titanium
|-resisted|p2a: Titanium
|-damage|p2a: Titanium|341\/364
|
|-heal|p2a: Titanium|363\/364|[from] item: Leftovers
|upkeep
|turn|5
|choice|switch 4|move stealthrock
|
|switch|p1a: Hitmontop|Hitmontop, M|280\/298 tox
|-damage|p1a: Hitmontop|231\/298 tox|[from] Spikes
|-ability|p1a: Hitmontop|Intimidate|boost
|-fail|p2a: Titanium|unboost|[from] ability: Clear Body|[of] p2a: Titanium
|move|p2a: Titanium|Stealth Rock|p1a: Hitmontop
|-sidestart|p1: vvtvtvvcdfcf|move: Stealth Rock
|
|-heal|p2a: Titanium|364\/364|[from] item: Leftovers
|-damage|p1a: Hitmontop|213\/298 tox|[from] psn
|upkeep
|turn|6
|choice|move rapidspin|switch 5
|
|switch|p2a: Witch Time|Banette, F|326\/326
|move|p1a: Hitmontop|Rapid Spin|p2a: Witch Time
|-immune|p2a: Witch Time|[msg]
|
|-damage|p1a: Hitmontop|177\/298 tox|[from] psn
|upkeep
|turn|7
|choice|move suckerpunch|move willowisp mega
|
|detailschange|p2a: Witch Time|Banette-Mega, F
|-mega|p2a: Witch Time|Banette|Banettite
|move|p1a: Hitmontop|Sucker Punch|p2a: Witch Time|[still]
|-fail|p1a: Hitmontop
|move|p2a: Witch Time|Will-O-Wisp|p1a: Hitmontop
|-fail|p1a: Hitmontop
|
|-damage|p1a: Hitmontop|123\/298 tox|[from] psn
|upkeep
|turn|8
|choice|move suckerpunch|move willowisp
|
|move|p2a: Witch Time|Will-O-Wisp|p1a: Hitmontop
|-fail|p1a: Hitmontop
|move|p1a: Hitmontop|Sucker Punch|p2a: Witch Time|[still]
|-fail|p1a: Hitmontop
|
|-damage|p1a: Hitmontop|51\/298 tox|[from] psn
|upkeep
|turn|9
|j|microwave oven
|choice|move suckerpunch|move willowisp
|
|move|p2a: Witch Time|Will-O-Wisp|p1a: Hitmontop
|-fail|p1a: Hitmontop
|move|p1a: Hitmontop|Sucker Punch|p2a: Witch Time|[still]
|-fail|p1a: Hitmontop
|
|-damage|p1a: Hitmontop|0 fnt|[from] psn
|upkeep
|faint|p1a: Hitmontop
|choice|switch 5|
|
|switch|p1a: Jolteon|Jolteon, M|271\/271
|-damage|p1a: Jolteon|238\/271|[from] Stealth Rock
|-damage|p1a: Jolteon|193\/271|[from] Spikes
|turn|10
|choice|move shadowball|switch 5
|
|switch|p2a: Titanium|Registeel|364\/364
|move|p1a: Jolteon|Shadow Ball|p2a: Titanium
|-damage|p2a: Titanium|302\/364
|-damage|p1a: Jolteon|166\/271|[from] item: Life Orb
|
|-heal|p2a: Titanium|324\/364|[from] item: Leftovers
|upkeep
|turn|11
|choice|move voltswitch|move toxic
|
|move|p1a: Jolteon|Volt Switch|p2a: Titanium
|-damage|p2a: Titanium|242\/364
|-damage|p1a: Jolteon|139\/271|[from] item: Life Orb
|j|m1123
|choice|switch 3|
|
|switch|p1a: Glalie|Glalie, F|301\/301
|-damage|p1a: Glalie|251\/301|[from] Spikes
|-damage|p1a: Glalie|176\/301|[from] Stealth Rock
|move|p2a: Titanium|Toxic|p1a: Glalie
|-status|p1a: Glalie|tox
|
|-heal|p2a: Titanium|264\/364|[from] item: Leftovers
|-damage|p1a: Glalie|158\/301 tox|[from] psn
|upkeep
|turn|12
|choice|move explosion mega|switch 3
|
|switch|p2a: Sumotori|Poliwrath, M|384\/384
|detailschange|p1a: Glalie|Glalie-Mega, F
|-mega|p1a: Glalie|Glalie|Glalitite
|move|p1a: Glalie|Explosion|p2a: Sumotori
|-resisted|p2a: Sumotori
|-damage|p2a: Sumotori|202\/384
|faint|p1a: Glalie
|
|-heal|p2a: Sumotori|226\/384|[from] item: Leftovers
|upkeep
|-message|vvtvtvvcdfcf forfeited.
|
|win|Kinghtcroz
|player|p1
|player|p2
|l|vvtvtvvcdfcf</script>
</div>
<div class="battle-log battle-log-inline"><div class="inner"><div class="battle-options"></div><div class="inner"><div class="chat"><small>vvtvtvvcdfcf joined.</small></div><div class="chat"><small>Kinghtcroz joined.</small></div><div class=""><small>Format:</small> <br><strong>RU</strong></div><div class="rated"><strong>Rated battle</strong></div><div class=""><small><em>Sleep Clause Mod:</em> Limit one foe put to sleep</small></div><div class=""><small><em>Species Clause:</em> Limit one of each Pokémon</small></div><div class=""><small><em>OHKO Clause:</em> OHKO moves are banned</small></div><div class=""><small><em>Moody Clause:</em> Moody is banned</small></div><div class=""><small><em>Evasion Moves Clause:</em> Evasion moves are banned</small></div><div class=""><small><em>Endless Battle Clause:</em> Forcing endless battles is banned</small></div><div class=""><small><em>HP Percentage Mod:</em> HP is shown in percentages</small></div><div class=""><small><em>Swagger Clause:</em> Swagger is banned</small></div><div class=""><small><em>Baton Pass Clause:</em> Limit one Baton Passer, can't pass Spe and other stats simultaneously</small></div><div class="chat battle-history"><strong>vvtvtvvcdfcf's team:</strong> <em style="color:#445566;display:block;">Glalie / Alomomola / Hitmontop / Venusaur / Jolteon / Spiritomb</em></div><div class="chat battle-history"><strong>Kinghtcroz's team:</strong> <em style="color:#445566;display:block;">Banette / Meloetta / Poliwrath / Registeel / Garbodor / Virizion</em></div><div class="spacer battle-history"><br></div><div class="battle-history">Battle started between vvtvtvvcdfcf and Kinghtcroz!<br></div><div class="spacer battle-history"><br></div><div class="battle-history">Go! <strong>Hitmontop</strong>!<br></div><div class="spacer battle-history"><br></div><div class="battle-history">Kinghtcroz sent out World Loiter (<strong>Garbodor</strong>)!<br></div><div class="battle-history"><small>[Hitmontop's Intimidate]</small><br></div><div class="battle-history"><small>The opposing World Loiter's Attack fell!</small><br></div><div class="spacer battle-history"><br></div><h2 class="battle-history">Turn 1</h2><div class="spacer battle-history"><br></div><div class="battle-history">Hitmontop used <strong>Sucker Punch</strong>!<br></div><div class="battle-history"><small>But it failed!</small><br></div><div class="spacer battle-history"><br></div><div class="battle-history">The opposing World Loiter used <strong>Toxic</strong>!<br></div><div class="battle-history"><small>Hitmontop was badly poisoned!</small><br></div><div class="spacer battle-history"><br></div><div class="battle-history"><small>Hitmontop was hurt by poison!</small><br></div><div class="spacer battle-history"><br></div><h2 class="battle-history">Turn 2</h2><div class="spacer battle-history"><br></div><div class="battle-history">Hitmontop, come back!<br></div><div class="battle-history">Go! <strong>Venusaur</strong>!<br></div><div class="spacer battle-history"><br></div><div class="battle-history">The opposing World Loiter used <strong>Spikes</strong>!<br></div><div class="battle-history"><small>Spikes were scattered on the ground all around your team!</small><br></div><div class="spacer battle-history"><br></div><h2 class="battle-history">Turn 3</h2><div class="spacer battle-history"><br></div><div class="battle-history">Venusaur used <strong>Leech Seed</strong>!<br></div><div class="battle-history"><small>The opposing World Loiter was seeded!</small><br></div><div class="spacer battle-history"><br></div><div class="battle-history">The opposing World Loiter used <strong>Spikes</strong>!<br></div><div class="battle-history"><small>Spikes were scattered on the ground all around your team!</small><br></div><div class="spacer battle-history"><br></div><div class="battle-history"><small>The opposing World Loiter's health is sapped by Leech Seed!</small><br></div><div class="spacer battle-history"><br></div><h2 class="battle-history">Turn 4</h2><div class="spacer battle-history"><br></div><div class="battle-history">Kinghtcroz withdrew World Loiter!<br></div><div class="battle-history">Kinghtcroz sent out Titanium (<strong>Registeel</strong>)!<br></div><div class="spacer battle-history"><br></div><div class="battle-history">Venusaur used <strong>Giga Drain</strong>!<br></div><div class="battle-history"><small>It's not very effective...</small><br></div><div class="battle-history"><small>(The opposing Titanium lost <abbr title="−23/364">6.3%</abbr> of its health!)</small><br></div><div class="spacer battle-history"><br></div><div class="battle-history"><small>The opposing Titanium restored a little HP using its Leftovers!</small><br></div><div class="spacer battle-history"><br></div><h2 class="battle-history">Turn 5</h2><div class="spacer battle-history"><br></div><div class="battle-history">Venusaur, come back!<br></div><div class="battle-history">Go! <strong>Hitmontop</strong>!<br></div><div class="battle-history"><small>Hitmontop is hurt by the spikes!</small><br></div><div class="battle-history"><small>[Hitmontop's Intimidate]</small><br></div><div class="battle-history"><small>[The opposing Titanium's Clear Body]</small><br><small>The opposing Titanium's stats were not lowered!</small><br></div><div class="spacer battle-history"><br></div><div class="battle-history">The opposing Titanium used <strong>Stealth Rock</strong>!<br></div><div class="battle-history"><small>Pointed stones float in the air around your team!</small><br></div><div class="spacer battle-history"><br></div><div class="battle-history"><small>The opposing Titanium restored a little HP using its Leftovers!</small><br></div><div class="battle-history"><small>Hitmontop was hurt by poison!</small><br></div><div class="spacer battle-history"><br></div><h2 class="battle-history">Turn 6</h2><div class="spacer battle-history"><br></div><div class="battle-history">Kinghtcroz withdrew Titanium!<br></div><div class="battle-history">Kinghtcroz sent out Witch Time (<strong>Banette</strong>)!<br></div><div class="spacer battle-history"><br></div><div class="battle-history">Hitmontop used <strong>Rapid Spin</strong>!<br></div><div class="battle-history"><small>It doesn't affect the opposing Witch Time...</small><br></div><div class="spacer battle-history"><br></div><div class="battle-history"><small>Hitmontop was hurt by poison!</small><br></div><div class="spacer battle-history"><br></div><h2 class="battle-history">Turn 7</h2><div class="spacer battle-history"><br></div><div class="battle-history"><small>The opposing Witch Time's Banettite is reacting to Kinghtcroz's Mega Bracelet!</small><br>The opposing Witch Time has Mega Evolved into Mega Banette!<br></div><div class="spacer battle-history"><br></div><div class="battle-history">Hitmontop used <strong>Sucker Punch</strong>!<br></div><div class="battle-history"><small>But it failed!</small><br></div><div class="spacer battle-history"><br></div><div class="battle-history">The opposing Witch Time used <strong>Will-O-Wisp</strong>!<br></div><div class="battle-history"><small>But it failed!</small><br></div><div class="spacer battle-history"><br></div><div class="battle-history"><small>Hitmontop was hurt by poison!</small><br></div><div class="spacer battle-history"><br></div><h2 class="battle-history">Turn 8</h2><div class="spacer battle-history"><br></div><div class="battle-history">The opposing Witch Time used <strong>Will-O-Wisp</strong>!<br></div><div class="battle-history"><small>But it failed!</small><br></div><div class="spacer battle-history"><br></div><div class="battle-history">Hitmontop used <strong>Sucker Punch</strong>!<br></div><div class="battle-history"><small>But it failed!</small><br></div><div class="spacer battle-history"><br></div><div class="battle-history"><small>Hitmontop was hurt by poison!</small><br></div><div class="spacer battle-history"><br></div><h2 class="battle-history">Turn 9</h2><div class="chat"><small>microwave oven joined.</small></div><div class="spacer battle-history"><br></div><div class="battle-history">The opposing Witch Time used <strong>Will-O-Wisp</strong>!<br></div><div class="battle-history"><small>But it failed!</small><br></div><div class="spacer battle-history"><br></div><div class="battle-history">Hitmontop used <strong>Sucker Punch</strong>!<br></div><div class="battle-history"><small>But it failed!</small><br></div><div class="spacer battle-history"><br></div><div class="battle-history"><small>Hitmontop was hurt by poison!</small><br></div><div class="spacer battle-history"><br></div><div class="battle-history">Hitmontop fainted!<br></div><div class="spacer battle-history"><br></div><div class="battle-history">Go! <strong>Jolteon</strong>!<br></div><div class="battle-history"><small>Pointed stones dug into Jolteon!</small><br></div><div class="battle-history"><small>Jolteon is hurt by the spikes!</small><br></div><div class="spacer battle-history"><br></div><h2 class="battle-history">Turn 10</h2><div class="spacer battle-history"><br></div><div class="battle-history">Kinghtcroz withdrew Witch Time!<br></div><div class="battle-history">Kinghtcroz sent out Titanium (<strong>Registeel</strong>)!<br></div><div class="spacer battle-history"><br></div><div class="battle-history">Jolteon used <strong>Shadow Ball</strong>!<br></div><div class="battle-history"><small>(The opposing Titanium lost <abbr title="−62/364">17.0%</abbr> of its health!)</small><br></div><div class="battle-history"><small>Jolteon lost some of its HP!</small><br></div><div class="spacer battle-history"><br></div><div class="battle-history"><small>The opposing Titanium restored a little HP using its Leftovers!</small><br></div><div class="spacer battle-history"><br></div><h2 class="battle-history">Turn 11</h2><div class="spacer battle-history"><br></div><div class="battle-history">Jolteon used <strong>Volt Switch</strong>!<br></div><div class="battle-history"><small>(The opposing Titanium lost <abbr title="−82/364">22.5%</abbr> of its health!)</small><br></div><div class="battle-history"><small>Jolteon lost some of its HP!</small><br></div><div class="chat"><small>m1123 joined.</small></div><div class="spacer battle-history"><br></div><div class="battle-history">Jolteon went back to vvtvtvvcdfcf!<br></div><div class="battle-history">Go! <strong>Glalie</strong>!<br></div><div class="battle-history"><small>Glalie is hurt by the spikes!</small><br></div><div class="battle-history"><small>Pointed stones dug into Glalie!</small><br></div><div class="spacer battle-history"><br></div><div class="battle-history">The opposing Titanium used <strong>Toxic</strong>!<br></div><div class="battle-history"><small>Glalie was badly poisoned!</small><br></div><div class="spacer battle-history"><br></div><div class="battle-history"><small>The opposing Titanium restored a little HP using its Leftovers!</small><br></div><div class="battle-history"><small>Glalie was hurt by poison!</small><br></div><div class="spacer battle-history"><br></div><h2 class="battle-history">Turn 12</h2><div class="spacer battle-history"><br></div><div class="battle-history">Kinghtcroz withdrew Titanium!<br></div><div class="battle-history">Kinghtcroz sent out Sumotori (<strong>Poliwrath</strong>)!<br></div><div class="spacer battle-history"><br></div><div class="battle-history"><small>Glalie's Glalitite is reacting to vvtvtvvcdfcf's Mega Bracelet!</small><br>Glalie has Mega Evolved into Mega Glalie!<br></div><div class="spacer battle-history"><br></div><div class="battle-history">Glalie used <strong>Explosion</strong>!<br></div><div class="battle-history"><small>It's not very effective...</small><br></div><div class="battle-history"><small>(The opposing Sumotori lost <abbr title="−182/384">47.4%</abbr> of its health!)</small><br></div><div class="spacer battle-history"><br></div><div class="battle-history">Glalie fainted!<br></div><div class="spacer battle-history"><br></div><div class="battle-history"><small>The opposing Sumotori restored a little HP using its Leftovers!</small><br></div><div class="spacer battle-history"><br></div><div class="battle-history"><small>vvtvtvvcdfcf forfeited.</small><br></div><div class="spacer battle-history"><br></div><div class="battle-history"><strong>Kinghtcroz</strong> won the battle!<br></div><div class="chat"><small>vvtvtvvcdfcf left.</small></div></div><div class="inner-preempt"></div></div></div>
</div>
<script>
let daily = Math.floor(Date.now()/1000/60/60/24);document.write('<script src="https://play.pokemonshowdown.com/js/replay-embed.js?version'+daily+'"></'+'script>');
</script>
