<!DOCTYPE html>
<meta charset="utf-8" />
<!-- version 1 -->
<title>RU replay: BirtheErMILF vs. wolfiexp</title>
<style>
html,body {font-family:Verdana, sans-serif;font-size:10pt;margin:0;padding:0;}body{padding:12px 0;} .battle-log {font-family:Verdana, sans-serif;font-size:10pt;} .battle-log-inline {border:1px solid #AAAAAA;background:#EEF2F5;color:black;max-width:640px;margin:0 auto 80px;padding-bottom:5px;} .battle-log .inner {padding:4px 8px 0px 8px;} .battle-log .inner-preempt {padding:0 8px 4px 8px;} .battle-log .inner-after {margin-top:0.5em;} .battle-log h2 {margin:0.5em -8px;padding:4px 8px;border:1px solid #AAAAAA;background:#E0E7EA;border-left:0;border-right:0;font-family:Verdana, sans-serif;font-size:13pt;} .battle-log .chat {vertical-align:middle;padding:3px 0 3px 0;font-size:8pt;} .battle-log .chat strong {color:#40576A;} .battle-log .chat em {padding:1px 4px 1px 3px;color:#000000;font-style:normal;} .chat.mine {background:rgba(0,0,0,0.05);margin-left:-8px;margin-right:-8px;padding-left:8px;padding-right:8px;} .spoiler {color:#BBBBBB;background:#BBBBBB;padding:0px 3px;} .spoiler:hover, .spoiler:active, .spoiler-shown {color:#000000;background:#E2E2E2;padding:0px 3px;} .spoiler a {color:#BBBBBB;} .spoiler:hover a, .spoiler:active a, .spoiler-shown a {color:#2288CC;} .chat code, .chat .spoiler:hover code, .chat .spoiler:active code, .chat .spoiler-shown code {border:1px solid #C0C0C0;background:#EEEEEE;color:black;padding:0 2px;} .chat .spoiler code {border:1px solid #CCCCCC;background:#CCCCCC;color:#CCCCCC;} .battle-log .rated {padding:3px 4px;} .battle-log .rated strong {color:white;background:#89A;padding:1px 4px;border-radius:4px;} .spacer {margin-top:0.5em;} .message-announce {background:#6688AA;color:white;padding:1px 4px 2px;} .message-announce a, .broadcast-green a, .broadcast-blue a, .broadcast-red a {color:#DDEEFF;} .broadcast-green {background-color:#559955;color:white;padding:2px 4px;} .broadcast-blue {background-color:#6688AA;color:white;padding:2px 4px;} .infobox {border:1px solid #6688AA;padding:2px 4px;} .infobox-limited {max-height:200px;overflow:auto;overflow-x:hidden;} .broadcast-red {background-color:#AA5544;color:white;padding:2px 4px;} .message-learn-canlearn {font-weight:bold;color:#228822;text-decoration:underline;} .message-learn-cannotlearn {font-weight:bold;color:#CC2222;text-decoration:underline;} .message-effect-weak {font-weight:bold;color:#CC2222;} .message-effect-resist {font-weight:bold;color:#6688AA;} .message-effect-immune {font-weight:bold;color:#666666;} .message-learn-list {margin-top:0;margin-bottom:0;} .message-throttle-notice, .message-error {color:#992222;} .message-overflow, .chat small.message-overflow {font-size:0pt;} .message-overflow::before {font-size:9pt;content:'...';} .subtle {color:#3A4A66;}
</style>
<div class="wrapper replay-wrapper" style="max-width:1180px;margin:0 auto">
<input type="hidden" name="replayid" value="ru-536057178" />
<div class="battle"></div><div class="battle-log"></div><div class="replay-controls"></div><div class="replay-controls-2"></div>
<h1 style="font-weight:normal;text-align:center"><strong>RU</strong><br /><a href="http://pokemonshowdown.com/users/birtheermilf" class="subtle" target="_blank">BirtheErMILF</a> vs. <a href="http://pokemonshowdown.com/users/wolfiexp" class="subtle" target="_blank">wolfiexp</a></h1>
<script type="text/plain" class="battle-log-data">|j|BirtheErMILF
|j|wolfiexp
|player|p1|BirtheErMILF|183
|player|p2|wolfiexp|92
|gametype|singles
|gen|6
|tier|RU
|seed|51461,7429,53648,52937
|rule|Sleep Clause Mod: Limit one foe put to sleep
|rule|Species Clause: Limit one of each Pokémon
|rule|OHKO Clause: OHKO moves are banned
|rule|Moody Clause: Moody is banned
|rule|Evasion Moves Clause: Evasion moves are banned
|rule|Endless Battle Clause: Forcing endless battles is banned
|rule|HP Percentage Mod: HP is shown in percentages
|clearpoke
|poke|p1|Banette, F|item
|poke|p1|Ambipom, M|item
|poke|p1|Jellicent, F|item
|poke|p1|Registeel|item
|poke|p1|Eelektross, M|item
|poke|p1|Emboar, M|item
|poke|p2|Registeel|item
|poke|p2|Gallade, M|item
|poke|p2|Bronzong|item
|poke|p2|Typhlosion, F|item
|poke|p2|Hitmonlee, M|item
|poke|p2|Alomomola, F|item
|rule|Swagger Clause: Swagger is banned
|rule|Baton Pass Clause: Limit one Baton Passer, can't pass Spe and other stats simultaneously
|teampreview
|choice|team 6, team 2, team 3, team 4, team 5, team 1|team 1, team 2, team 3, team 4, team 5, team 6
|
|start
|switch|p1a: Emboar|Emboar, M|361\/361
|switch|p2a: Registeel|Registeel|319\/319
|turn|1
|choice|move superpower|move thunderwave
|
|move|p1a: Emboar|Superpower|p2a: Registeel
|-supereffective|p2a: Registeel
|-damage|p2a: Registeel|83\/319
|-unboost|p1a: Emboar|atk|1
|-unboost|p1a: Emboar|def|1
|move|p2a: Registeel|Thunder Wave|p1a: Emboar
|-status|p1a: Emboar|par
|
|upkeep
|turn|2
|choice|move superpower|switch 3
|
|switch|p2a: Bronzong|Bronzong|338\/338
|move|p1a: Emboar|Superpower|p2a: Bronzong
|-damage|p2a: Bronzong|218\/338
|-unboost|p1a: Emboar|atk|1
|-unboost|p1a: Emboar|def|1
|
|-heal|p2a: Bronzong|239\/338|[from] item: Leftovers
|upkeep
|turn|3
|choice|switch 5|move stealthrock
|
|switch|p1a: Eelektross|Eelektross, M|374\/374
|move|p2a: Bronzong|Stealth Rock|p1a: Eelektross
|-sidestart|p1: BirtheErMILF|move: Stealth Rock
|
|-heal|p2a: Bronzong|260\/338|[from] item: Leftovers
|upkeep
|turn|4
|choice|move flamethrower|move zenheadbutt
|
|move|p1a: Eelektross|Flamethrower|p2a: Bronzong
|-supereffective|p2a: Bronzong
|-damage|p2a: Bronzong|194\/338
|move|p2a: Bronzong|Zen Headbutt|p1a: Eelektross
|-damage|p1a: Eelektross|280\/374
|
|-heal|p2a: Bronzong|215\/338|[from] item: Leftovers
|upkeep
|turn|5
|j|WOLFIEBOIIIIIIII
|choice|switch 6|move toxic
|
|switch|p1a: Banette|Banette, F|269\/269
|-damage|p1a: Banette|236\/269|[from] Stealth Rock
|-item|p2a: Bronzong|Leftovers|[from] ability: Frisk|[of] p1a: Banette|[identify]
|move|p2a: Bronzong|Toxic|p1a: Banette
|-status|p1a: Banette|tox
|
|-heal|p2a: Bronzong|236\/338|[from] item: Leftovers
|-damage|p1a: Banette|220\/269 tox|[from] psn
|upkeep
|turn|6
|choice|move shadowsneak mega|switch 3
|
|switch|p2a: Registeel|Registeel|83\/319
|detailschange|p1a: Banette|Banette-Mega, F
|-mega|p1a: Banette|Banette|Banettite
|move|p1a: Banette|Shadow Sneak|p2a: Registeel
|-damage|p2a: Registeel|35\/319
|
|-damage|p1a: Banette|188\/269 tox|[from] psn
|upkeep
|turn|7
|choice|move shadowclaw|move rest
|
|move|p1a: Banette|Shadow Claw|p2a: Registeel
|-crit|p2a: Registeel
|-damage|p2a: Registeel|0 fnt
|faint|p2a: Registeel
|
|-damage|p1a: Banette|140\/269 tox|[from] psn
|upkeep
|choice||switch 4
|
|switch|p2a: Typhlosion|Typhlosion, F|297\/297
|turn|8
|c|★wolfiexp|tar sin tid ja
|c|★BirtheErMILF|lol
|c|★BirtheErMILF|innså nettopp at jeg glemte å ta evs på banette
|c| WOLFIEBOIIIIIIII|https:\/\/www.youtube.com\/watch?v=-T6zd_jDKkk
|c|★wolfiexp|ikke at det har hatt noe å si hittil
|choice|move shadowsneak|move eruption
|
|move|p1a: Banette|Shadow Sneak|p2a: Typhlosion
|-damage|p2a: Typhlosion|210\/297
|move|p2a: Typhlosion|Eruption|p1a: Banette
|-damage|p1a: Banette|0 fnt
|faint|p1a: Banette
|
|upkeep
|choice|switch 2|
|
|switch|p1a: Ambipom|Ambipom, M|291\/291
|-damage|p1a: Ambipom|255\/291|[from] Stealth Rock
|turn|9
|choice|move fakeout|switch 5
|
|switch|p2a: Lee Sin|Hitmonlee, M|241\/241
|move|p1a: Ambipom|Fake Out|p2a: Lee Sin
|-damage|p2a: Lee Sin|53\/241
|-damage|p1a: Ambipom|226\/291|[from] item: Life Orb
|
|upkeep
|turn|10
|c|★wolfiexp|og jeg glemte evs på hitmonlee
|choice|move return|move closecombat
|
|move|p1a: Ambipom|Return|p2a: Lee Sin
|-damage|p2a: Lee Sin|0 fnt
|-damage|p1a: Ambipom|197\/291|[from] item: Life Orb
|faint|p2a: Lee Sin
|
|upkeep
|c|★BirtheErMILF|struggle
|choice||switch 5
|
|switch|p2a: Typhlosion|Typhlosion, F|210\/297
|turn|11
|choice|switch 5|move eruption
|
|switch|p1a: Emboar|Emboar, M|361\/361 par
|-damage|p1a: Emboar|316\/361 par|[from] Stealth Rock
|move|p2a: Typhlosion|Eruption|p1a: Emboar
|-resisted|p1a: Emboar
|-damage|p1a: Emboar|207\/361 par
|
|upkeep
|turn|12
|choice|move superpower|switch 3
|
|switch|p2a: Bronzong|Bronzong|236\/338
|cant|p1a: Emboar|par
|
|-heal|p2a: Bronzong|257\/338|[from] item: Leftovers
|upkeep
|turn|13
|choice|move flareblitz|move zenheadbutt
|
|move|p1a: Emboar|Flare Blitz|p2a: Bronzong
|-supereffective|p2a: Bronzong
|-damage|p2a: Bronzong|75\/338
|-status|p2a: Bronzong|brn
|-damage|p1a: Emboar|147\/361 par|[from] recoil|[of] p2a: Bronzong
|move|p2a: Bronzong|Zen Headbutt|p1a: Emboar
|-supereffective|p1a: Emboar
|-damage|p1a: Emboar|32\/361 par
|
|-heal|p2a: Bronzong|96\/338 brn|[from] item: Leftovers
|-damage|p2a: Bronzong|75\/338 brn|[from] brn
|upkeep
|turn|14
|c|★wolfiexp|nice burn
|choice|switch 3|move zenheadbutt
|
|switch|p1a: Jellicent|Jellicent, F|404\/404
|-damage|p1a: Jellicent|354\/404|[from] Stealth Rock
|move|p2a: Bronzong|Zen Headbutt|p1a: Jellicent|[miss]
|-miss|p2a: Bronzong|p1a: Jellicent
|
|-heal|p1a: Jellicent|379\/404|[from] item: Leftovers
|-heal|p2a: Bronzong|96\/338 brn|[from] item: Leftovers
|-damage|p2a: Bronzong|75\/338 brn|[from] brn
|upkeep
|turn|15
|c|★BirtheErMILF|nice miss
|c|★wolfiexp|ok
|choice|move scald|move toxic
|
|move|p1a: Jellicent|Scald|p2a: Bronzong
|-damage|p2a: Bronzong|20\/338 brn
|move|p2a: Bronzong|Toxic|p1a: Jellicent
|-status|p1a: Jellicent|tox
|
|-heal|p1a: Jellicent|404\/404 tox|[from] item: Leftovers
|-heal|p2a: Bronzong|41\/338 brn|[from] item: Leftovers
|-damage|p1a: Jellicent|379\/404 tox|[from] psn
|-damage|p2a: Bronzong|20\/338 brn|[from] brn
|upkeep
|turn|16
|c| WOLFIEBOIIIIIIII|nice tur
|c| WOLFIEBOIIIIIIII|n
|choice|move scald|move zenheadbutt
|
|move|p1a: Jellicent|Scald|p2a: Bronzong
|-damage|p2a: Bronzong|0 fnt
|faint|p2a: Bronzong
|
|-heal|p1a: Jellicent|404\/404 tox|[from] item: Leftovers
|-damage|p1a: Jellicent|354\/404 tox|[from] psn
|upkeep
|choice||switch 2
|
|switch|p2a: Gardeboy|Gallade, M|278\/278
|turn|17
|choice|switch 3|move substitute
|
|switch|p1a: Emboar|Emboar, M|32\/361 par
|-damage|p1a: Emboar|0 fnt|[from] Stealth Rock
|faint|p1a: Emboar
|move|p2a: Gardeboy|Substitute|p2a: Gardeboy
|-start|p2a: Gardeboy|Substitute
|-damage|p2a: Gardeboy|209\/278
|
|-heal|p2a: Gardeboy|226\/278|[from] item: Leftovers
|upkeep
|choice|switch 5|
|
|switch|p1a: Ambipom|Ambipom, M|197\/291
|-damage|p1a: Ambipom|161\/291|[from] Stealth Rock
|turn|18
|choice|move fakeout|move drainpunch
|
|move|p1a: Ambipom|Fake Out|p2a: Gardeboy
|-end|p2a: Gardeboy|Substitute
|-damage|p1a: Ambipom|132\/291|[from] item: Life Orb
|move|p2a: Gardeboy|Drain Punch|p1a: Ambipom
|-supereffective|p1a: Ambipom
|-crit|p1a: Ambipom
|-damage|p1a: Ambipom|0 fnt
|-heal|p2a: Gardeboy|278\/278|[from] drain|[of] p1a: Ambipom
|faint|p1a: Ambipom
|
|upkeep
|choice|switch 6|
|
|switch|p1a: Eelektross|Eelektross, M|280\/374
|-damage|p1a: Eelektross|234\/374|[from] Stealth Rock
|turn|19
|choice|move thunderbolt|move drainpunch
|
|move|p2a: Gardeboy|Drain Punch|p1a: Eelektross
|-damage|p1a: Eelektross|53\/374
|move|p1a: Eelektross|Thunderbolt|p2a: Gardeboy
|-damage|p2a: Gardeboy|178\/278
|
|-heal|p2a: Gardeboy|195\/278|[from] item: Leftovers
|upkeep
|turn|20
|choice|move thunderbolt|move substitute
|
|move|p2a: Gardeboy|Substitute|p2a: Gardeboy
|-start|p2a: Gardeboy|Substitute
|-damage|p2a: Gardeboy|126\/278
|move|p1a: Eelektross|Thunderbolt|p2a: Gardeboy
|-end|p2a: Gardeboy|Substitute
|
|-heal|p2a: Gardeboy|143\/278|[from] item: Leftovers
|upkeep
|turn|21
|choice|move thunderbolt|move psychocut
|
|move|p2a: Gardeboy|Psycho Cut|p1a: Eelektross
|-crit|p1a: Eelektross
|-damage|p1a: Eelektross|0 fnt
|faint|p1a: Eelektross
|
|-heal|p2a: Gardeboy|160\/278|[from] item: Leftovers
|upkeep
|c|★BirtheErMILF|WOW
|c|★BirtheErMILF|nice crit
|c|★wolfiexp|au
|choice|switch 4|
|
|switch|p1a: Registeel|Registeel|364\/364
|-damage|p1a: Registeel|342\/364|[from] Stealth Rock
|turn|22
|choice|move seismictoss|move drainpunch
|
|move|p2a: Gardeboy|Drain Punch|p1a: Registeel
|-supereffective|p1a: Registeel
|-damage|p1a: Registeel|166\/364
|-heal|p2a: Gardeboy|248\/278|[from] drain|[of] p1a: Registeel
|move|p1a: Registeel|Seismic Toss|p2a: Gardeboy
|-damage|p2a: Gardeboy|148\/278
|
|-heal|p2a: Gardeboy|165\/278|[from] item: Leftovers
|-heal|p1a: Registeel|188\/364|[from] item: Leftovers
|upkeep
|turn|23
|choice|move protect|move bulkup
|
|move|p1a: Registeel|Protect|p1a: Registeel
|-singleturn|p1a: Registeel|Protect
|move|p2a: Gardeboy|Bulk Up|p2a: Gardeboy
|-boost|p2a: Gardeboy|atk|1
|-boost|p2a: Gardeboy|def|1
|
|-heal|p2a: Gardeboy|182\/278|[from] item: Leftovers
|-heal|p1a: Registeel|210\/364|[from] item: Leftovers
|upkeep
|turn|24
|c|★BirtheErMILF|damn
|choice|move stealthrock|move psychocut
|
|move|p2a: Gardeboy|Psycho Cut|p1a: Registeel
|-resisted|p1a: Registeel
|-damage|p1a: Registeel|149\/364
|move|p1a: Registeel|Stealth Rock|p2a: Gardeboy
|-sidestart|p2: wolfiexp|move: Stealth Rock
|
|-heal|p2a: Gardeboy|199\/278|[from] item: Leftovers
|-heal|p1a: Registeel|171\/364|[from] item: Leftovers
|upkeep
|turn|25
|choice|move toxic|move drainpunch
|
|move|p2a: Gardeboy|Drain Punch|p1a: Registeel
|-supereffective|p1a: Registeel
|-damage|p1a: Registeel|0 fnt
|-heal|p2a: Gardeboy|278\/278|[from] drain|[of] p1a: Registeel
|faint|p1a: Registeel
|
|upkeep
|choice|switch 3|
|
|switch|p1a: Jellicent|Jellicent, F|354\/404 tox
|-damage|p1a: Jellicent|304\/404 tox|[from] Stealth Rock
|turn|26
|choice|move taunt|move psychocut
|
|move|p2a: Gardeboy|Psycho Cut|p1a: Jellicent
|-damage|p1a: Jellicent|31\/404 tox
|move|p1a: Jellicent|Taunt|p2a: Gardeboy
|-start|p2a: Gardeboy|move: Taunt
|
|-heal|p1a: Jellicent|56\/404 tox|[from] item: Leftovers
|-damage|p1a: Jellicent|31\/404 tox|[from] psn
|upkeep
|turn|27
|c| WOLFIEBOIIIIIIII|er det ikke litt sent for SR?
|c|★wolfiexp|jaja
|choice|move recover|move psychocut
|
|move|p2a: Gardeboy|Psycho Cut|p1a: Jellicent
|-crit|p1a: Jellicent
|-damage|p1a: Jellicent|0 fnt
|faint|p1a: Jellicent
|
|win|wolfiexp
|player|p1
|player|p2
|c|★wolfiexp|sånt skjer
|c|★BirtheErMILF|sånt skjer
|l|BirtheErMILF
|l|wolfiexp</script>
</div>
<div class="battle-log battle-log-inline"><div class="inner"><div class="battle-options"></div><div class="inner"><div class="chat"><small>BirtheErMILF joined.</small></div><div class="chat"><small>wolfiexp joined.</small></div><div class=""><small>Format:</small> <br><strong>RU</strong></div><div class=""><small><em>Sleep Clause Mod:</em> Limit one foe put to sleep</small></div><div class=""><small><em>Species Clause:</em> Limit one of each Pokémon</small></div><div class=""><small><em>OHKO Clause:</em> OHKO moves are banned</small></div><div class=""><small><em>Moody Clause:</em> Moody is banned</small></div><div class=""><small><em>Evasion Moves Clause:</em> Evasion moves are banned</small></div><div class=""><small><em>Endless Battle Clause:</em> Forcing endless battles is banned</small></div><div class=""><small><em>HP Percentage Mod:</em> HP is shown in percentages</small></div><div class=""><small><em>Swagger Clause:</em> Swagger is banned</small></div><div class=""><small><em>Baton Pass Clause:</em> Limit one Baton Passer, can't pass Spe and other stats simultaneously</small></div><div class="chat battle-history"><strong>BirtheErMILF's team:</strong> <em style="color:#445566;display:block;">Banette / Ambipom / Jellicent / Registeel / Eelektross / Emboar</em></div><div class="chat battle-history"><strong>wolfiexp's team:</strong> <em style="color:#445566;display:block;">Registeel / Gallade / Bronzong / Typhlosion / Hitmonlee / Alomomola</em></div><div class="spacer battle-history"><br></div><div class="battle-history">Battle started between BirtheErMILF and wolfiexp!<br></div><div class="spacer battle-history"><br></div><div class="battle-history">Go! <strong>Emboar</strong>!<br></div><div class="spacer battle-history"><br></div><div class="battle-history">wolfiexp sent out <strong>Registeel</strong>!<br></div><div class="spacer battle-history"><br></div><h2 class="battle-history">Turn 1</h2><div class="spacer battle-history"><br></div><div class="battle-history">Emboar used <strong>Superpower</strong>!<br></div><div class="battle-history"><small>It's super effective!</small><br></div><div class="battle-history"><small>(The opposing Registeel lost <abbr title="−236/319">74.0%</abbr> of its health!)</small><br></div><div class="battle-history"><small>Emboar's Attack fell!</small><br></div><div class="battle-history"><small>Emboar's Defense fell!</small><br></div><div class="spacer battle-history"><br></div><div class="battle-history">The opposing Registeel used <strong>Thunder Wave</strong>!<br></div><div class="battle-history"><small>Emboar is paralyzed! It may be unable to move!</small><br></div><div class="spacer battle-history"><br></div><h2 class="battle-history">Turn 2</h2><div class="spacer battle-history"><br></div><div class="battle-history">wolfiexp withdrew Registeel!<br></div><div class="battle-history">wolfiexp sent out <strong>Bronzong</strong>!<br></div><div class="spacer battle-history"><br></div><div class="battle-history">Emboar used <strong>Superpower</strong>!<br></div><div class="battle-history"><small>(The opposing Bronzong lost <abbr title="−120/338">35.5%</abbr> of its health!)</small><br></div><div class="battle-history"><small>Emboar's Attack fell!</small><br></div><div class="battle-history"><small>Emboar's Defense fell!</small><br></div><div class="spacer battle-history"><br></div><div class="battle-history"><small>The opposing Bronzong restored a little HP using its Leftovers!</small><br></div><div class="spacer battle-history"><br></div><h2 class="battle-history">Turn 3</h2><div class="spacer battle-history"><br></div><div class="battle-history">Emboar, come back!<br></div><div class="battle-history">Go! <strong>Eelektross</strong>!<br></div><div class="spacer battle-history"><br></div><div class="battle-history">The opposing Bronzong used <strong>Stealth Rock</strong>!<br></div><div class="battle-history"><small>Pointed stones float in the air around your team!</small><br></div><div class="spacer battle-history"><br></div><div class="battle-history"><small>The opposing Bronzong restored a little HP using its Leftovers!</small><br></div><div class="spacer battle-history"><br></div><h2 class="battle-history">Turn 4</h2><div class="spacer battle-history"><br></div><div class="battle-history">Eelektross used <strong>Flamethrower</strong>!<br></div><div class="battle-history"><small>It's super effective!</small><br></div><div class="battle-history"><small>(The opposing Bronzong lost <abbr title="−66/338">19.5%</abbr> of its health!)</small><br></div><div class="spacer battle-history"><br></div><div class="battle-history">The opposing Bronzong used <strong>Zen Headbutt</strong>!<br></div><div class="battle-history"><small>(Eelektross lost <abbr title="−94/374">25.1%</abbr> of its health!)</small><br></div><div class="spacer battle-history"><br></div><div class="battle-history"><small>The opposing Bronzong restored a little HP using its Leftovers!</small><br></div><div class="spacer battle-history"><br></div><h2 class="battle-history">Turn 5</h2><div class="chat"><small>WOLFIEBOIIIIIIII joined.</small></div><div class="spacer battle-history"><br></div><div class="battle-history">Eelektross, come back!<br></div><div class="battle-history">Go! <strong>Banette</strong>!<br></div><div class="battle-history"><small>Pointed stones dug into Banette!</small><br></div><div class="battle-history"><small>[Banette's Frisk]</small><br><small>Banette frisked the opposing Bronzong and found its Leftovers!</small><br></div><div class="spacer battle-history"><br></div><div class="battle-history">The opposing Bronzong used <strong>Toxic</strong>!<br></div><div class="battle-history"><small>Banette was badly poisoned!</small><br></div><div class="spacer battle-history"><br></div><div class="battle-history"><small>The opposing Bronzong restored a little HP using its Leftovers!</small><br></div><div class="battle-history"><small>Banette was hurt by poison!</small><br></div><div class="spacer battle-history"><br></div><h2 class="battle-history">Turn 6</h2><div class="spacer battle-history"><br></div><div class="battle-history">wolfiexp withdrew Bronzong!<br></div><div class="battle-history">wolfiexp sent out <strong>Registeel</strong>!<br></div><div class="spacer battle-history"><br></div><div class="battle-history"><small>Banette's Banettite is reacting to BirtheErMILF's Mega Bracelet!</small><br>Banette has Mega Evolved into Mega Banette!<br></div><div class="spacer battle-history"><br></div><div class="battle-history">Banette used <strong>Shadow Sneak</strong>!<br></div><div class="battle-history"><small>(The opposing Registeel lost <abbr title="−48/319">15.0%</abbr> of its health!)</small><br></div><div class="spacer battle-history"><br></div><div class="battle-history"><small>Banette was hurt by poison!</small><br></div><div class="spacer battle-history"><br></div><h2 class="battle-history">Turn 7</h2><div class="spacer battle-history"><br></div><div class="battle-history">Banette used <strong>Shadow Claw</strong>!<br></div><div class="battle-history"><small>A critical hit!</small><br></div><div class="battle-history"><small>(The opposing Registeel lost <abbr title="−35/319">11.0%</abbr> of its health!)</small><br></div><div class="spacer battle-history"><br></div><div class="battle-history">The opposing Registeel fainted!<br></div><div class="spacer battle-history"><br></div><div class="battle-history"><small>Banette was hurt by poison!</small><br></div><div class="spacer battle-history"><br></div><div class="battle-history">wolfiexp sent out <strong>Typhlosion</strong>!<br></div><div class="spacer battle-history"><br></div><h2 class="battle-history">Turn 8</h2><div class="chat chatmessage-wolfiexp"><strong style="color:hsl(347,89%,49%)"><small>★</small><span class="username" data-name="wolfiexp">wolfiexp</span>:</strong> <em>tar sin tid ja</em></div><div class="chat chatmessage-birtheermilf"><strong style="color:hsl(352,79%,49%)"><small>★</small><span class="username" data-name="BirtheErMILF">BirtheErMILF</span>:</strong> <em>lol</em></div><div class="chat chatmessage-birtheermilf"><strong style="color:hsl(352,79%,49%)"><small>★</small><span class="username" data-name="BirtheErMILF">BirtheErMILF</span>:</strong> <em>innså nettopp at jeg glemte å ta evs på banette</em></div><div class="chat chatmessage-wolfieboiiiiiiii"><strong style="color:hsl(265,40%,57.401376139199996%)"><small> </small><span class="username" data-name="WOLFIEBOIIIIIIII">WOLFIEBOIIIIIIII</span>:</strong> <em><a href="https://www.youtube.com/watch?v=-T6zd_jDKkk" rel="noopener" target="_blank">https://www.youtube.com/watch?v=-T6zd_jDKkk</a></em></div><div class="chat chatmessage-wolfiexp"><strong style="color:hsl(347,89%,49%)"><small>★</small><span class="username" data-name="wolfiexp">wolfiexp</span>:</strong> <em>ikke at det har hatt noe å si hittil</em></div><div class="spacer battle-history"><br></div><div class="battle-history">Banette used <strong>Shadow Sneak</strong>!<br></div><div class="battle-history"><small>(The opposing Typhlosion lost <abbr title="−87/297">29.3%</abbr> of its health!)</small><br></div><div class="spacer battle-history"><br></div><div class="battle-history">The opposing Typhlosion used <strong>Eruption</strong>!<br></div><div class="battle-history"><small>(Banette lost <abbr title="−140/269">52.0%</abbr> of its health!)</small><br></div><div class="spacer battle-history"><br></div><div class="battle-history">Banette fainted!<br></div><div class="spacer battle-history"><br></div><div class="battle-history">Go! <strong>Ambipom</strong>!<br></div><div class="battle-history"><small>Pointed stones dug into Ambipom!</small><br></div><div class="spacer battle-history"><br></div><h2 class="battle-history">Turn 9</h2><div class="spacer battle-history"><br></div><div class="battle-history">wolfiexp withdrew Typhlosion!<br></div><div class="battle-history">wolfiexp sent out Lee Sin (<strong>Hitmonlee</strong>)!<br></div><div class="spacer battle-history"><br></div><div class="battle-history">Ambipom used <strong>Fake Out</strong>!<br></div><div class="battle-history"><small>(The opposing Lee Sin lost <abbr title="−188/241">78.0%</abbr> of its health!)</small><br></div><div class="battle-history"><small>Ambipom lost some of its HP!</small><br></div><div class="spacer battle-history"><br></div><h2 class="battle-history">Turn 10</h2><div class="chat chatmessage-wolfiexp"><strong style="color:hsl(347,89%,49%)"><small>★</small><span class="username" data-name="wolfiexp">wolfiexp</span>:</strong> <em>og jeg glemte evs på hitmonlee</em></div><div class="spacer battle-history"><br></div><div class="battle-history">Ambipom used <strong>Return</strong>!<br></div><div class="battle-history"><small>(The opposing Lee Sin lost <abbr title="−53/241">22.0%</abbr> of its health!)</small><br></div><div class="battle-history"><small>Ambipom lost some of its HP!</small><br></div><div class="spacer battle-history"><br></div><div class="battle-history">The opposing Lee Sin fainted!<br></div><div class="chat chatmessage-birtheermilf"><strong style="color:hsl(352,79%,49%)"><small>★</small><span class="username" data-name="BirtheErMILF">BirtheErMILF</span>:</strong> <em>struggle</em></div><div class="spacer battle-history"><br></div><div class="battle-history">wolfiexp sent out <strong>Typhlosion</strong>!<br></div><div class="spacer battle-history"><br></div><h2 class="battle-history">Turn 11</h2><div class="spacer battle-history"><br></div><div class="battle-history">Ambipom, come back!<br></div><div class="battle-history">Go! <strong>Emboar</strong>!<br></div><div class="battle-history"><small>Pointed stones dug into Emboar!</small><br></div><div class="spacer battle-history"><br></div><div class="battle-history">The opposing Typhlosion used <strong>Eruption</strong>!<br></div><div class="battle-history"><small>It's not very effective...</small><br></div><div class="battle-history"><small>(Emboar lost <abbr title="−109/361">30.2%</abbr> of its health!)</small><br></div><div class="spacer battle-history"><br></div><h2 class="battle-history">Turn 12</h2><div class="spacer battle-history"><br></div><div class="battle-history">wolfiexp withdrew Typhlosion!<br></div><div class="battle-history">wolfiexp sent out <strong>Bronzong</strong>!<br></div><div class="spacer battle-history"><br></div><div class="battle-history">Emboar is paralyzed! It can't move!<br></div><div class="spacer battle-history"><br></div><div class="battle-history"><small>The opposing Bronzong restored a little HP using its Leftovers!</small><br></div><div class="spacer battle-history"><br></div><h2 class="battle-history">Turn 13</h2><div class="spacer battle-history"><br></div><div class="battle-history">Emboar used <strong>Flare Blitz</strong>!<br></div><div class="battle-history"><small>It's super effective!</small><br></div><div class="battle-history"><small>(The opposing Bronzong lost <abbr title="−182/338">53.8%</abbr> of its health!)</small><br></div><div class="battle-history"><small>The opposing Bronzong was burned!</small><br></div><div class="battle-history"><small>Emboar is damaged by the recoil!</small><br></div><div class="spacer battle-history"><br></div><div class="battle-history">The opposing Bronzong used <strong>Zen Headbutt</strong>!<br></div><div class="battle-history"><small>It's super effective!</small><br></div><div class="battle-history"><small>(Emboar lost <abbr title="−115/361">31.9%</abbr> of its health!)</small><br></div><div class="spacer battle-history"><br></div><div class="battle-history"><small>The opposing Bronzong restored a little HP using its Leftovers!</small><br></div><div class="battle-history"><small>The opposing Bronzong was hurt by its burn!</small><br></div><div class="spacer battle-history"><br></div><h2 class="battle-history">Turn 14</h2><div class="chat chatmessage-wolfiexp"><strong style="color:hsl(347,89%,49%)"><small>★</small><span class="username" data-name="wolfiexp">wolfiexp</span>:</strong> <em>nice burn</em></div><div class="spacer battle-history"><br></div><div class="battle-history">Emboar, come back!<br></div><div class="battle-history">Go! <strong>Jellicent</strong>!<br></div><div class="battle-history"><small>Pointed stones dug into Jellicent!</small><br></div><div class="spacer battle-history"><br></div><div class="battle-history">The opposing Bronzong used <strong>Zen Headbutt</strong>!<br></div><div class="battle-history"><small>Jellicent avoided the attack!</small><br></div><div class="spacer battle-history"><br></div><div class="battle-history"><small>Jellicent restored a little HP using its Leftovers!</small><br></div><div class="battle-history"><small>The opposing Bronzong restored a little HP using its Leftovers!</small><br></div><div class="battle-history"><small>The opposing Bronzong was hurt by its burn!</small><br></div><div class="spacer battle-history"><br></div><h2 class="battle-history">Turn 15</h2><div class="chat chatmessage-birtheermilf"><strong style="color:hsl(352,79%,49%)"><small>★</small><span class="username" data-name="BirtheErMILF">BirtheErMILF</span>:</strong> <em>nice miss</em></div><div class="chat chatmessage-wolfiexp"><strong style="color:hsl(347,89%,49%)"><small>★</small><span class="username" data-name="wolfiexp">wolfiexp</span>:</strong> <em>ok</em></div><div class="spacer battle-history"><br></div><div class="battle-history">Jellicent used <strong>Scald</strong>!<br></div><div class="battle-history"><small>(The opposing Bronzong lost <abbr title="−55/338">16.3%</abbr> of its health!)</small><br></div><div class="spacer battle-history"><br></div><div class="battle-history">The opposing Bronzong used <strong>Toxic</strong>!<br></div><div class="battle-history"><small>Jellicent was badly poisoned!</small><br></div><div class="spacer battle-history"><br></div><div class="battle-history"><small>Jellicent restored a little HP using its Leftovers!</small><br></div><div class="battle-history"><small>The opposing Bronzong restored a little HP using its Leftovers!</small><br></div><div class="battle-history"><small>Jellicent was hurt by poison!</small><br></div><div class="battle-history"><small>The opposing Bronzong was hurt by its burn!</small><br></div><div class="spacer battle-history"><br></div><h2 class="battle-history">Turn 16</h2><div class="chat chatmessage-wolfieboiiiiiiii"><strong style="color:hsl(265,40%,57.401376139199996%)"><small> </small><span class="username" data-name="WOLFIEBOIIIIIIII">WOLFIEBOIIIIIIII</span>:</strong> <em>nice tur</em></div><div class="chat chatmessage-wolfieboiiiiiiii"><strong style="color:hsl(265,40%,57.401376139199996%)"><small> </small><span class="username" data-name="WOLFIEBOIIIIIIII">WOLFIEBOIIIIIIII</span>:</strong> <em>n</em></div><div class="spacer battle-history"><br></div><div class="battle-history">Jellicent used <strong>Scald</strong>!<br></div><div class="battle-history"><small>(The opposing Bronzong lost <abbr title="−20/338">5.9%</abbr> of its health!)</small><br></div><div class="spacer battle-history"><br></div><div class="battle-history">The opposing Bronzong fainted!<br></div><div class="spacer battle-history"><br></div><div class="battle-history"><small>Jellicent restored a little HP using its Leftovers!</small><br></div><div class="battle-history"><small>Jellicent was hurt by poison!</small><br></div><div class="spacer battle-history"><br></div><div class="battle-history">wolfiexp sent out Gardeboy (<strong>Gallade</strong>)!<br></div><div class="spacer battle-history"><br></div><h2 class="battle-history">Turn 17</h2><div class="spacer battle-history"><br></div><div class="battle-history">Jellicent, come back!<br></div><div class="battle-history">Go! <strong>Emboar</strong>!<br></div><div class="battle-history"><small>Pointed stones dug into Emboar!</small><br></div><div class="spacer battle-history"><br></div><div class="battle-history">Emboar fainted!<br></div><div class="battle-history">The opposing Gardeboy used <strong>Substitute</strong>!<br></div><div class="battle-history"><small>The opposing Gardeboy put in a substitute!</small><br></div><div class="battle-history"><small>(The opposing Gardeboy lost <abbr title="−69/278">24.8%</abbr> of its health!)</small><br></div><div class="spacer battle-history"><br></div><div class="battle-history"><small>The opposing Gardeboy restored a little HP using its Leftovers!</small><br></div><div class="spacer battle-history"><br></div><div class="battle-history">Go! <strong>Ambipom</strong>!<br></div><div class="battle-history"><small>Pointed stones dug into Ambipom!</small><br></div><div class="spacer battle-history"><br></div><h2 class="battle-history">Turn 18</h2><div class="spacer battle-history"><br></div><div class="battle-history">Ambipom used <strong>Fake Out</strong>!<br></div><div class="battle-history"><small>The opposing Gardeboy's substitute faded!</small><br></div><div class="battle-history"><small>Ambipom lost some of its HP!</small><br></div><div class="spacer battle-history"><br></div><div class="battle-history">The opposing Gardeboy used <strong>Drain Punch</strong>!<br></div><div class="battle-history"><small>It's super effective!</small><br></div><div class="battle-history"><small>A critical hit!</small><br></div><div class="battle-history"><small>(Ambipom lost <abbr title="−132/291">45.4%</abbr> of its health!)</small><br></div><div class="battle-history"><small>Ambipom had its energy drained!</small><br></div><div class="spacer battle-history"><br></div><div class="battle-history">Ambipom fainted!<br></div><div class="spacer battle-history"><br></div><div class="battle-history">Go! <strong>Eelektross</strong>!<br></div><div class="battle-history"><small>Pointed stones dug into Eelektross!</small><br></div><div class="spacer battle-history"><br></div><h2 class="battle-history">Turn 19</h2><div class="spacer battle-history"><br></div><div class="battle-history">The opposing Gardeboy used <strong>Drain Punch</strong>!<br></div><div class="battle-history"><small>(Eelektross lost <abbr title="−181/374">48.4%</abbr> of its health!)</small><br></div><div class="spacer battle-history"><br></div><div class="battle-history">Eelektross used <strong>Thunderbolt</strong>!<br></div><div class="battle-history"><small>(The opposing Gardeboy lost <abbr title="−100/278">36.0%</abbr> of its health!)</small><br></div><div class="spacer battle-history"><br></div><div class="battle-history"><small>The opposing Gardeboy restored a little HP using its Leftovers!</small><br></div><div class="spacer battle-history"><br></div><h2 class="battle-history">Turn 20</h2><div class="spacer battle-history"><br></div><div class="battle-history">The opposing Gardeboy used <strong>Substitute</strong>!<br></div><div class="battle-history"><small>The opposing Gardeboy put in a substitute!</small><br></div><div class="battle-history"><small>(The opposing Gardeboy lost <abbr title="−69/278">24.8%</abbr> of its health!)</small><br></div><div class="spacer battle-history"><br></div><div class="battle-history">Eelektross used <strong>Thunderbolt</strong>!<br></div><div class="battle-history"><small>The opposing Gardeboy's substitute faded!</small><br></div><div class="spacer battle-history"><br></div><div class="battle-history"><small>The opposing Gardeboy restored a little HP using its Leftovers!</small><br></div><div class="spacer battle-history"><br></div><h2 class="battle-history">Turn 21</h2><div class="spacer battle-history"><br></div><div class="battle-history">The opposing Gardeboy used <strong>Psycho Cut</strong>!<br></div><div class="battle-history"><small>A critical hit!</small><br></div><div class="battle-history"><small>(Eelektross lost <abbr title="−53/374">14.2%</abbr> of its health!)</small><br></div><div class="spacer battle-history"><br></div><div class="battle-history">Eelektross fainted!<br></div><div class="spacer battle-history"><br></div><div class="battle-history"><small>The opposing Gardeboy restored a little HP using its Leftovers!</small><br></div><div class="chat chatmessage-birtheermilf"><strong style="color:hsl(352,79%,49%)"><small>★</small><span class="username" data-name="BirtheErMILF">BirtheErMILF</span>:</strong> <em>WOW</em></div><div class="chat chatmessage-birtheermilf"><strong style="color:hsl(352,79%,49%)"><small>★</small><span class="username" data-name="BirtheErMILF">BirtheErMILF</span>:</strong> <em>nice crit</em></div><div class="chat chatmessage-wolfiexp"><strong style="color:hsl(347,89%,49%)"><small>★</small><span class="username" data-name="wolfiexp">wolfiexp</span>:</strong> <em>au</em></div><div class="spacer battle-history"><br></div><div class="battle-history">Go! <strong>Registeel</strong>!<br></div><div class="battle-history"><small>Pointed stones dug into Registeel!</small><br></div><div class="spacer battle-history"><br></div><h2 class="battle-history">Turn 22</h2><div class="spacer battle-history"><br></div><div class="battle-history">The opposing Gardeboy used <strong>Drain Punch</strong>!<br></div><div class="battle-history"><small>It's super effective!</small><br></div><div class="battle-history"><small>(Registeel lost <abbr title="−176/364">48.4%</abbr> of its health!)</small><br></div><div class="battle-history"><small>Registeel had its energy drained!</small><br></div><div class="spacer battle-history"><br></div><div class="battle-history">Registeel used <strong>Seismic Toss</strong>!<br></div><div class="battle-history"><small>(The opposing Gardeboy lost <abbr title="−100/278">36.0%</abbr> of its health!)</small><br></div><div class="spacer battle-history"><br></div><div class="battle-history"><small>The opposing Gardeboy restored a little HP using its Leftovers!</small><br></div><div class="battle-history"><small>Registeel restored a little HP using its Leftovers!</small><br></div><div class="spacer battle-history"><br></div><h2 class="battle-history">Turn 23</h2><div class="spacer battle-history"><br></div><div class="battle-history">Registeel used <strong>Protect</strong>!<br></div><div class="battle-history"><small>Registeel protected itself!</small><br></div><div class="spacer battle-history"><br></div><div class="battle-history">The opposing Gardeboy used <strong>Bulk Up</strong>!<br></div><div class="battle-history"><small>The opposing Gardeboy's Attack rose!</small><br></div><div class="battle-history"><small>The opposing Gardeboy's Defense rose!</small><br></div><div class="spacer battle-history"><br></div><div class="battle-history"><small>The opposing Gardeboy restored a little HP using its Leftovers!</small><br></div><div class="battle-history"><small>Registeel restored a little HP using its Leftovers!</small><br></div><div class="spacer battle-history"><br></div><h2 class="battle-history">Turn 24</h2><div class="chat chatmessage-birtheermilf"><strong style="color:hsl(352,79%,49%)"><small>★</small><span class="username" data-name="BirtheErMILF">BirtheErMILF</span>:</strong> <em>damn</em></div><div class="spacer battle-history"><br></div><div class="battle-history">The opposing Gardeboy used <strong>Psycho Cut</strong>!<br></div><div class="battle-history"><small>It's not very effective...</small><br></div><div class="battle-history"><small>(Registeel lost <abbr title="−61/364">16.8%</abbr> of its health!)</small><br></div><div class="spacer battle-history"><br></div><div class="battle-history">Registeel used <strong>Stealth Rock</strong>!<br></div><div class="battle-history"><small>Pointed stones float in the air around the opposing team!</small><br></div><div class="spacer battle-history"><br></div><div class="battle-history"><small>The opposing Gardeboy restored a little HP using its Leftovers!</small><br></div><div class="battle-history"><small>Registeel restored a little HP using its Leftovers!</small><br></div><div class="spacer battle-history"><br></div><h2 class="battle-history">Turn 25</h2><div class="spacer battle-history"><br></div><div class="battle-history">The opposing Gardeboy used <strong>Drain Punch</strong>!<br></div><div class="battle-history"><small>It's super effective!</small><br></div><div class="battle-history"><small>(Registeel lost <abbr title="−171/364">47.0%</abbr> of its health!)</small><br></div><div class="battle-history"><small>Registeel had its energy drained!</small><br></div><div class="spacer battle-history"><br></div><div class="battle-history">Registeel fainted!<br></div><div class="spacer battle-history"><br></div><div class="battle-history">Go! <strong>Jellicent</strong>!<br></div><div class="battle-history"><small>Pointed stones dug into Jellicent!</small><br></div><div class="spacer battle-history"><br></div><h2 class="battle-history">Turn 26</h2><div class="spacer battle-history"><br></div><div class="battle-history">The opposing Gardeboy used <strong>Psycho Cut</strong>!<br></div><div class="battle-history"><small>(Jellicent lost <abbr title="−273/404">67.6%</abbr> of its health!)</small><br></div><div class="spacer battle-history"><br></div><div class="battle-history">Jellicent used <strong>Taunt</strong>!<br></div><div class="battle-history"><small>The opposing Gardeboy fell for the taunt!</small><br></div><div class="spacer battle-history"><br></div><div class="battle-history"><small>Jellicent restored a little HP using its Leftovers!</small><br></div><div class="battle-history"><small>Jellicent was hurt by poison!</small><br></div><div class="spacer battle-history"><br></div><h2 class="battle-history">Turn 27</h2><div class="chat chatmessage-wolfieboiiiiiiii"><strong style="color:hsl(265,40%,57.401376139199996%)"><small> </small><span class="username" data-name="WOLFIEBOIIIIIIII">WOLFIEBOIIIIIIII</span>:</strong> <em>er det ikke litt sent for SR?</em></div><div class="chat chatmessage-wolfiexp"><strong style="color:hsl(347,89%,49%)"><small>★</small><span class="username" data-name="wolfiexp">wolfiexp</span>:</strong> <em>jaja</em></div><div class="spacer battle-history"><br></div><div class="battle-history">The opposing Gardeboy used <strong>Psycho Cut</strong>!<br></div><div class="battle-history"><small>A critical hit!</small><br></div><div class="battle-history"><small>(Jellicent lost <abbr title="−31/404">7.7%</abbr> of its health!)</small><br></div><div class="spacer battle-history"><br></div><div class="battle-history">Jellicent fainted!<br></div><div class="spacer battle-history"><br></div><div class="battle-history"><strong>wolfiexp</strong> won the battle!<br></div><div class="chat chatmessage-wolfiexp"><strong style="color:hsl(347,89%,49%)"><small>★</small><span class="username" data-name="wolfiexp">wolfiexp</span>:</strong> <em>sånt skjer</em></div><div class="chat chatmessage-birtheermilf"><strong style="color:hsl(352,79%,49%)"><small>★</small><span class="username" data-name="BirtheErMILF">BirtheErMILF</span>:</strong> <em>sånt skjer</em></div><div class="chat"><small>BirtheErMILF left.</small></div><div class="chat"><small>wolfiexp left.</small></div></div><div class="inner-preempt"></div></div></div>
</div>
<script>
let daily = Math.floor(Date.now()/1000/60/60/24);document.write('<script src="https://play.pokemonshowdown.com/js/replay-embed.js?version'+daily+'"></'+'script>');
</script>
