<!DOCTYPE html>
<meta charset="utf-8" />
<!-- version 1 -->
<title>RU replay: The frozen lopunny vs. ray101367</title>
<style>
html,body {font-family:Verdana, sans-serif;font-size:10pt;margin:0;padding:0;}body{padding:12px 0;} .battle-log {font-family:Verdana, sans-serif;font-size:10pt;} .battle-log-inline {border:1px solid #AAAAAA;background:#EEF2F5;color:black;max-width:640px;margin:0 auto 80px;padding-bottom:5px;} .battle-log .inner {padding:4px 8px 0px 8px;} .battle-log .inner-preempt {padding:0 8px 4px 8px;} .battle-log .inner-after {margin-top:0.5em;} .battle-log h2 {margin:0.5em -8px;padding:4px 8px;border:1px solid #AAAAAA;background:#E0E7EA;border-left:0;border-right:0;font-family:Verdana, sans-serif;font-size:13pt;} .battle-log .chat {vertical-align:middle;padding:3px 0 3px 0;font-size:8pt;} .battle-log .chat strong {color:#40576A;} .battle-log .chat em {padding:1px 4px 1px 3px;color:#000000;font-style:normal;} .chat.mine {background:rgba(0,0,0,0.05);margin-left:-8px;margin-right:-8px;padding-left:8px;padding-right:8px;} .spoiler {color:#BBBBBB;background:#BBBBBB;padding:0px 3px;} .spoiler:hover, .spoiler:active, .spoiler-shown {color:#000000;background:#E2E2E2;padding:0px 3px;} .spoiler a {color:#BBBBBB;} .spoiler:hover a, .spoiler:active a, .spoiler-shown a {color:#2288CC;} .chat code, .chat .spoiler:hover code, .chat .spoiler:active code, .chat .spoiler-shown code {border:1px solid #C0C0C0;background:#EEEEEE;color:black;padding:0 2px;} .chat .spoiler code {border:1px solid #CCCCCC;background:#CCCCCC;color:#CCCCCC;} .battle-log .rated {padding:3px 4px;} .battle-log .rated strong {color:white;background:#89A;padding:1px 4px;border-radius:4px;} .spacer {margin-top:0.5em;} .message-announce {background:#6688AA;color:white;padding:1px 4px 2px;} .message-announce a, .broadcast-green a, .broadcast-blue a, .broadcast-red a {color:#DDEEFF;} .broadcast-green {background-color:#559955;color:white;padding:2px 4px;} .broadcast-blue {background-color:#6688AA;color:white;padding:2px 4px;} .infobox {border:1px solid #6688AA;padding:2px 4px;} .infobox-limited {max-height:200px;overflow:auto;overflow-x:hidden;} .broadcast-red {background-color:#AA5544;color:white;padding:2px 4px;} .message-learn-canlearn {font-weight:bold;color:#228822;text-decoration:underline;} .message-learn-cannotlearn {font-weight:bold;color:#CC2222;text-decoration:underline;} .message-effect-weak {font-weight:bold;color:#CC2222;} .message-effect-resist {font-weight:bold;color:#6688AA;} .message-effect-immune {font-weight:bold;color:#666666;} .message-learn-list {margin-top:0;margin-bottom:0;} .message-throttle-notice, .message-error {color:#992222;} .message-overflow, .chat small.message-overflow {font-size:0pt;} .message-overflow::before {font-size:9pt;content:'...';} .subtle {color:#3A4A66;}
</style>
<div class="wrapper replay-wrapper" style="max-width:1180px;margin:0 auto">
<input type="hidden" name="replayid" value="ru-581698472" />
<div class="battle"></div><div class="battle-log"></div><div class="replay-controls"></div><div class="replay-controls-2"></div>
<h1 style="font-weight:normal;text-align:center"><strong>RU</strong><br /><a href="http://pokemonshowdown.com/users/thefrozenlopunny" class="subtle" target="_blank">The frozen lopunny</a> vs. <a href="http://pokemonshowdown.com/users/ray101367" class="subtle" target="_blank">ray101367</a></h1>
<script type="text/plain" class="battle-log-data">|j|The frozen lopunny
|j|ray101367
|player|p1|The frozen lopunny|279
|teamsize|p1|6
|player|p2|ray101367|148
|teamsize|p2|6
|gametype|singles
|gen|6
|tier|RU
|rated
|seed|38119,56163,57413,53386
|rule|Sleep Clause Mod: Limit one foe put to sleep
|rule|Species Clause: Limit one of each Pokémon
|rule|OHKO Clause: OHKO moves are banned
|rule|Moody Clause: Moody is banned
|rule|Evasion Moves Clause: Evasion moves are banned
|rule|Endless Battle Clause: Forcing endless battles is banned
|rule|HP Percentage Mod: HP is shown in percentages
|clearpoke
|poke|p1|Drapion, M|item
|poke|p1|Trevenant, F, shiny|item
|poke|p1|Manectric, M, shiny|item
|poke|p1|Bronzong|item
|poke|p1|Aromatisse, M|item
|poke|p1|Blastoise, M|item
|poke|p2|Rhyperior, M, shiny|item
|poke|p2|Seismitoad, M|item
|poke|p2|Aggron, F, shiny|item
|poke|p2|Eelektross, F|item
|poke|p2|Bronzong|item
|poke|p2|Hitmonlee, M, shiny|item
|rule|Swagger Clause: Swagger is banned
|rule|Baton Pass Clause: Limit one Baton Passer, can't pass Spe and other stats simultaneously
|teampreview
|inactive|Battle timer is ON: inactive players will automatically lose when time's up. (requested by The frozen lopunny)
|choice|team 2, team 1, team 3, team 4, team 5, team 6|team 3, team 2, team 1, team 4, team 5, team 6
|
|start
|switch|p1a: Till you try it|Trevenant, F, shiny|311\/311
|switch|p2a: Aggron|Aggron, F, shiny|314\/314
|turn|1
|choice|move willowisp|move stealthrock
|
|move|p1a: Till you try it|Will-O-Wisp|p2a: Aggron
|-status|p2a: Aggron|brn
|move|p2a: Aggron|Stealth Rock|p1a: Till you try it
|-sidestart|p1: The frozen lopunny|move: Stealth Rock
|
|-damage|p2a: Aggron|275\/314 brn|[from] brn
|upkeep
|turn|2
|choice|move earthquake|move dragontail
|
|move|p1a: Till you try it|Earthquake|p2a: Aggron
|-supereffective|p2a: Aggron
|-damage|p2a: Aggron|71\/314 brn
|-enditem|p2a: Aggron|Sitrus Berry|[eat]
|-heal|p2a: Aggron|149\/314 brn|[from] item: Sitrus Berry
|move|p2a: Aggron|Dragon Tail|p1a: Till you try it
|-damage|p1a: Till you try it|274\/311
|drag|p1a: Bronzong|Bronzong|338\/338
|-damage|p1a: Bronzong|317\/338|[from] stealthrock
|
|-heal|p1a: Bronzong|338\/338|[from] item: Leftovers
|-damage|p2a: Aggron|110\/314 brn|[from] brn
|upkeep
|turn|3
|choice|move stealthrock|move ironhead
|
|move|p2a: Aggron|Iron Head|p1a: Bronzong
|-resisted|p1a: Bronzong
|-damage|p1a: Bronzong|319\/338
|move|p1a: Bronzong|Stealth Rock|p2a: Aggron
|-sidestart|p2: ray101367|move: Stealth Rock
|
|-heal|p1a: Bronzong|338\/338|[from] item: Leftovers
|-damage|p2a: Aggron|71\/314 brn|[from] brn
|upkeep
|turn|4
|choice|switch 6|switch 4
|
|switch|p2a: Eelektross|Eelektross, F|350\/350
|-damage|p2a: Eelektross|307\/350|[from] stealthrock
|switch|p1a: Blastoise|Blastoise, M|362\/362
|-damage|p1a: Blastoise|317\/362|[from] stealthrock
|
|-heal|p1a: Blastoise|339\/362|[from] item: Leftovers
|upkeep
|turn|5
|choice|switch 3|move wildcharge
|
|switch|p1a: Manectric|Manectric, M, shiny|281\/281
|-damage|p1a: Manectric|246\/281|[from] stealthrock
|move|p2a: Eelektross|Wild Charge|p1a: Manectric
|-ability|p1a: Manectric|Lightning Rod|boost
|-boost|p1a: Manectric|spa|1
|
|upkeep
|turn|6
|choice|move flamethrower|switch 6
|
|switch|p2a: Skrek|Hitmonlee, M, shiny|241\/241
|-damage|p2a: Skrek|226\/241|[from] stealthrock
|move|p1a: Manectric|Flamethrower|p2a: Skrek
|-damage|p2a: Skrek|102\/241
|
|upkeep
|turn|7
|choice|move flamethrower|move fakeout
|
|move|p2a: Skrek|Fake Out|p1a: Manectric
|-enditem|p2a: Skrek|Normal Gem|[from] gem|[move] Fake Out
|-damage|p1a: Manectric|143\/281
|cant|p1a: Manectric|flinch
|
|upkeep
|turn|8
|choice|switch 5|move earthquake
|
|switch|p1a: Aromatisse|Aromatisse, M|406\/406
|-damage|p1a: Aromatisse|356\/406|[from] stealthrock
|move|p2a: Skrek|Earthquake|p1a: Aromatisse
|-damage|p1a: Aromatisse|196\/406
|
|-heal|p1a: Aromatisse|221\/406|[from] item: Leftovers
|upkeep
|turn|9
|choice|move protect|switch 5
|
|switch|p2a: Bronzong|Bronzong|276\/276
|-damage|p2a: Bronzong|259\/276|[from] stealthrock
|move|p1a: Aromatisse|Protect|p1a: Aromatisse
|-fail|p1a: Aromatisse
|
|-heal|p2a: Bronzong|276\/276|[from] item: Leftovers
|-heal|p1a: Aromatisse|246\/406|[from] item: Leftovers
|upkeep
|turn|10
|choice|move protect|move toxic
|
|move|p1a: Aromatisse|Protect|p1a: Aromatisse
|-singleturn|p1a: Aromatisse|Protect
|move|p2a: Bronzong|Toxic|p1a: Aromatisse
|-activate|p1a: Aromatisse|move: Protect
|
|-heal|p1a: Aromatisse|271\/406|[from] item: Leftovers
|upkeep
|turn|11
|choice|switch 3|move toxic
|
|switch|p1a: Blastoise|Blastoise, M|339\/362
|-damage|p1a: Blastoise|294\/362|[from] stealthrock
|move|p2a: Bronzong|Toxic|p1a: Blastoise
|-status|p1a: Blastoise|tox
|
|-heal|p1a: Blastoise|316\/362 tox|[from] item: Leftovers
|-damage|p1a: Blastoise|294\/362 tox|[from] psn
|upkeep
|turn|12
|choice|move rapidspin|move lightscreen
|
|move|p1a: Blastoise|Rapid Spin|p2a: Bronzong
|-resisted|p2a: Bronzong
|-damage|p2a: Bronzong|272\/276
|-sideend|p1: The frozen lopunny|stealthrock|[from] move: Rapid Spin|[of] p1a: Blastoise
|move|p2a: Bronzong|Light Screen|p2a: Bronzong
|-sidestart|p2: ray101367|move: Light Screen
|
|-heal|p1a: Blastoise|316\/362 tox|[from] item: Leftovers
|-heal|p2a: Bronzong|276\/276|[from] item: Leftovers
|-damage|p1a: Blastoise|272\/362 tox|[from] psn
|upkeep
|turn|13
|choice|switch 3|move stealthrock
|
|switch|p1a: Aromatisse|Aromatisse, M|271\/406
|move|p2a: Bronzong|Stealth Rock|p1a: Aromatisse
|-sidestart|p1: The frozen lopunny|move: Stealth Rock
|
|-heal|p1a: Aromatisse|296\/406|[from] item: Leftovers
|upkeep
|turn|14
|choice|move aromatherapy|switch 3
|
|switch|p2a: Rhyperior|Rhyperior, M, shiny|396\/396
|-damage|p2a: Rhyperior|372\/396|[from] stealthrock
|move|p1a: Aromatisse|Aromatherapy|p1a: Aromatisse
|-activate|p1a: Aromatisse|move: Aromatherapy
|-curestatus|p1: Blastoise|tox|[msg]
|
|-heal|p1a: Aromatisse|321\/406|[from] item: Leftovers
|upkeep
|turn|15
|choice|switch 6|move stoneedge
|
|switch|p1a: Bronzong|Bronzong|338\/338
|-damage|p1a: Bronzong|317\/338|[from] stealthrock
|move|p2a: Rhyperior|Stone Edge|p1a: Bronzong|[miss]
|-miss|p2a: Rhyperior|p1a: Bronzong
|
|-heal|p1a: Bronzong|338\/338|[from] item: Leftovers
|upkeep
|turn|16
|choice|move toxic|move earthquake
|
|move|p2a: Rhyperior|Earthquake|p1a: Bronzong
|-immune|p1a: Bronzong|[msg]|[from] ability: Levitate
|move|p1a: Bronzong|Toxic|p2a: Rhyperior
|-status|p2a: Rhyperior|tox
|
|-damage|p2a: Rhyperior|348\/396 tox|[from] psn
|-sideend|p2: ray101367|move: Light Screen
|upkeep
|turn|17
|choice|move psywave|switch 2
|
|switch|p2a: Seismitoad|Seismitoad, M|351\/351
|-damage|p2a: Seismitoad|330\/351|[from] stealthrock
|move|p1a: Bronzong|Psywave|p2a: Seismitoad
|-damage|p2a: Seismitoad|184\/351
|
|upkeep
|turn|18
|choice|switch 3|move raindance
|
|switch|p1a: Blastoise|Blastoise, M|272\/362
|-damage|p1a: Blastoise|227\/362|[from] stealthrock
|move|p2a: Seismitoad|Rain Dance|p2a: Seismitoad
|-weather|RainDance
|
|-weather|RainDance|[upkeep]
|-heal|p1a: Blastoise|249\/362|[from] item: Leftovers
|upkeep
|turn|19
|choice|move rapidspin|move hydropump
|
|move|p2a: Seismitoad|Hydro Pump|p1a: Blastoise
|-resisted|p1a: Blastoise
|-damage|p1a: Blastoise|158\/362
|move|p1a: Blastoise|Rapid Spin|p2a: Seismitoad
|-damage|p2a: Seismitoad|173\/351
|-sideend|p1: The frozen lopunny|stealthrock|[from] move: Rapid Spin|[of] p1a: Blastoise
|
|-weather|RainDance|[upkeep]
|-heal|p1a: Blastoise|180\/362|[from] item: Leftovers
|upkeep
|turn|20
|choice|move roar|move earthpower
|
|move|p2a: Seismitoad|Earth Power|p1a: Blastoise
|-damage|p1a: Blastoise|92\/362
|move|p1a: Blastoise|Roar|p2a: Seismitoad
|drag|p2a: Aggron|Aggron, F, shiny|71\/314 brn
|-damage|p2a: Aggron|52\/314 brn|[from] stealthrock
|
|-weather|RainDance|[upkeep]
|-heal|p1a: Blastoise|114\/362|[from] item: Leftovers
|-damage|p2a: Aggron|13\/314 brn|[from] brn
|upkeep
|turn|21
|choice|move scald|move stealthrock
|
|move|p1a: Blastoise|Scald|p2a: Aggron
|-supereffective|p2a: Aggron
|-damage|p2a: Aggron|0 fnt
|faint|p2a: Aggron
|
|-weather|RainDance|[upkeep]
|-heal|p1a: Blastoise|136\/362|[from] item: Leftovers
|upkeep
|choice||switch 6
|
|switch|p2a: Eelektross|Eelektross, F|307\/350
|-damage|p2a: Eelektross|264\/350|[from] stealthrock
|turn|22
|choice|switch 2|move drainpunch
|
|switch|p1a: Don't knock it|Drapion, M|291\/291
|move|p2a: Eelektross|Drain Punch|p1a: Don't knock it
|-damage|p1a: Don't knock it|213\/291
|-heal|p2a: Eelektross|303\/350|[from] drain|[of] p1a: Don't knock it
|
|-weather|none
|upkeep
|turn|23
|choice|move swordsdance|move wildcharge
|
|move|p1a: Don't knock it|Swords Dance|p1a: Don't knock it
|-boost|p1a: Don't knock it|atk|2
|move|p2a: Eelektross|Wild Charge|p1a: Don't knock it
|-damage|p1a: Don't knock it|68\/291
|-damage|p2a: Eelektross|267\/350|[from] Recoil|[of] p1a: Don't knock it
|
|upkeep
|turn|24
|choice|move knockoff|switch 3
|
|switch|p2a: Bronzong|Bronzong|276\/276
|-damage|p2a: Bronzong|259\/276|[from] stealthrock
|move|p1a: Don't knock it|Knock Off|p2a: Bronzong
|-supereffective|p2a: Bronzong
|-damage|p2a: Bronzong|0 fnt
|-enditem|p2a: Bronzong|Leftovers|[from] move: Knock Off|[of] p1a: Don't knock it
|faint|p2a: Bronzong
|
|upkeep
|choice||switch 5
|
|switch|p2a: Skrek|Hitmonlee, M, shiny|102\/241
|-damage|p2a: Skrek|87\/241|[from] stealthrock
|turn|25
|choice|move poisonjab|move fakeout
|
|move|p2a: Skrek|Fake Out|p1a: Don't knock it
|-damage|p1a: Don't knock it|25\/291
|cant|p1a: Don't knock it|flinch
|
|upkeep
|turn|26
|choice|move poisonjab|move earthquake
|
|move|p1a: Don't knock it|Poison Jab|p2a: Skrek
|-damage|p2a: Skrek|0 fnt
|faint|p2a: Skrek
|
|upkeep
|choice||switch 2
|
|switch|p2a: Rhyperior|Rhyperior, M, shiny|348\/396 tox
|-damage|p2a: Rhyperior|324\/396 tox|[from] stealthrock
|turn|27
|choice|move aquatail|move earthquake
|
|move|p1a: Don't knock it|Aqua Tail|p2a: Rhyperior
|-supereffective|p2a: Rhyperior
|-damage|p2a: Rhyperior|0 fnt
|-damage|p1a: Don't knock it|0 fnt|[from] item: Rocky Helmet|[of] p2a: Rhyperior
|faint|p1a: Don't knock it
|faint|p2a: Rhyperior
|
|upkeep
|choice|switch 4|switch 3
|
|switch|p1a: Till you try it|Trevenant, F, shiny|274\/311
|switch|p2a: Eelektross|Eelektross, F|267\/350
|-damage|p2a: Eelektross|224\/350|[from] stealthrock
|turn|28
|choice|move woodhammer|move flamethrower
|
|move|p1a: Till you try it|Wood Hammer|p2a: Eelektross
|-damage|p2a: Eelektross|0 fnt
|-damage|p1a: Till you try it|200\/311|[from] Recoil|[of] p2a: Eelektross
|faint|p2a: Eelektross
|
|upkeep
|choice||switch 4
|
|switch|p2a: Seismitoad|Seismitoad, M|173\/351
|-damage|p2a: Seismitoad|152\/351|[from] stealthrock
|turn|29
|c|☆ray101367|gg
|choice|move woodhammer|move scald
|
|move|p1a: Till you try it|Wood Hammer|p2a: Seismitoad
|-supereffective|p2a: Seismitoad
|-damage|p2a: Seismitoad|0 fnt
|-damage|p1a: Till you try it|150\/311|[from] Recoil|[of] p2a: Seismitoad
|-enditem|p1a: Till you try it|Sitrus Berry|[eat]
|-heal|p1a: Till you try it|227\/311|[from] item: Sitrus Berry
|faint|p2a: Seismitoad
|
|win|The frozen lopunny
|c|☆The frozen lopunny|gg
|raw|The frozen lopunny's rating: 1244 &rarr; <strong>1255<\/strong><br \/>(+11 for winning)
|raw|ray101367's rating: 1040 &rarr; <strong>1032<\/strong><br \/>(-8 for losing)
|l|ray101367</script>
</div>
<div class="battle-log battle-log-inline"><div class="inner"><div class="battle-options"></div><div class="inner"><div class="chat"><small>The frozen lopunny joined.</small></div><div class="chat"><small>ray101367 joined.</small></div><div class=""><small>Format:</small> <br><strong>RU</strong></div><div class="rated"><strong>Rated battle</strong></div><div class=""><small><em>Sleep Clause Mod:</em> Limit one foe put to sleep</small></div><div class=""><small><em>Species Clause:</em> Limit one of each Pokémon</small></div><div class=""><small><em>OHKO Clause:</em> OHKO moves are banned</small></div><div class=""><small><em>Moody Clause:</em> Moody is banned</small></div><div class=""><small><em>Evasion Moves Clause:</em> Evasion moves are banned</small></div><div class=""><small><em>Endless Battle Clause:</em> Forcing endless battles is banned</small></div><div class=""><small><em>HP Percentage Mod:</em> HP is shown in percentages</small></div><div class=""><small><em>Swagger Clause:</em> Swagger is banned</small></div><div class=""><small><em>Baton Pass Clause:</em> Limit one Baton Passer, can't pass Spe and other stats simultaneously</small></div><div class="chat battle-history"><strong>The frozen lopunny's team:</strong> <em style="color:#445566;display:block;">Drapion / Trevenant / Manectric / Bronzong / Aromatisse / Blastoise</em></div><div class="chat battle-history"><strong>ray101367's team:</strong> <em style="color:#445566;display:block;">Rhyperior / Seismitoad / Aggron / Eelektross / Bronzong / Hitmonlee</em></div><div class="chat message-error">Battle timer is ON: inactive players will automatically lose when time's up. (requested by The frozen lopunny)</div><div class="spacer battle-history"><br></div><div class="battle-history">Battle started between The frozen lopunny and ray101367!<br></div><div class="spacer battle-history"><br></div><div class="battle-history">Go! Till you try it (<strong>Trevenant</strong>)!<br></div><div class="spacer battle-history"><br></div><div class="battle-history">ray101367 sent out <strong>Aggron</strong>!<br></div><div class="spacer battle-history"><br></div><h2 class="battle-history">Turn 1</h2><div class="spacer battle-history"><br></div><div class="battle-history">Till you try it used <strong>Will-O-Wisp</strong>!<br></div><div class="battle-history"><small>The opposing Aggron was burned!</small><br></div><div class="spacer battle-history"><br></div><div class="battle-history">The opposing Aggron used <strong>Stealth Rock</strong>!<br></div><div class="battle-history"><small>Pointed stones float in the air around your team!</small><br></div><div class="spacer battle-history"><br></div><div class="battle-history"><small>The opposing Aggron was hurt by its burn!</small><br></div><div class="spacer battle-history"><br></div><h2 class="battle-history">Turn 2</h2><div class="spacer battle-history"><br></div><div class="battle-history">Till you try it used <strong>Earthquake</strong>!<br></div><div class="battle-history"><small>It's super effective!</small><br></div><div class="battle-history"><small>(The opposing Aggron lost <abbr title="−204/314">65.0%</abbr> of its health!)</small><br></div><div class="battle-history"><small>The opposing Aggron ate its Sitrus Berry!</small><br></div><div class="battle-history"><small>The opposing Aggron restored HP using its Sitrus Berry!</small><br></div><div class="spacer battle-history"><br></div><div class="battle-history">The opposing Aggron used <strong>Dragon Tail</strong>!<br></div><div class="battle-history"><small>(Till you try it lost <abbr title="−37/311">11.9%</abbr> of its health!)</small><br></div><div class="spacer battle-history"><br></div><div class="battle-history"><strong>Bronzong</strong> was dragged out!<br></div><div class="battle-history"><small>Pointed stones dug into Bronzong!</small><br></div><div class="spacer battle-history"><br></div><div class="battle-history"><small>Bronzong restored a little HP using its Leftovers!</small><br></div><div class="battle-history"><small>The opposing Aggron was hurt by its burn!</small><br></div><div class="spacer battle-history"><br></div><h2 class="battle-history">Turn 3</h2><div class="spacer battle-history"><br></div><div class="battle-history">The opposing Aggron used <strong>Iron Head</strong>!<br></div><div class="battle-history"><small>It's not very effective...</small><br></div><div class="battle-history"><small>(Bronzong lost <abbr title="−19/338">5.6%</abbr> of its health!)</small><br></div><div class="spacer battle-history"><br></div><div class="battle-history">Bronzong used <strong>Stealth Rock</strong>!<br></div><div class="battle-history"><small>Pointed stones float in the air around the opposing team!</small><br></div><div class="spacer battle-history"><br></div><div class="battle-history"><small>Bronzong restored a little HP using its Leftovers!</small><br></div><div class="battle-history"><small>The opposing Aggron was hurt by its burn!</small><br></div><div class="spacer battle-history"><br></div><h2 class="battle-history">Turn 4</h2><div class="spacer battle-history"><br></div><div class="battle-history">ray101367 withdrew Aggron!<br></div><div class="battle-history">ray101367 sent out <strong>Eelektross</strong>!<br></div><div class="battle-history"><small>Pointed stones dug into the opposing Eelektross!</small><br></div><div class="spacer battle-history"><br></div><div class="battle-history">Bronzong, come back!<br></div><div class="battle-history">Go! <strong>Blastoise</strong>!<br></div><div class="battle-history"><small>Pointed stones dug into Blastoise!</small><br></div><div class="spacer battle-history"><br></div><div class="battle-history"><small>Blastoise restored a little HP using its Leftovers!</small><br></div><div class="spacer battle-history"><br></div><h2 class="battle-history">Turn 5</h2><div class="spacer battle-history"><br></div><div class="battle-history">Blastoise, come back!<br></div><div class="battle-history">Go! <strong>Manectric</strong>!<br></div><div class="battle-history"><small>Pointed stones dug into Manectric!</small><br></div><div class="spacer battle-history"><br></div><div class="battle-history">The opposing Eelektross used <strong>Wild Charge</strong>!<br></div><div class="battle-history"><small>[Manectric's Lightning Rod]</small><br></div><div class="battle-history"><small>Manectric's Special Attack rose!</small><br></div><div class="spacer battle-history"><br></div><h2 class="battle-history">Turn 6</h2><div class="spacer battle-history"><br></div><div class="battle-history">ray101367 withdrew Eelektross!<br></div><div class="battle-history">ray101367 sent out Skrek (<strong>Hitmonlee</strong>)!<br></div><div class="battle-history"><small>Pointed stones dug into the opposing Skrek!</small><br></div><div class="spacer battle-history"><br></div><div class="battle-history">Manectric used <strong>Flamethrower</strong>!<br></div><div class="battle-history"><small>(The opposing Skrek lost <abbr title="−124/241">51.5%</abbr> of its health!)</small><br></div><div class="spacer battle-history"><br></div><h2 class="battle-history">Turn 7</h2><div class="spacer battle-history"><br></div><div class="battle-history">The opposing Skrek used <strong>Fake Out</strong>!<br></div><div class="battle-history"><small>The Normal Gem strengthened the opposing Skrek's power!</small><br></div><div class="battle-history"><small>(Manectric lost <abbr title="−103/281">36.7%</abbr> of its health!)</small><br></div><div class="spacer battle-history"><br></div><div class="battle-history">Manectric flinched and couldn't move!<br></div><div class="spacer battle-history"><br></div><h2 class="battle-history">Turn 8</h2><div class="spacer battle-history"><br></div><div class="battle-history">Manectric, come back!<br></div><div class="battle-history">Go! <strong>Aromatisse</strong>!<br></div><div class="battle-history"><small>Pointed stones dug into Aromatisse!</small><br></div><div class="spacer battle-history"><br></div><div class="battle-history">The opposing Skrek used <strong>Earthquake</strong>!<br></div><div class="battle-history"><small>(Aromatisse lost <abbr title="−160/406">39.4%</abbr> of its health!)</small><br></div><div class="spacer battle-history"><br></div><div class="battle-history"><small>Aromatisse restored a little HP using its Leftovers!</small><br></div><div class="spacer battle-history"><br></div><h2 class="battle-history">Turn 9</h2><div class="spacer battle-history"><br></div><div class="battle-history">ray101367 withdrew Skrek!<br></div><div class="battle-history">ray101367 sent out <strong>Bronzong</strong>!<br></div><div class="battle-history"><small>Pointed stones dug into the opposing Bronzong!</small><br></div><div class="spacer battle-history"><br></div><div class="battle-history">Aromatisse used <strong>Protect</strong>!<br></div><div class="battle-history"><small>But it failed!</small><br></div><div class="spacer battle-history"><br></div><div class="battle-history"><small>The opposing Bronzong restored a little HP using its Leftovers!</small><br></div><div class="battle-history"><small>Aromatisse restored a little HP using its Leftovers!</small><br></div><div class="spacer battle-history"><br></div><h2 class="battle-history">Turn 10</h2><div class="spacer battle-history"><br></div><div class="battle-history">Aromatisse used <strong>Protect</strong>!<br></div><div class="battle-history"><small>Aromatisse protected itself!</small><br></div><div class="spacer battle-history"><br></div><div class="battle-history">The opposing Bronzong used <strong>Toxic</strong>!<br></div><div class="battle-history"><small>Aromatisse protected itself!</small><br></div><div class="spacer battle-history"><br></div><div class="battle-history"><small>Aromatisse restored a little HP using its Leftovers!</small><br></div><div class="spacer battle-history"><br></div><h2 class="battle-history">Turn 11</h2><div class="spacer battle-history"><br></div><div class="battle-history">Aromatisse, come back!<br></div><div class="battle-history">Go! <strong>Blastoise</strong>!<br></div><div class="battle-history"><small>Pointed stones dug into Blastoise!</small><br></div><div class="spacer battle-history"><br></div><div class="battle-history">The opposing Bronzong used <strong>Toxic</strong>!<br></div><div class="battle-history"><small>Blastoise was badly poisoned!</small><br></div><div class="spacer battle-history"><br></div><div class="battle-history"><small>Blastoise restored a little HP using its Leftovers!</small><br></div><div class="battle-history"><small>Blastoise was hurt by poison!</small><br></div><div class="spacer battle-history"><br></div><h2 class="battle-history">Turn 12</h2><div class="spacer battle-history"><br></div><div class="battle-history">Blastoise used <strong>Rapid Spin</strong>!<br></div><div class="battle-history"><small>It's not very effective...</small><br></div><div class="battle-history"><small>(The opposing Bronzong lost <abbr title="−4/276">1.4%</abbr> of its health!)</small><br></div><div class="battle-history"><small>The pointed stones disappeared from around your team!</small><br></div><div class="spacer battle-history"><br></div><div class="battle-history">The opposing Bronzong used <strong>Light Screen</strong>!<br></div><div class="battle-history"><small>Light Screen made the opposing team stronger against special moves!</small><br></div><div class="spacer battle-history"><br></div><div class="battle-history"><small>Blastoise restored a little HP using its Leftovers!</small><br></div><div class="battle-history"><small>The opposing Bronzong restored a little HP using its Leftovers!</small><br></div><div class="battle-history"><small>Blastoise was hurt by poison!</small><br></div><div class="spacer battle-history"><br></div><h2 class="battle-history">Turn 13</h2><div class="spacer battle-history"><br></div><div class="battle-history">Blastoise, come back!<br></div><div class="battle-history">Go! <strong>Aromatisse</strong>!<br></div><div class="spacer battle-history"><br></div><div class="battle-history">The opposing Bronzong used <strong>Stealth Rock</strong>!<br></div><div class="battle-history"><small>Pointed stones float in the air around your team!</small><br></div><div class="spacer battle-history"><br></div><div class="battle-history"><small>Aromatisse restored a little HP using its Leftovers!</small><br></div><div class="spacer battle-history"><br></div><h2 class="battle-history">Turn 14</h2><div class="spacer battle-history"><br></div><div class="battle-history">ray101367 withdrew Bronzong!<br></div><div class="battle-history">ray101367 sent out <strong>Rhyperior</strong>!<br></div><div class="battle-history"><small>Pointed stones dug into the opposing Rhyperior!</small><br></div><div class="spacer battle-history"><br></div><div class="battle-history">Aromatisse used <strong>Aromatherapy</strong>!<br></div><div class="battle-history"><small>A soothing aroma wafted through the area!</small><br></div><div class="battle-history"><small>Blastoise was cured of its poisoning.</small><br></div><div class="spacer battle-history"><br></div><div class="battle-history"><small>Aromatisse restored a little HP using its Leftovers!</small><br></div><div class="spacer battle-history"><br></div><h2 class="battle-history">Turn 15</h2><div class="spacer battle-history"><br></div><div class="battle-history">Aromatisse, come back!<br></div><div class="battle-history">Go! <strong>Bronzong</strong>!<br></div><div class="battle-history"><small>Pointed stones dug into Bronzong!</small><br></div><div class="spacer battle-history"><br></div><div class="battle-history">The opposing Rhyperior used <strong>Stone Edge</strong>!<br></div><div class="battle-history"><small>Bronzong avoided the attack!</small><br></div><div class="spacer battle-history"><br></div><div class="battle-history"><small>Bronzong restored a little HP using its Leftovers!</small><br></div><div class="spacer battle-history"><br></div><h2 class="battle-history">Turn 16</h2><div class="spacer battle-history"><br></div><div class="battle-history">The opposing Rhyperior used <strong>Earthquake</strong>!<br></div><div class="battle-history"><small>[Bronzong's Levitate]</small><br><small>It doesn't affect Bronzong...</small><br></div><div class="spacer battle-history"><br></div><div class="battle-history">Bronzong used <strong>Toxic</strong>!<br></div><div class="battle-history"><small>The opposing Rhyperior was badly poisoned!</small><br></div><div class="spacer battle-history"><br></div><div class="battle-history"><small>The opposing Rhyperior was hurt by poison!</small><br></div><div class="battle-history"><small>The opposing team's Light Screen wore off!</small><br></div><div class="spacer battle-history"><br></div><h2 class="battle-history">Turn 17</h2><div class="spacer battle-history"><br></div><div class="battle-history">ray101367 withdrew Rhyperior!<br></div><div class="battle-history">ray101367 sent out <strong>Seismitoad</strong>!<br></div><div class="battle-history"><small>Pointed stones dug into the opposing Seismitoad!</small><br></div><div class="spacer battle-history"><br></div><div class="battle-history">Bronzong used <strong>Psywave</strong>!<br></div><div class="battle-history"><small>(The opposing Seismitoad lost <abbr title="−146/351">41.6%</abbr> of its health!)</small><br></div><div class="spacer battle-history"><br></div><h2 class="battle-history">Turn 18</h2><div class="spacer battle-history"><br></div><div class="battle-history">Bronzong, come back!<br></div><div class="battle-history">Go! <strong>Blastoise</strong>!<br></div><div class="battle-history"><small>Pointed stones dug into Blastoise!</small><br></div><div class="spacer battle-history"><br></div><div class="battle-history">The opposing Seismitoad used <strong>Rain Dance</strong>!<br></div><div class="battle-history"><small>It started to rain!</small><br></div><div class="spacer battle-history"><br></div><div class="battle-history"><small>(Rain continues to fall!)</small><br></div><div class="battle-history"><small>Blastoise restored a little HP using its Leftovers!</small><br></div><div class="spacer battle-history"><br></div><h2 class="battle-history">Turn 19</h2><div class="spacer battle-history"><br></div><div class="battle-history">The opposing Seismitoad used <strong>Hydro Pump</strong>!<br></div><div class="battle-history"><small>It's not very effective...</small><br></div><div class="battle-history"><small>(Blastoise lost <abbr title="−91/362">25.1%</abbr> of its health!)</small><br></div><div class="spacer battle-history"><br></div><div class="battle-history">Blastoise used <strong>Rapid Spin</strong>!<br></div><div class="battle-history"><small>(The opposing Seismitoad lost <abbr title="−11/351">3.1%</abbr> of its health!)</small><br></div><div class="battle-history"><small>The pointed stones disappeared from around your team!</small><br></div><div class="spacer battle-history"><br></div><div class="battle-history"><small>(Rain continues to fall!)</small><br></div><div class="battle-history"><small>Blastoise restored a little HP using its Leftovers!</small><br></div><div class="spacer battle-history"><br></div><h2 class="battle-history">Turn 20</h2><div class="spacer battle-history"><br></div><div class="battle-history">The opposing Seismitoad used <strong>Earth Power</strong>!<br></div><div class="battle-history"><small>(Blastoise lost <abbr title="−88/362">24.3%</abbr> of its health!)</small><br></div><div class="spacer battle-history"><br></div><div class="battle-history">Blastoise used <strong>Roar</strong>!<br></div><div class="spacer battle-history"><br></div><div class="battle-history"><strong>Aggron</strong> was dragged out!<br></div><div class="battle-history"><small>Pointed stones dug into the opposing Aggron!</small><br></div><div class="spacer battle-history"><br></div><div class="battle-history"><small>(Rain continues to fall!)</small><br></div><div class="battle-history"><small>Blastoise restored a little HP using its Leftovers!</small><br></div><div class="battle-history"><small>The opposing Aggron was hurt by its burn!</small><br></div><div class="spacer battle-history"><br></div><h2 class="battle-history">Turn 21</h2><div class="spacer battle-history"><br></div><div class="battle-history">Blastoise used <strong>Scald</strong>!<br></div><div class="battle-history"><small>It's super effective!</small><br></div><div class="battle-history"><small>(The opposing Aggron lost <abbr title="−13/314">4.1%</abbr> of its health!)</small><br></div><div class="spacer battle-history"><br></div><div class="battle-history">The opposing Aggron fainted!<br></div><div class="spacer battle-history"><br></div><div class="battle-history"><small>(Rain continues to fall!)</small><br></div><div class="battle-history"><small>Blastoise restored a little HP using its Leftovers!</small><br></div><div class="spacer battle-history"><br></div><div class="battle-history">ray101367 sent out <strong>Eelektross</strong>!<br></div><div class="battle-history"><small>Pointed stones dug into the opposing Eelektross!</small><br></div><div class="spacer battle-history"><br></div><h2 class="battle-history">Turn 22</h2><div class="spacer battle-history"><br></div><div class="battle-history">Blastoise, come back!<br></div><div class="battle-history">Go! Don't knock it (<strong>Drapion</strong>)!<br></div><div class="spacer battle-history"><br></div><div class="battle-history">The opposing Eelektross used <strong>Drain Punch</strong>!<br></div><div class="battle-history"><small>(Don't knock it lost <abbr title="−78/291">26.8%</abbr> of its health!)</small><br></div><div class="battle-history"><small>Don't knock it had its energy drained!</small><br></div><div class="spacer battle-history"><br></div><div class="battle-history"><small>The rain stopped.</small><br></div><div class="spacer battle-history"><br></div><h2 class="battle-history">Turn 23</h2><div class="spacer battle-history"><br></div><div class="battle-history">Don't knock it used <strong>Swords Dance</strong>!<br></div><div class="battle-history"><small>Don't knock it's Attack rose sharply!</small><br></div><div class="spacer battle-history"><br></div><div class="battle-history">The opposing Eelektross used <strong>Wild Charge</strong>!<br></div><div class="battle-history"><small>(Don't knock it lost <abbr title="−145/291">49.8%</abbr> of its health!)</small><br></div><div class="battle-history"><small>The opposing Eelektross is damaged by the recoil!</small><br></div><div class="spacer battle-history"><br></div><h2 class="battle-history">Turn 24</h2><div class="spacer battle-history"><br></div><div class="battle-history">ray101367 withdrew Eelektross!<br></div><div class="battle-history">ray101367 sent out <strong>Bronzong</strong>!<br></div><div class="battle-history"><small>Pointed stones dug into the opposing Bronzong!</small><br></div><div class="spacer battle-history"><br></div><div class="battle-history">Don't knock it used <strong>Knock Off</strong>!<br></div><div class="battle-history"><small>It's super effective!</small><br></div><div class="battle-history"><small>(The opposing Bronzong lost <abbr title="−259/276">93.8%</abbr> of its health!)</small><br></div><div class="battle-history"><small>Don't knock it knocked off the opposing Bronzong's Leftovers!</small><br></div><div class="spacer battle-history"><br></div><div class="battle-history">The opposing Bronzong fainted!<br></div><div class="spacer battle-history"><br></div><div class="battle-history">ray101367 sent out Skrek (<strong>Hitmonlee</strong>)!<br></div><div class="battle-history"><small>Pointed stones dug into the opposing Skrek!</small><br></div><div class="spacer battle-history"><br></div><h2 class="battle-history">Turn 25</h2><div class="spacer battle-history"><br></div><div class="battle-history">The opposing Skrek used <strong>Fake Out</strong>!<br></div><div class="battle-history"><small>(Don't knock it lost <abbr title="−43/291">14.8%</abbr> of its health!)</small><br></div><div class="spacer battle-history"><br></div><div class="battle-history">Don't knock it flinched and couldn't move!<br></div><div class="spacer battle-history"><br></div><h2 class="battle-history">Turn 26</h2><div class="spacer battle-history"><br></div><div class="battle-history">Don't knock it used <strong>Poison Jab</strong>!<br></div><div class="battle-history"><small>(The opposing Skrek lost <abbr title="−87/241">36.1%</abbr> of its health!)</small><br></div><div class="spacer battle-history"><br></div><div class="battle-history">The opposing Skrek fainted!<br></div><div class="spacer battle-history"><br></div><div class="battle-history">ray101367 sent out <strong>Rhyperior</strong>!<br></div><div class="battle-history"><small>Pointed stones dug into the opposing Rhyperior!</small><br></div><div class="spacer battle-history"><br></div><h2 class="battle-history">Turn 27</h2><div class="spacer battle-history"><br></div><div class="battle-history">Don't knock it used <strong>Aqua Tail</strong>!<br></div><div class="battle-history"><small>It's super effective!</small><br></div><div class="battle-history"><small>(The opposing Rhyperior lost <abbr title="−324/396">81.8%</abbr> of its health!)</small><br></div><div class="battle-history"><small>Don't knock it was hurt by the Rocky Helmet!</small><br></div><div class="spacer battle-history"><br></div><div class="battle-history">Don't knock it fainted!<br></div><div class="battle-history">The opposing Rhyperior fainted!<br></div><div class="spacer battle-history"><br></div><div class="battle-history">Go! Till you try it (<strong>Trevenant</strong>)!<br></div><div class="spacer battle-history"><br></div><div class="battle-history">ray101367 sent out <strong>Eelektross</strong>!<br></div><div class="battle-history"><small>Pointed stones dug into the opposing Eelektross!</small><br></div><div class="spacer battle-history"><br></div><h2 class="battle-history">Turn 28</h2><div class="spacer battle-history"><br></div><div class="battle-history">Till you try it used <strong>Wood Hammer</strong>!<br></div><div class="battle-history"><small>(The opposing Eelektross lost <abbr title="−224/350">64%</abbr> of its health!)</small><br></div><div class="battle-history"><small>Till you try it is damaged by the recoil!</small><br></div><div class="spacer battle-history"><br></div><div class="battle-history">The opposing Eelektross fainted!<br></div><div class="spacer battle-history"><br></div><div class="battle-history">ray101367 sent out <strong>Seismitoad</strong>!<br></div><div class="battle-history"><small>Pointed stones dug into the opposing Seismitoad!</small><br></div><div class="spacer battle-history"><br></div><h2 class="battle-history">Turn 29</h2><div class="chat chatmessage-ray101367"><strong style="color:hsl(82,88%,33.87423900034129%)"><small>☆</small><span class="username" data-name="ray101367">ray101367</span>:</strong> <em>gg</em></div><div class="spacer battle-history"><br></div><div class="battle-history">Till you try it used <strong>Wood Hammer</strong>!<br></div><div class="battle-history"><small>It's super effective!</small><br></div><div class="battle-history"><small>(The opposing Seismitoad lost <abbr title="−152/351">43.3%</abbr> of its health!)</small><br></div><div class="battle-history"><small>Till you try it is damaged by the recoil!</small><br></div><div class="battle-history"><small>Till you try it ate its Sitrus Berry!</small><br></div><div class="battle-history"><small>Till you try it restored HP using its Sitrus Berry!</small><br></div><div class="spacer battle-history"><br></div><div class="battle-history">The opposing Seismitoad fainted!<br></div><div class="spacer battle-history"><br></div><div class="battle-history"><strong>The frozen lopunny</strong> won the battle!<br></div><div class="chat chatmessage-thefrozenlopunny"><strong style="color:hsl(18,79%,41.70480063285996%)"><small>☆</small><span class="username" data-name="The frozen lopunny">The frozen lopunny</span>:</strong> <em>gg</em></div><div class="chat">The frozen lopunny's rating: 1244 → <strong>1255</strong><br>(+11 for winning)</div><div class="chat">ray101367's rating: 1040 → <strong>1032</strong><br>(-8 for losing)</div><div class="chat"><small>ray101367 left.</small></div></div><div class="inner-preempt"></div></div></div>
</div>
<script>
let daily = Math.floor(Date.now()/1000/60/60/24);document.write('<script src="https://play.pokemonshowdown.com/js/replay-embed.js?version'+daily+'"></'+'script>');
</script>
