<!DOCTYPE html>
<meta charset="utf-8" />
<!-- version 1 -->
<title>RU replay: WashingtonWailords vs. FuwaFuwaNeko♥</title>
<style>
html,body {font-family:Verdana, sans-serif;font-size:10pt;margin:0;padding:0;}body{padding:12px 0;} .battle-log {font-family:Verdana, sans-serif;font-size:10pt;} .battle-log-inline {border:1px solid #AAAAAA;background:#EEF2F5;color:black;max-width:640px;margin:0 auto 80px;padding-bottom:5px;} .battle-log .inner {padding:4px 8px 0px 8px;} .battle-log .inner-preempt {padding:0 8px 4px 8px;} .battle-log .inner-after {margin-top:0.5em;} .battle-log h2 {margin:0.5em -8px;padding:4px 8px;border:1px solid #AAAAAA;background:#E0E7EA;border-left:0;border-right:0;font-family:Verdana, sans-serif;font-size:13pt;} .battle-log .chat {vertical-align:middle;padding:3px 0 3px 0;font-size:8pt;} .battle-log .chat strong {color:#40576A;} .battle-log .chat em {padding:1px 4px 1px 3px;color:#000000;font-style:normal;} .chat.mine {background:rgba(0,0,0,0.05);margin-left:-8px;margin-right:-8px;padding-left:8px;padding-right:8px;} .spoiler {color:#BBBBBB;background:#BBBBBB;padding:0px 3px;} .spoiler:hover, .spoiler:active, .spoiler-shown {color:#000000;background:#E2E2E2;padding:0px 3px;} .spoiler a {color:#BBBBBB;} .spoiler:hover a, .spoiler:active a, .spoiler-shown a {color:#2288CC;} .chat code, .chat .spoiler:hover code, .chat .spoiler:active code, .chat .spoiler-shown code {border:1px solid #C0C0C0;background:#EEEEEE;color:black;padding:0 2px;} .chat .spoiler code {border:1px solid #CCCCCC;background:#CCCCCC;color:#CCCCCC;} .battle-log .rated {padding:3px 4px;} .battle-log .rated strong {color:white;background:#89A;padding:1px 4px;border-radius:4px;} .spacer {margin-top:0.5em;} .message-announce {background:#6688AA;color:white;padding:1px 4px 2px;} .message-announce a, .broadcast-green a, .broadcast-blue a, .broadcast-red a {color:#DDEEFF;} .broadcast-green {background-color:#559955;color:white;padding:2px 4px;} .broadcast-blue {background-color:#6688AA;color:white;padding:2px 4px;} .infobox {border:1px solid #6688AA;padding:2px 4px;} .infobox-limited {max-height:200px;overflow:auto;overflow-x:hidden;} .broadcast-red {background-color:#AA5544;color:white;padding:2px 4px;} .message-learn-canlearn {font-weight:bold;color:#228822;text-decoration:underline;} .message-learn-cannotlearn {font-weight:bold;color:#CC2222;text-decoration:underline;} .message-effect-weak {font-weight:bold;color:#CC2222;} .message-effect-resist {font-weight:bold;color:#6688AA;} .message-effect-immune {font-weight:bold;color:#666666;} .message-learn-list {margin-top:0;margin-bottom:0;} .message-throttle-notice, .message-error {color:#992222;} .message-overflow, .chat small.message-overflow {font-size:0pt;} .message-overflow::before {font-size:9pt;content:'...';} .subtle {color:#3A4A66;}
</style>
<div class="wrapper replay-wrapper" style="max-width:1180px;margin:0 auto">
<input type="hidden" name="replayid" value="ru-497584065" />
<div class="battle"></div><div class="battle-log"></div><div class="replay-controls"></div><div class="replay-controls-2"></div>
<h1 style="font-weight:normal;text-align:center"><strong>RU</strong><br /><a href="http://pokemonshowdown.com/users/washingtonwailords" class="subtle" target="_blank">WashingtonWailords</a> vs. <a href="http://pokemonshowdown.com/users/fuwafuwaneko" class="subtle" target="_blank">FuwaFuwaNeko♥</a></h1>
<script type="text/plain" class="battle-log-data">|j|WashingtonWailords
|j|FuwaFuwaNeko♥
|player|p1|WashingtonWailords|149
|player|p2|FuwaFuwaNeko♥|27
|gametype|singles
|gen|6
|tier|RU
|seed|57858,29174,25042,48951
|rule|Sleep Clause Mod: Limit one foe put to sleep
|rule|Species Clause: Limit one of each Pokémon
|rule|OHKO Clause: OHKO moves are banned
|rule|Moody Clause: Moody is banned
|rule|Evasion Moves Clause: Evasion moves are banned
|rule|Endless Battle Clause: Forcing endless battles is banned
|rule|HP Percentage Mod: HP is shown in percentages
|clearpoke
|poke|p1|Flygon, F, shiny|item
|poke|p1|Aurorus, M, shiny|item
|poke|p1|Ambipom, M, shiny|item
|poke|p1|Cryogonal, shiny|item
|poke|p1|Glalie, M, shiny|item
|poke|p1|Cinccino, M|item
|poke|p2|Alomomola, M|item
|poke|p2|Registeel, shiny|item
|poke|p2|Flygon, F|item
|poke|p2|Braviary, M|item
|poke|p2|Granbull, M|item
|poke|p2|Drapion, F, shiny|item
|rule|Swagger Clause: Swagger is banned
|rule|Baton Pass Clause: Limit one Baton Passer, can't pass Spe and other stats simultaneously
|teampreview
|j|Stats Bot
|l|Stats Bot
|j|DoneDeal
|c|★WashingtonWailords|have fun
|c| DoneDeal|heyyy washington
|c|★WashingtonWailords|heyyo
|choice|team 3, team 2, team 1, team 4, team 5, team 6|team 2, team 1, team 3, team 4, team 5, team 6
|
|start
|switch|p1a: Ambipom|Ambipom, M, shiny|291\/291
|switch|p2a: Registeel|Registeel, shiny|364\/364
|turn|1
|c| DoneDeal|lets do it!!!
|c| DoneDeal|u got this
|choice|move fakeout|move thunderwave
|
|move|p1a: Ambipom|Fake Out|p2a: Registeel
|-resisted|p2a: Registeel
|-damage|p2a: Registeel|325\/364
|-damage|p1a: Ambipom|262\/291|[from] item: Life Orb
|cant|p2a: Registeel|flinch
|
|-heal|p2a: Registeel|347\/364|[from] item: Leftovers
|upkeep
|turn|2
|j|aegislashnotbroken
|c|★WashingtonWailords|rip no I dont
|choice|move brickbreak|move thunderwave
|
|move|p1a: Ambipom|Brick Break|p2a: Registeel
|-supereffective|p2a: Registeel
|-damage|p2a: Registeel|209\/364
|-damage|p1a: Ambipom|233\/291|[from] item: Life Orb
|move|p2a: Registeel|Thunder Wave|p1a: Ambipom
|-status|p1a: Ambipom|par
|
|-heal|p2a: Registeel|231\/364|[from] item: Leftovers
|upkeep
|turn|3
|c| DoneDeal|yes u do
|choice|switch 3|move stealthrock
|
|switch|p1a: Goggles|Flygon, F, shiny|301\/301
|move|p2a: Registeel|Stealth Rock|p1a: Goggles
|-sidestart|p1: WashingtonWailords|move: Stealth Rock
|
|-heal|p2a: Registeel|253\/364|[from] item: Leftovers
|upkeep
|turn|4
|c|★WashingtonWailords|rip
|choice|move earthquake|switch 4
|
|switch|p2a: Braviary|Braviary, M|404\/404
|move|p1a: Goggles|Earthquake|p2a: Braviary
|-immune|p2a: Braviary|[msg]
|
|upkeep
|turn|5
|c|★WashingtonWailords|I have choice band instead of LO
|c|★WashingtonWailords|I thought I changed that
|choice|switch 3|move substitute
|
|switch|p1a: Ambipom|Ambipom, M, shiny|233\/291 par
|-damage|p1a: Ambipom|197\/291 par|[from] Stealth Rock
|move|p2a: Braviary|Substitute|p2a: Braviary
|-start|p2a: Braviary|Substitute
|-damage|p2a: Braviary|303\/404
|
|-heal|p2a: Braviary|328\/404|[from] item: Leftovers
|upkeep
|turn|6
|choice|move fakeout|move bulkup
|
|cant|p1a: Ambipom|par
|move|p2a: Braviary|Bulk Up|p2a: Braviary
|-boost|p2a: Braviary|atk|1
|-boost|p2a: Braviary|def|1
|
|-heal|p2a: Braviary|353\/404|[from] item: Leftovers
|upkeep
|turn|7
|c| DoneDeal|oh
|c| DoneDeal|...
|choice|move return|move bulkup
|
|move|p2a: Braviary|Bulk Up|p2a: Braviary
|-boost|p2a: Braviary|atk|1
|-boost|p2a: Braviary|def|1
|move|p1a: Ambipom|Return|p2a: Braviary
|-end|p2a: Braviary|Substitute
|-damage|p1a: Ambipom|168\/291 par|[from] item: Life Orb
|
|-heal|p2a: Braviary|378\/404|[from] item: Leftovers
|upkeep
|turn|8
|c| DoneDeal|RIP
|choice|move knockoff|move bravebird
|
|move|p2a: Braviary|Brave Bird|p1a: Ambipom
|-crit|p1a: Ambipom
|-damage|p1a: Ambipom|0 fnt
|-damage|p2a: Braviary|323\/404|[from] recoil|[of] p1a: Ambipom
|faint|p1a: Ambipom
|
|-heal|p2a: Braviary|348\/404|[from] item: Leftovers
|upkeep
|c|★WashingtonWailords|ikr
|choice|switch 4|
|
|switch|p1a: Optimus Prime|Cryogonal, shiny|281\/281
|-damage|p1a: Optimus Prime|211\/281|[from] Stealth Rock
|turn|9
|choice|move freezedry|move bravebird
|
|move|p1a: Optimus Prime|Freeze-Dry|p2a: Braviary
|-supereffective|p2a: Braviary
|-damage|p2a: Braviary|150\/404
|move|p2a: Braviary|Brave Bird|p1a: Optimus Prime
|-damage|p1a: Optimus Prime|0 fnt
|-damage|p2a: Braviary|80\/404|[from] recoil|[of] p1a: Optimus Prime
|faint|p1a: Optimus Prime
|
|-heal|p2a: Braviary|105\/404|[from] item: Leftovers
|upkeep
|choice|switch 5|
|
|switch|p1a: Ball of Ice|Glalie, M, shiny|301\/301
|-damage|p1a: Ball of Ice|226\/301|[from] Stealth Rock
|turn|10
|choice|move frustration mega|move roost
|
|detailschange|p1a: Ball of Ice|Glalie-Mega, M, shiny
|-mega|p1a: Ball of Ice|Glalie|Glalitite
|move|p1a: Ball of Ice|Frustration|p2a: Braviary
|-supereffective|p2a: Braviary
|-damage|p2a: Braviary|0 fnt
|faint|p2a: Braviary
|
|upkeep
|c|★WashingtonWailords|cant get 6-0d
|choice||switch 4
|
|switch|p2a: Registeel|Registeel, shiny|253\/364
|turn|11
|choice|move earthquake|move thunderwave
|
|move|p1a: Ball of Ice|Earthquake|p2a: Registeel
|-supereffective|p2a: Registeel
|-damage|p2a: Registeel|107\/364
|move|p2a: Registeel|Thunder Wave|p1a: Ball of Ice
|-status|p1a: Ball of Ice|par
|
|-heal|p2a: Registeel|129\/364|[from] item: Leftovers
|upkeep
|turn|12
|c| DoneDeal|no
|choice|move earthquake|switch 2
|
|switch|p2a: Alomomola|Alomomola, M|497\/497
|move|p1a: Ball of Ice|Earthquake|p2a: Alomomola
|-damage|p2a: Alomomola|400\/497
|
|-heal|p2a: Alomomola|431\/497|[from] item: Leftovers
|upkeep
|turn|13
|choice|move freezedry|move wish
|
|move|p2a: Alomomola|Wish|p2a: Alomomola
|cant|p1a: Ball of Ice|par
|
|-heal|p2a: Alomomola|462\/497|[from] item: Leftovers
|upkeep
|turn|14
|c| DoneDeal|oh damn
|c|★WashingtonWailords|rip
|choice|move freezedry|switch 2
|
|switch|p2a: Registeel|Registeel, shiny|129\/364
|move|p1a: Ball of Ice|Freeze-Dry|p2a: Registeel
|-resisted|p2a: Registeel
|-damage|p2a: Registeel|102\/364
|
|-heal|p2a: Registeel|350\/364|[from] move: Wish|[wisher] Alomomola
|-heal|p2a: Registeel|364\/364|[from] item: Leftovers
|upkeep
|turn|15
|choice|move earthquake|move seismictoss
|
|move|p2a: Registeel|Seismic Toss|p1a: Ball of Ice
|-damage|p1a: Ball of Ice|126\/301 par
|move|p1a: Ball of Ice|Earthquake|p2a: Registeel
|-supereffective|p2a: Registeel
|-damage|p2a: Registeel|216\/364
|
|-heal|p2a: Registeel|238\/364|[from] item: Leftovers
|upkeep
|turn|16
|choice|move earthquake|move seismictoss
|
|move|p2a: Registeel|Seismic Toss|p1a: Ball of Ice
|-damage|p1a: Ball of Ice|26\/301 par
|move|p1a: Ball of Ice|Earthquake|p2a: Registeel
|-supereffective|p2a: Registeel
|-damage|p2a: Registeel|76\/364
|
|-heal|p2a: Registeel|98\/364|[from] item: Leftovers
|upkeep
|turn|17
|choice|move earthquake|switch 2
|
|switch|p2a: Alomomola|Alomomola, M|497\/497
|move|p1a: Ball of Ice|Earthquake|p2a: Alomomola
|-damage|p2a: Alomomola|398\/497
|
|-heal|p2a: Alomomola|429\/497|[from] item: Leftovers
|upkeep
|turn|18
|c| DoneDeal|nooooo
|c|★WashingtonWailords|its literally the RU version of chansey
|choice|move earthquake|move wish
|
|move|p2a: Alomomola|Wish|p2a: Alomomola
|move|p1a: Ball of Ice|Earthquake|p2a: Alomomola
|-damage|p2a: Alomomola|333\/497
|
|-heal|p2a: Alomomola|364\/497|[from] item: Leftovers
|upkeep
|turn|19
|choice|move earthquake|switch 6
|
|switch|p2a: Drapion|Drapion, F, shiny|281\/281
|move|p1a: Ball of Ice|Earthquake|p2a: Drapion
|-supereffective|p2a: Drapion
|-crit|p2a: Drapion
|-damage|p2a: Drapion|0 fnt
|faint|p2a: Drapion
|
|upkeep
|choice||switch 3
|
|switch|p2a: Flygon|Flygon, F|330\/330
|turn|20
|c|★WashingtonWailords|lol gotem
|choice|move iceshard|move dragonclaw
|
|move|p1a: Ball of Ice|Ice Shard|p2a: Flygon
|-supereffective|p2a: Flygon
|-damage|p2a: Flygon|6\/330
|move|p2a: Flygon|Dragon Claw|p1a: Ball of Ice
|-damage|p1a: Ball of Ice|0 fnt
|faint|p1a: Ball of Ice
|
|-heal|p2a: Flygon|26\/330|[from] item: Leftovers
|upkeep
|c| DoneDeal|yes
|choice|switch 6|
|
|switch|p1a: Mickey|Cinccino, M|292\/292
|-damage|p1a: Mickey|256\/292|[from] Stealth Rock
|turn|21
|c| DoneDeal|no
|c| DoneDeal|uh
|c| DoneDeal|oh
|choice|move tailslap|move dragonclaw
|
|move|p1a: Mickey|Tail Slap|p2a: Flygon
|-damage|p2a: Flygon|0 fnt
|-hitcount|p2a: Flygon|1
|faint|p2a: Flygon
|
|upkeep
|choice||switch 6
|
|switch|p2a: Alomomola|Alomomola, M|497\/497
|turn|22
|choice|move tailslap|move wish
|
|move|p1a: Mickey|Tail Slap|p2a: Alomomola
|-damage|p2a: Alomomola|446\/497
|-damage|p2a: Alomomola|400\/497
|-crit|p2a: Alomomola
|-damage|p2a: Alomomola|321\/497
|-damage|p2a: Alomomola|267\/497
|-damage|p2a: Alomomola|215\/497
|-hitcount|p2a: Alomomola|5
|move|p2a: Alomomola|Wish|p2a: Alomomola
|
|-heal|p2a: Alomomola|246\/497|[from] item: Leftovers
|upkeep
|turn|23
|choice|move tailslap|switch 2
|
|switch|p2a: Registeel|Registeel, shiny|98\/364
|move|p1a: Mickey|Tail Slap|p2a: Registeel
|-resisted|p2a: Registeel
|-damage|p2a: Registeel|80\/364
|-resisted|p2a: Registeel
|-damage|p2a: Registeel|61\/364
|-resisted|p2a: Registeel
|-damage|p2a: Registeel|41\/364
|-resisted|p2a: Registeel
|-damage|p2a: Registeel|23\/364
|-resisted|p2a: Registeel
|-damage|p2a: Registeel|4\/364
|-hitcount|p2a: Registeel|5
|
|-heal|p2a: Registeel|252\/364|[from] move: Wish|[wisher] Alomomola
|-heal|p2a: Registeel|274\/364|[from] item: Leftovers
|upkeep
|turn|24
|c|★WashingtonWailords|rip
|c| DoneDeal|rip
|c|★WashingtonWailords|sooo close
|c|★WashingtonWailords|2%
|c| DoneDeal|NOOOO
|choice|switch 3|move thunderwave
|
|switch|p1a: Goggles|Flygon, F, shiny|301\/301
|-damage|p1a: Goggles|283\/301|[from] Stealth Rock
|move|p2a: Registeel|Thunder Wave|p1a: Goggles
|-immune|p1a: Goggles|[msg]
|
|-heal|p2a: Registeel|296\/364|[from] item: Leftovers
|upkeep
|turn|25
|choice|move earthquake|move toxic
|
|move|p1a: Goggles|Earthquake|p2a: Registeel
|-supereffective|p2a: Registeel
|-damage|p2a: Registeel|0 fnt
|faint|p2a: Registeel
|
|upkeep
|choice||switch 5
|
|switch|p2a: Granbull|Granbull, M|384\/384
|-ability|p2a: Granbull|Intimidate|boost
|-unboost|p1a: Goggles|atk|1
|turn|26
|choice|switch 2|move playrough
|
|switch|p1a: Dinasaur|Aurorus, M, shiny|450\/450
|-damage|p1a: Dinasaur|338\/450|[from] Stealth Rock
|-weather|Hail|[from] ability: Snow Warning|[of] p1a: Dinasaur
|move|p2a: Granbull|Play Rough|p1a: Dinasaur
|-damage|p1a: Dinasaur|182\/450
|
|-weather|Hail|[upkeep]
|-damage|p2a: Granbull|360\/384|[from] hail
|-heal|p2a: Granbull|384\/384|[from] item: Leftovers
|upkeep
|turn|27
|choice|move icebeam|move earthquake
|
|move|p1a: Dinasaur|Ice Beam|p2a: Granbull
|-damage|p2a: Granbull|183\/384
|move|p2a: Granbull|Earthquake|p1a: Dinasaur
|-supereffective|p1a: Dinasaur
|-damage|p1a: Dinasaur|0 fnt
|faint|p1a: Dinasaur
|
|-weather|Hail|[upkeep]
|-damage|p2a: Granbull|159\/384|[from] hail
|-heal|p2a: Granbull|183\/384|[from] item: Leftovers
|upkeep
|choice|switch 3|
|
|switch|p1a: Mickey|Cinccino, M|256\/292
|-damage|p1a: Mickey|220\/292|[from] Stealth Rock
|turn|28
|choice|move bulletseed|move playrough
|
|move|p1a: Mickey|Bullet Seed|p2a: Granbull
|-damage|p2a: Granbull|148\/384
|-damage|p2a: Granbull|114\/384
|-damage|p2a: Granbull|80\/384
|-crit|p2a: Granbull
|-damage|p2a: Granbull|33\/384
|-crit|p2a: Granbull
|-damage|p2a: Granbull|0 fnt
|-hitcount|p2a: Granbull|5
|faint|p2a: Granbull
|
|-weather|Hail|[upkeep]
|-damage|p1a: Mickey|202\/292|[from] hail
|upkeep
|c| DoneDeal|YES
|c| DoneDeal|ULTIMATE
|choice||switch 2
|
|switch|p2a: Alomomola|Alomomola, M|411\/497
|turn|29
|c| DoneDeal|COMEBACK
|c|★WashingtonWailords|ayy
|choice|move bulletseed|move protect
|
|move|p2a: Alomomola|Protect|p2a: Alomomola
|-singleturn|p2a: Alomomola|Protect
|move|p1a: Mickey|Bullet Seed|p2a: Alomomola
|-activate|p2a: Alomomola|move: Protect
|
|-weather|Hail|[upkeep]
|-damage|p1a: Mickey|184\/292|[from] hail
|-damage|p2a: Alomomola|380\/497|[from] hail
|-heal|p2a: Alomomola|411\/497|[from] item: Leftovers
|upkeep
|turn|30
|choice|move bulletseed|move knockoff
|
|move|p1a: Mickey|Bullet Seed|p2a: Alomomola
|-supereffective|p2a: Alomomola
|-damage|p2a: Alomomola|347\/497
|-supereffective|p2a: Alomomola
|-damage|p2a: Alomomola|283\/497
|-supereffective|p2a: Alomomola
|-damage|p2a: Alomomola|219\/497
|-supereffective|p2a: Alomomola
|-damage|p2a: Alomomola|149\/497
|-supereffective|p2a: Alomomola
|-damage|p2a: Alomomola|79\/497
|-hitcount|p2a: Alomomola|5
|move|p2a: Alomomola|Knock Off|p1a: Mickey
|-damage|p1a: Mickey|98\/292
|-enditem|p1a: Mickey|Choice Band|[from] move: Knock Off|[of] p2a: Alomomola
|
|-weather|Hail|[upkeep]
|-damage|p1a: Mickey|80\/292|[from] hail
|-damage|p2a: Alomomola|48\/497|[from] hail
|-heal|p2a: Alomomola|79\/497|[from] item: Leftovers
|upkeep
|turn|31
|-message|FuwaFuwaNeko♥ forfeited.
|
|win|WashingtonWailords
|player|p1
|player|p2
|l|FuwaFuwaNeko♥
|c|★WashingtonWailords|yay
|c| DoneDeal|yayayayay</script>
</div>
<div class="battle-log battle-log-inline"><div class="inner"><div class="battle-options"></div><div class="inner"><div class="chat"><small>WashingtonWailords joined.</small></div><div class="chat"><small>FuwaFuwaNeko♥ joined.</small></div><div class=""><small>Format:</small> <br><strong>RU</strong></div><div class=""><small><em>Sleep Clause Mod:</em> Limit one foe put to sleep</small></div><div class=""><small><em>Species Clause:</em> Limit one of each Pokémon</small></div><div class=""><small><em>OHKO Clause:</em> OHKO moves are banned</small></div><div class=""><small><em>Moody Clause:</em> Moody is banned</small></div><div class=""><small><em>Evasion Moves Clause:</em> Evasion moves are banned</small></div><div class=""><small><em>Endless Battle Clause:</em> Forcing endless battles is banned</small></div><div class=""><small><em>HP Percentage Mod:</em> HP is shown in percentages</small></div><div class=""><small><em>Swagger Clause:</em> Swagger is banned</small></div><div class=""><small><em>Baton Pass Clause:</em> Limit one Baton Passer, can't pass Spe and other stats simultaneously</small></div><div class="chat battle-history"><strong>WashingtonWailords's team:</strong> <em style="color:#445566;display:block;">Flygon / Aurorus / Ambipom / Cryogonal / Glalie / Cinccino</em></div><div class="chat battle-history"><strong>FuwaFuwaNeko♥'s team:</strong> <em style="color:#445566;display:block;">Alomomola / Registeel / Flygon / Braviary / Granbull / Drapion</em></div><div class="chat"><small>Stats Bot joined.</small></div><div class="chat"><small>Stats Bot left.</small></div><div class="chat"><small>DoneDeal joined.</small></div><div class="chat chatmessage-washingtonwailords"><strong style="color:hsl(140,80%,35.19083295170371%)"><small>★</small><span class="username" data-name="WashingtonWailords">WashingtonWailords</span>:</strong> <em>have fun</em></div><div class="chat chatmessage-donedeal"><strong style="color:hsl(198,79%,46%)"><small> </small><span class="username" data-name="DoneDeal">DoneDeal</span>:</strong> <em>heyyy washington</em></div><div class="chat chatmessage-washingtonwailords"><strong style="color:hsl(140,80%,35.19083295170371%)"><small>★</small><span class="username" data-name="WashingtonWailords">WashingtonWailords</span>:</strong> <em>heyyo</em></div><div class="spacer battle-history"><br></div><div class="battle-history">Battle started between WashingtonWailords and FuwaFuwaNeko♥!<br></div><div class="spacer battle-history"><br></div><div class="battle-history">Go! <strong>Ambipom</strong>!<br></div><div class="spacer battle-history"><br></div><div class="battle-history">FuwaFuwaNeko♥ sent out <strong>Registeel</strong>!<br></div><div class="spacer battle-history"><br></div><h2 class="battle-history">Turn 1</h2><div class="chat chatmessage-donedeal"><strong style="color:hsl(198,79%,46%)"><small> </small><span class="username" data-name="DoneDeal">DoneDeal</span>:</strong> <em>lets do it!!!</em></div><div class="chat chatmessage-donedeal"><strong style="color:hsl(198,79%,46%)"><small> </small><span class="username" data-name="DoneDeal">DoneDeal</span>:</strong> <em>u got this</em></div><div class="spacer battle-history"><br></div><div class="battle-history">Ambipom used <strong>Fake Out</strong>!<br></div><div class="battle-history"><small>It's not very effective...</small><br></div><div class="battle-history"><small>(The opposing Registeel lost <abbr title="−39/364">10.7%</abbr> of its health!)</small><br></div><div class="battle-history"><small>Ambipom lost some of its HP!</small><br></div><div class="spacer battle-history"><br></div><div class="battle-history">The opposing Registeel flinched and couldn't move!<br></div><div class="spacer battle-history"><br></div><div class="battle-history"><small>The opposing Registeel restored a little HP using its Leftovers!</small><br></div><div class="spacer battle-history"><br></div><h2 class="battle-history">Turn 2</h2><div class="chat"><small>aegislashnotbroken joined.</small></div><div class="chat chatmessage-washingtonwailords"><strong style="color:hsl(140,80%,35.19083295170371%)"><small>★</small><span class="username" data-name="WashingtonWailords">WashingtonWailords</span>:</strong> <em>rip no I dont</em></div><div class="spacer battle-history"><br></div><div class="battle-history">Ambipom used <strong>Brick Break</strong>!<br></div><div class="battle-history"><small>It's super effective!</small><br></div><div class="battle-history"><small>(The opposing Registeel lost <abbr title="−138/364">37.9%</abbr> of its health!)</small><br></div><div class="battle-history"><small>Ambipom lost some of its HP!</small><br></div><div class="spacer battle-history"><br></div><div class="battle-history">The opposing Registeel used <strong>Thunder Wave</strong>!<br></div><div class="battle-history"><small>Ambipom is paralyzed! It may be unable to move!</small><br></div><div class="spacer battle-history"><br></div><div class="battle-history"><small>The opposing Registeel restored a little HP using its Leftovers!</small><br></div><div class="spacer battle-history"><br></div><h2 class="battle-history">Turn 3</h2><div class="chat chatmessage-donedeal"><strong style="color:hsl(198,79%,46%)"><small> </small><span class="username" data-name="DoneDeal">DoneDeal</span>:</strong> <em>yes u do</em></div><div class="spacer battle-history"><br></div><div class="battle-history">Ambipom, come back!<br></div><div class="battle-history">Go! Goggles (<strong>Flygon</strong>)!<br></div><div class="spacer battle-history"><br></div><div class="battle-history">The opposing Registeel used <strong>Stealth Rock</strong>!<br></div><div class="battle-history"><small>Pointed stones float in the air around your team!</small><br></div><div class="spacer battle-history"><br></div><div class="battle-history"><small>The opposing Registeel restored a little HP using its Leftovers!</small><br></div><div class="spacer battle-history"><br></div><h2 class="battle-history">Turn 4</h2><div class="chat chatmessage-washingtonwailords"><strong style="color:hsl(140,80%,35.19083295170371%)"><small>★</small><span class="username" data-name="WashingtonWailords">WashingtonWailords</span>:</strong> <em>rip</em></div><div class="spacer battle-history"><br></div><div class="battle-history">FuwaFuwaNeko♥ withdrew Registeel!<br></div><div class="battle-history">FuwaFuwaNeko♥ sent out <strong>Braviary</strong>!<br></div><div class="spacer battle-history"><br></div><div class="battle-history">Goggles used <strong>Earthquake</strong>!<br></div><div class="battle-history"><small>It doesn't affect the opposing Braviary...</small><br></div><div class="spacer battle-history"><br></div><h2 class="battle-history">Turn 5</h2><div class="chat chatmessage-washingtonwailords"><strong style="color:hsl(140,80%,35.19083295170371%)"><small>★</small><span class="username" data-name="WashingtonWailords">WashingtonWailords</span>:</strong> <em>I have choice band instead of LO</em></div><div class="chat chatmessage-washingtonwailords"><strong style="color:hsl(140,80%,35.19083295170371%)"><small>★</small><span class="username" data-name="WashingtonWailords">WashingtonWailords</span>:</strong> <em>I thought I changed that</em></div><div class="spacer battle-history"><br></div><div class="battle-history">Goggles, come back!<br></div><div class="battle-history">Go! <strong>Ambipom</strong>!<br></div><div class="battle-history"><small>Pointed stones dug into Ambipom!</small><br></div><div class="spacer battle-history"><br></div><div class="battle-history">The opposing Braviary used <strong>Substitute</strong>!<br></div><div class="battle-history"><small>The opposing Braviary put in a substitute!</small><br></div><div class="battle-history"><small>(The opposing Braviary lost <abbr title="−101/404">25%</abbr> of its health!)</small><br></div><div class="spacer battle-history"><br></div><div class="battle-history"><small>The opposing Braviary restored a little HP using its Leftovers!</small><br></div><div class="spacer battle-history"><br></div><h2 class="battle-history">Turn 6</h2><div class="spacer battle-history"><br></div><div class="battle-history">Ambipom is paralyzed! It can't move!<br></div><div class="spacer battle-history"><br></div><div class="battle-history">The opposing Braviary used <strong>Bulk Up</strong>!<br></div><div class="battle-history"><small>The opposing Braviary's Attack rose!</small><br></div><div class="battle-history"><small>The opposing Braviary's Defense rose!</small><br></div><div class="spacer battle-history"><br></div><div class="battle-history"><small>The opposing Braviary restored a little HP using its Leftovers!</small><br></div><div class="spacer battle-history"><br></div><h2 class="battle-history">Turn 7</h2><div class="chat chatmessage-donedeal"><strong style="color:hsl(198,79%,46%)"><small> </small><span class="username" data-name="DoneDeal">DoneDeal</span>:</strong> <em>oh</em></div><div class="chat chatmessage-donedeal"><strong style="color:hsl(198,79%,46%)"><small> </small><span class="username" data-name="DoneDeal">DoneDeal</span>:</strong> <em>...</em></div><div class="spacer battle-history"><br></div><div class="battle-history">The opposing Braviary used <strong>Bulk Up</strong>!<br></div><div class="battle-history"><small>The opposing Braviary's Attack rose!</small><br></div><div class="battle-history"><small>The opposing Braviary's Defense rose!</small><br></div><div class="spacer battle-history"><br></div><div class="battle-history">Ambipom used <strong>Return</strong>!<br></div><div class="battle-history"><small>The opposing Braviary's substitute faded!</small><br></div><div class="battle-history"><small>Ambipom lost some of its HP!</small><br></div><div class="spacer battle-history"><br></div><div class="battle-history"><small>The opposing Braviary restored a little HP using its Leftovers!</small><br></div><div class="spacer battle-history"><br></div><h2 class="battle-history">Turn 8</h2><div class="chat chatmessage-donedeal"><strong style="color:hsl(198,79%,46%)"><small> </small><span class="username" data-name="DoneDeal">DoneDeal</span>:</strong> <em>RIP</em></div><div class="spacer battle-history"><br></div><div class="battle-history">The opposing Braviary used <strong>Brave Bird</strong>!<br></div><div class="battle-history"><small>A critical hit!</small><br></div><div class="battle-history"><small>(Ambipom lost <abbr title="−168/291">57.7%</abbr> of its health!)</small><br></div><div class="battle-history"><small>The opposing Braviary is damaged by the recoil!</small><br></div><div class="spacer battle-history"><br></div><div class="battle-history">Ambipom fainted!<br></div><div class="spacer battle-history"><br></div><div class="battle-history"><small>The opposing Braviary restored a little HP using its Leftovers!</small><br></div><div class="chat chatmessage-washingtonwailords"><strong style="color:hsl(140,80%,35.19083295170371%)"><small>★</small><span class="username" data-name="WashingtonWailords">WashingtonWailords</span>:</strong> <em>ikr</em></div><div class="spacer battle-history"><br></div><div class="battle-history">Go! Optimus Prime (<strong>Cryogonal</strong>)!<br></div><div class="battle-history"><small>Pointed stones dug into Optimus Prime!</small><br></div><div class="spacer battle-history"><br></div><h2 class="battle-history">Turn 9</h2><div class="spacer battle-history"><br></div><div class="battle-history">Optimus Prime used <strong>Freeze-Dry</strong>!<br></div><div class="battle-history"><small>It's super effective!</small><br></div><div class="battle-history"><small>(The opposing Braviary lost <abbr title="−198/404">49.0%</abbr> of its health!)</small><br></div><div class="spacer battle-history"><br></div><div class="battle-history">The opposing Braviary used <strong>Brave Bird</strong>!<br></div><div class="battle-history"><small>(Optimus Prime lost <abbr title="−211/281">75.1%</abbr> of its health!)</small><br></div><div class="battle-history"><small>The opposing Braviary is damaged by the recoil!</small><br></div><div class="spacer battle-history"><br></div><div class="battle-history">Optimus Prime fainted!<br></div><div class="spacer battle-history"><br></div><div class="battle-history"><small>The opposing Braviary restored a little HP using its Leftovers!</small><br></div><div class="spacer battle-history"><br></div><div class="battle-history">Go! Ball of Ice (<strong>Glalie</strong>)!<br></div><div class="battle-history"><small>Pointed stones dug into Ball of Ice!</small><br></div><div class="spacer battle-history"><br></div><h2 class="battle-history">Turn 10</h2><div class="spacer battle-history"><br></div><div class="battle-history"><small>Ball of Ice's Glalitite is reacting to WashingtonWailords's Mega Bracelet!</small><br>Ball of Ice has Mega Evolved into Mega Glalie!<br></div><div class="spacer battle-history"><br></div><div class="battle-history">Ball of Ice used <strong>Frustration</strong>!<br></div><div class="battle-history"><small>It's super effective!</small><br></div><div class="battle-history"><small>(The opposing Braviary lost <abbr title="−105/404">26.0%</abbr> of its health!)</small><br></div><div class="spacer battle-history"><br></div><div class="battle-history">The opposing Braviary fainted!<br></div><div class="chat chatmessage-washingtonwailords"><strong style="color:hsl(140,80%,35.19083295170371%)"><small>★</small><span class="username" data-name="WashingtonWailords">WashingtonWailords</span>:</strong> <em>cant get 6-0d</em></div><div class="spacer battle-history"><br></div><div class="battle-history">FuwaFuwaNeko♥ sent out <strong>Registeel</strong>!<br></div><div class="spacer battle-history"><br></div><h2 class="battle-history">Turn 11</h2><div class="spacer battle-history"><br></div><div class="battle-history">Ball of Ice used <strong>Earthquake</strong>!<br></div><div class="battle-history"><small>It's super effective!</small><br></div><div class="battle-history"><small>(The opposing Registeel lost <abbr title="−146/364">40.1%</abbr> of its health!)</small><br></div><div class="spacer battle-history"><br></div><div class="battle-history">The opposing Registeel used <strong>Thunder Wave</strong>!<br></div><div class="battle-history"><small>Ball of Ice is paralyzed! It may be unable to move!</small><br></div><div class="spacer battle-history"><br></div><div class="battle-history"><small>The opposing Registeel restored a little HP using its Leftovers!</small><br></div><div class="spacer battle-history"><br></div><h2 class="battle-history">Turn 12</h2><div class="chat chatmessage-donedeal"><strong style="color:hsl(198,79%,46%)"><small> </small><span class="username" data-name="DoneDeal">DoneDeal</span>:</strong> <em>no</em></div><div class="spacer battle-history"><br></div><div class="battle-history">FuwaFuwaNeko♥ withdrew Registeel!<br></div><div class="battle-history">FuwaFuwaNeko♥ sent out <strong>Alomomola</strong>!<br></div><div class="spacer battle-history"><br></div><div class="battle-history">Ball of Ice used <strong>Earthquake</strong>!<br></div><div class="battle-history"><small>(The opposing Alomomola lost <abbr title="−97/497">19.5%</abbr> of its health!)</small><br></div><div class="spacer battle-history"><br></div><div class="battle-history"><small>The opposing Alomomola restored a little HP using its Leftovers!</small><br></div><div class="spacer battle-history"><br></div><h2 class="battle-history">Turn 13</h2><div class="spacer battle-history"><br></div><div class="battle-history">The opposing Alomomola used <strong>Wish</strong>!<br></div><div class="spacer battle-history"><br></div><div class="battle-history">Ball of Ice is paralyzed! It can't move!<br></div><div class="spacer battle-history"><br></div><div class="battle-history"><small>The opposing Alomomola restored a little HP using its Leftovers!</small><br></div><div class="spacer battle-history"><br></div><h2 class="battle-history">Turn 14</h2><div class="chat chatmessage-donedeal"><strong style="color:hsl(198,79%,46%)"><small> </small><span class="username" data-name="DoneDeal">DoneDeal</span>:</strong> <em>oh damn</em></div><div class="chat chatmessage-washingtonwailords"><strong style="color:hsl(140,80%,35.19083295170371%)"><small>★</small><span class="username" data-name="WashingtonWailords">WashingtonWailords</span>:</strong> <em>rip</em></div><div class="spacer battle-history"><br></div><div class="battle-history">FuwaFuwaNeko♥ withdrew Alomomola!<br></div><div class="battle-history">FuwaFuwaNeko♥ sent out <strong>Registeel</strong>!<br></div><div class="spacer battle-history"><br></div><div class="battle-history">Ball of Ice used <strong>Freeze-Dry</strong>!<br></div><div class="battle-history"><small>It's not very effective...</small><br></div><div class="battle-history"><small>(The opposing Registeel lost <abbr title="−27/364">7.4%</abbr> of its health!)</small><br></div><div class="spacer battle-history"><br></div><div class="battle-history"><small>Alomomola's wish came true!</small><br></div><div class="battle-history"><small>The opposing Registeel restored a little HP using its Leftovers!</small><br></div><div class="spacer battle-history"><br></div><h2 class="battle-history">Turn 15</h2><div class="spacer battle-history"><br></div><div class="battle-history">The opposing Registeel used <strong>Seismic Toss</strong>!<br></div><div class="battle-history"><small>(Ball of Ice lost <abbr title="−100/301">33.2%</abbr> of its health!)</small><br></div><div class="spacer battle-history"><br></div><div class="battle-history">Ball of Ice used <strong>Earthquake</strong>!<br></div><div class="battle-history"><small>It's super effective!</small><br></div><div class="battle-history"><small>(The opposing Registeel lost <abbr title="−148/364">40.7%</abbr> of its health!)</small><br></div><div class="spacer battle-history"><br></div><div class="battle-history"><small>The opposing Registeel restored a little HP using its Leftovers!</small><br></div><div class="spacer battle-history"><br></div><h2 class="battle-history">Turn 16</h2><div class="spacer battle-history"><br></div><div class="battle-history">The opposing Registeel used <strong>Seismic Toss</strong>!<br></div><div class="battle-history"><small>(Ball of Ice lost <abbr title="−100/301">33.2%</abbr> of its health!)</small><br></div><div class="spacer battle-history"><br></div><div class="battle-history">Ball of Ice used <strong>Earthquake</strong>!<br></div><div class="battle-history"><small>It's super effective!</small><br></div><div class="battle-history"><small>(The opposing Registeel lost <abbr title="−162/364">44.5%</abbr> of its health!)</small><br></div><div class="spacer battle-history"><br></div><div class="battle-history"><small>The opposing Registeel restored a little HP using its Leftovers!</small><br></div><div class="spacer battle-history"><br></div><h2 class="battle-history">Turn 17</h2><div class="spacer battle-history"><br></div><div class="battle-history">FuwaFuwaNeko♥ withdrew Registeel!<br></div><div class="battle-history">FuwaFuwaNeko♥ sent out <strong>Alomomola</strong>!<br></div><div class="spacer battle-history"><br></div><div class="battle-history">Ball of Ice used <strong>Earthquake</strong>!<br></div><div class="battle-history"><small>(The opposing Alomomola lost <abbr title="−99/497">19.9%</abbr> of its health!)</small><br></div><div class="spacer battle-history"><br></div><div class="battle-history"><small>The opposing Alomomola restored a little HP using its Leftovers!</small><br></div><div class="spacer battle-history"><br></div><h2 class="battle-history">Turn 18</h2><div class="chat chatmessage-donedeal"><strong style="color:hsl(198,79%,46%)"><small> </small><span class="username" data-name="DoneDeal">DoneDeal</span>:</strong> <em>nooooo</em></div><div class="chat chatmessage-washingtonwailords"><strong style="color:hsl(140,80%,35.19083295170371%)"><small>★</small><span class="username" data-name="WashingtonWailords">WashingtonWailords</span>:</strong> <em>its literally the RU version of chansey</em></div><div class="spacer battle-history"><br></div><div class="battle-history">The opposing Alomomola used <strong>Wish</strong>!<br></div><div class="spacer battle-history"><br></div><div class="battle-history">Ball of Ice used <strong>Earthquake</strong>!<br></div><div class="battle-history"><small>(The opposing Alomomola lost <abbr title="−96/497">19.3%</abbr> of its health!)</small><br></div><div class="spacer battle-history"><br></div><div class="battle-history"><small>The opposing Alomomola restored a little HP using its Leftovers!</small><br></div><div class="spacer battle-history"><br></div><h2 class="battle-history">Turn 19</h2><div class="spacer battle-history"><br></div><div class="battle-history">FuwaFuwaNeko♥ withdrew Alomomola!<br></div><div class="battle-history">FuwaFuwaNeko♥ sent out <strong>Drapion</strong>!<br></div><div class="spacer battle-history"><br></div><div class="battle-history">Ball of Ice used <strong>Earthquake</strong>!<br></div><div class="battle-history"><small>It's super effective!</small><br></div><div class="battle-history"><small>A critical hit!</small><br></div><div class="battle-history"><small>(The opposing Drapion lost <abbr title="−281/281">100%</abbr> of its health!)</small><br></div><div class="spacer battle-history"><br></div><div class="battle-history">The opposing Drapion fainted!<br></div><div class="spacer battle-history"><br></div><div class="battle-history">FuwaFuwaNeko♥ sent out <strong>Flygon</strong>!<br></div><div class="spacer battle-history"><br></div><h2 class="battle-history">Turn 20</h2><div class="chat chatmessage-washingtonwailords"><strong style="color:hsl(140,80%,35.19083295170371%)"><small>★</small><span class="username" data-name="WashingtonWailords">WashingtonWailords</span>:</strong> <em>lol gotem</em></div><div class="spacer battle-history"><br></div><div class="battle-history">Ball of Ice used <strong>Ice Shard</strong>!<br></div><div class="battle-history"><small>It's super effective!</small><br></div><div class="battle-history"><small>(The opposing Flygon lost <abbr title="−324/330">98.2%</abbr> of its health!)</small><br></div><div class="spacer battle-history"><br></div><div class="battle-history">The opposing Flygon used <strong>Dragon Claw</strong>!<br></div><div class="battle-history"><small>(Ball of Ice lost <abbr title="−26/301">8.6%</abbr> of its health!)</small><br></div><div class="spacer battle-history"><br></div><div class="battle-history">Ball of Ice fainted!<br></div><div class="spacer battle-history"><br></div><div class="battle-history"><small>The opposing Flygon restored a little HP using its Leftovers!</small><br></div><div class="chat chatmessage-donedeal"><strong style="color:hsl(198,79%,46%)"><small> </small><span class="username" data-name="DoneDeal">DoneDeal</span>:</strong> <em>yes</em></div><div class="spacer battle-history"><br></div><div class="battle-history">Go! Mickey (<strong>Cinccino</strong>)!<br></div><div class="battle-history"><small>Pointed stones dug into Mickey!</small><br></div><div class="spacer battle-history"><br></div><h2 class="battle-history">Turn 21</h2><div class="chat chatmessage-donedeal"><strong style="color:hsl(198,79%,46%)"><small> </small><span class="username" data-name="DoneDeal">DoneDeal</span>:</strong> <em>no</em></div><div class="chat chatmessage-donedeal"><strong style="color:hsl(198,79%,46%)"><small> </small><span class="username" data-name="DoneDeal">DoneDeal</span>:</strong> <em>uh</em></div><div class="chat chatmessage-donedeal"><strong style="color:hsl(198,79%,46%)"><small> </small><span class="username" data-name="DoneDeal">DoneDeal</span>:</strong> <em>oh</em></div><div class="spacer battle-history"><br></div><div class="battle-history">Mickey used <strong>Tail Slap</strong>!<br></div><div class="battle-history"><small>(The opposing Flygon lost <abbr title="−26/330">7.9%</abbr> of its health!)</small><br></div><div class="battle-history"><small>Hit 1 time!</small><br></div><div class="spacer battle-history"><br></div><div class="battle-history">The opposing Flygon fainted!<br></div><div class="spacer battle-history"><br></div><div class="battle-history">FuwaFuwaNeko♥ sent out <strong>Alomomola</strong>!<br></div><div class="spacer battle-history"><br></div><h2 class="battle-history">Turn 22</h2><div class="spacer battle-history"><br></div><div class="battle-history">Mickey used <strong>Tail Slap</strong>!<br></div><div class="battle-history"><small>(The opposing Alomomola lost <abbr title="−51/497">10.3%</abbr> of its health!)</small><br></div><div class="battle-history"><small>(The opposing Alomomola lost <abbr title="−46/497">9.3%</abbr> of its health!)</small><br></div><div class="battle-history"><small>A critical hit!</small><br></div><div class="battle-history"><small>(The opposing Alomomola lost <abbr title="−79/497">15.9%</abbr> of its health!)</small><br></div><div class="battle-history"><small>(The opposing Alomomola lost <abbr title="−54/497">10.9%</abbr> of its health!)</small><br></div><div class="battle-history"><small>(The opposing Alomomola lost <abbr title="−52/497">10.5%</abbr> of its health!)</small><br></div><div class="battle-history"><small>Hit 5 times!</small><br></div><div class="spacer battle-history"><br></div><div class="battle-history">The opposing Alomomola used <strong>Wish</strong>!<br></div><div class="spacer battle-history"><br></div><div class="battle-history"><small>The opposing Alomomola restored a little HP using its Leftovers!</small><br></div><div class="spacer battle-history"><br></div><h2 class="battle-history">Turn 23</h2><div class="spacer battle-history"><br></div><div class="battle-history">FuwaFuwaNeko♥ withdrew Alomomola!<br></div><div class="battle-history">FuwaFuwaNeko♥ sent out <strong>Registeel</strong>!<br></div><div class="spacer battle-history"><br></div><div class="battle-history">Mickey used <strong>Tail Slap</strong>!<br></div><div class="battle-history"><small>It's not very effective...</small><br></div><div class="battle-history"><small>(The opposing Registeel lost <abbr title="−18/364">4.9%</abbr> of its health!)</small><br></div><div class="battle-history"><small>It's not very effective...</small><br></div><div class="battle-history"><small>(The opposing Registeel lost <abbr title="−19/364">5.2%</abbr> of its health!)</small><br></div><div class="battle-history"><small>It's not very effective...</small><br></div><div class="battle-history"><small>(The opposing Registeel lost <abbr title="−20/364">5.5%</abbr> of its health!)</small><br></div><div class="battle-history"><small>It's not very effective...</small><br></div><div class="battle-history"><small>(The opposing Registeel lost <abbr title="−18/364">4.9%</abbr> of its health!)</small><br></div><div class="battle-history"><small>It's not very effective...</small><br></div><div class="battle-history"><small>(The opposing Registeel lost <abbr title="−19/364">5.2%</abbr> of its health!)</small><br></div><div class="battle-history"><small>Hit 5 times!</small><br></div><div class="spacer battle-history"><br></div><div class="battle-history"><small>Alomomola's wish came true!</small><br></div><div class="battle-history"><small>The opposing Registeel restored a little HP using its Leftovers!</small><br></div><div class="spacer battle-history"><br></div><h2 class="battle-history">Turn 24</h2><div class="chat chatmessage-washingtonwailords"><strong style="color:hsl(140,80%,35.19083295170371%)"><small>★</small><span class="username" data-name="WashingtonWailords">WashingtonWailords</span>:</strong> <em>rip</em></div><div class="chat chatmessage-donedeal"><strong style="color:hsl(198,79%,46%)"><small> </small><span class="username" data-name="DoneDeal">DoneDeal</span>:</strong> <em>rip</em></div><div class="chat chatmessage-washingtonwailords"><strong style="color:hsl(140,80%,35.19083295170371%)"><small>★</small><span class="username" data-name="WashingtonWailords">WashingtonWailords</span>:</strong> <em>sooo close</em></div><div class="chat chatmessage-washingtonwailords"><strong style="color:hsl(140,80%,35.19083295170371%)"><small>★</small><span class="username" data-name="WashingtonWailords">WashingtonWailords</span>:</strong> <em>2%</em></div><div class="chat chatmessage-donedeal"><strong style="color:hsl(198,79%,46%)"><small> </small><span class="username" data-name="DoneDeal">DoneDeal</span>:</strong> <em>NOOOO</em></div><div class="spacer battle-history"><br></div><div class="battle-history">Mickey, come back!<br></div><div class="battle-history">Go! Goggles (<strong>Flygon</strong>)!<br></div><div class="battle-history"><small>Pointed stones dug into Goggles!</small><br></div><div class="spacer battle-history"><br></div><div class="battle-history">The opposing Registeel used <strong>Thunder Wave</strong>!<br></div><div class="battle-history"><small>It doesn't affect Goggles...</small><br></div><div class="spacer battle-history"><br></div><div class="battle-history"><small>The opposing Registeel restored a little HP using its Leftovers!</small><br></div><div class="spacer battle-history"><br></div><h2 class="battle-history">Turn 25</h2><div class="spacer battle-history"><br></div><div class="battle-history">Goggles used <strong>Earthquake</strong>!<br></div><div class="battle-history"><small>It's super effective!</small><br></div><div class="battle-history"><small>(The opposing Registeel lost <abbr title="−296/364">81.3%</abbr> of its health!)</small><br></div><div class="spacer battle-history"><br></div><div class="battle-history">The opposing Registeel fainted!<br></div><div class="spacer battle-history"><br></div><div class="battle-history">FuwaFuwaNeko♥ sent out <strong>Granbull</strong>!<br></div><div class="battle-history"><small>[The opposing Granbull's Intimidate]</small><br></div><div class="battle-history"><small>Goggles's Attack fell!</small><br></div><div class="spacer battle-history"><br></div><h2 class="battle-history">Turn 26</h2><div class="spacer battle-history"><br></div><div class="battle-history">Goggles, come back!<br></div><div class="battle-history">Go! Dinasaur (<strong>Aurorus</strong>)!<br></div><div class="battle-history"><small>Pointed stones dug into Dinasaur!</small><br></div><div class="battle-history"><small>[Dinasaur's Snow Warning]</small><br><small>It started to hail!</small><br></div><div class="spacer battle-history"><br></div><div class="battle-history">The opposing Granbull used <strong>Play Rough</strong>!<br></div><div class="battle-history"><small>(Dinasaur lost <abbr title="−156/450">34.7%</abbr> of its health!)</small><br></div><div class="spacer battle-history"><br></div><div class="battle-history"><small>The hail is crashing down.</small><br></div><div class="battle-history"><small>The opposing Granbull is buffeted by the hail!</small><br></div><div class="battle-history"><small>The opposing Granbull restored a little HP using its Leftovers!</small><br></div><div class="spacer battle-history"><br></div><h2 class="battle-history">Turn 27</h2><div class="spacer battle-history"><br></div><div class="battle-history">Dinasaur used <strong>Ice Beam</strong>!<br></div><div class="battle-history"><small>(The opposing Granbull lost <abbr title="−201/384">52.3%</abbr> of its health!)</small><br></div><div class="spacer battle-history"><br></div><div class="battle-history">The opposing Granbull used <strong>Earthquake</strong>!<br></div><div class="battle-history"><small>It's super effective!</small><br></div><div class="battle-history"><small>(Dinasaur lost <abbr title="−182/450">40.4%</abbr> of its health!)</small><br></div><div class="spacer battle-history"><br></div><div class="battle-history">Dinasaur fainted!<br></div><div class="spacer battle-history"><br></div><div class="battle-history"><small>The hail is crashing down.</small><br></div><div class="battle-history"><small>The opposing Granbull is buffeted by the hail!</small><br></div><div class="battle-history"><small>The opposing Granbull restored a little HP using its Leftovers!</small><br></div><div class="spacer battle-history"><br></div><div class="battle-history">Go! Mickey (<strong>Cinccino</strong>)!<br></div><div class="battle-history"><small>Pointed stones dug into Mickey!</small><br></div><div class="spacer battle-history"><br></div><h2 class="battle-history">Turn 28</h2><div class="spacer battle-history"><br></div><div class="battle-history">Mickey used <strong>Bullet Seed</strong>!<br></div><div class="battle-history"><small>(The opposing Granbull lost <abbr title="−35/384">9.1%</abbr> of its health!)</small><br></div><div class="battle-history"><small>(The opposing Granbull lost <abbr title="−34/384">8.9%</abbr> of its health!)</small><br></div><div class="battle-history"><small>(The opposing Granbull lost <abbr title="−34/384">8.9%</abbr> of its health!)</small><br></div><div class="battle-history"><small>A critical hit!</small><br></div><div class="battle-history"><small>(The opposing Granbull lost <abbr title="−47/384">12.2%</abbr> of its health!)</small><br></div><div class="battle-history"><small>A critical hit!</small><br></div><div class="battle-history"><small>(The opposing Granbull lost <abbr title="−33/384">8.6%</abbr> of its health!)</small><br></div><div class="battle-history"><small>Hit 5 times!</small><br></div><div class="spacer battle-history"><br></div><div class="battle-history">The opposing Granbull fainted!<br></div><div class="spacer battle-history"><br></div><div class="battle-history"><small>The hail is crashing down.</small><br></div><div class="battle-history"><small>Mickey is buffeted by the hail!</small><br></div><div class="chat chatmessage-donedeal"><strong style="color:hsl(198,79%,46%)"><small> </small><span class="username" data-name="DoneDeal">DoneDeal</span>:</strong> <em>YES</em></div><div class="chat chatmessage-donedeal"><strong style="color:hsl(198,79%,46%)"><small> </small><span class="username" data-name="DoneDeal">DoneDeal</span>:</strong> <em>ULTIMATE</em></div><div class="spacer battle-history"><br></div><div class="battle-history">FuwaFuwaNeko♥ sent out <strong>Alomomola</strong>!<br></div><div class="spacer battle-history"><br></div><h2 class="battle-history">Turn 29</h2><div class="chat chatmessage-donedeal"><strong style="color:hsl(198,79%,46%)"><small> </small><span class="username" data-name="DoneDeal">DoneDeal</span>:</strong> <em>COMEBACK</em></div><div class="chat chatmessage-washingtonwailords"><strong style="color:hsl(140,80%,35.19083295170371%)"><small>★</small><span class="username" data-name="WashingtonWailords">WashingtonWailords</span>:</strong> <em>ayy</em></div><div class="spacer battle-history"><br></div><div class="battle-history">The opposing Alomomola used <strong>Protect</strong>!<br></div><div class="battle-history"><small>The opposing Alomomola protected itself!</small><br></div><div class="spacer battle-history"><br></div><div class="battle-history">Mickey used <strong>Bullet Seed</strong>!<br></div><div class="battle-history"><small>The opposing Alomomola protected itself!</small><br></div><div class="spacer battle-history"><br></div><div class="battle-history"><small>The hail is crashing down.</small><br></div><div class="battle-history"><small>Mickey is buffeted by the hail!</small><br></div><div class="battle-history"><small>The opposing Alomomola is buffeted by the hail!</small><br></div><div class="battle-history"><small>The opposing Alomomola restored a little HP using its Leftovers!</small><br></div><div class="spacer battle-history"><br></div><h2 class="battle-history">Turn 30</h2><div class="spacer battle-history"><br></div><div class="battle-history">Mickey used <strong>Bullet Seed</strong>!<br></div><div class="battle-history"><small>It's super effective!</small><br></div><div class="battle-history"><small>(The opposing Alomomola lost <abbr title="−64/497">12.9%</abbr> of its health!)</small><br></div><div class="battle-history"><small>It's super effective!</small><br></div><div class="battle-history"><small>(The opposing Alomomola lost <abbr title="−64/497">12.9%</abbr> of its health!)</small><br></div><div class="battle-history"><small>It's super effective!</small><br></div><div class="battle-history"><small>(The opposing Alomomola lost <abbr title="−64/497">12.9%</abbr> of its health!)</small><br></div><div class="battle-history"><small>It's super effective!</small><br></div><div class="battle-history"><small>(The opposing Alomomola lost <abbr title="−70/497">14.1%</abbr> of its health!)</small><br></div><div class="battle-history"><small>It's super effective!</small><br></div><div class="battle-history"><small>(The opposing Alomomola lost <abbr title="−70/497">14.1%</abbr> of its health!)</small><br></div><div class="battle-history"><small>Hit 5 times!</small><br></div><div class="spacer battle-history"><br></div><div class="battle-history">The opposing Alomomola used <strong>Knock Off</strong>!<br></div><div class="battle-history"><small>(Mickey lost <abbr title="−86/292">29.5%</abbr> of its health!)</small><br></div><div class="battle-history"><small>The opposing Alomomola knocked off Mickey's Choice Band!</small><br></div><div class="spacer battle-history"><br></div><div class="battle-history"><small>The hail is crashing down.</small><br></div><div class="battle-history"><small>Mickey is buffeted by the hail!</small><br></div><div class="battle-history"><small>The opposing Alomomola is buffeted by the hail!</small><br></div><div class="battle-history"><small>The opposing Alomomola restored a little HP using its Leftovers!</small><br></div><div class="spacer battle-history"><br></div><h2 class="battle-history">Turn 31</h2><div class="spacer battle-history"><br></div><div class="battle-history"><small>FuwaFuwaNeko♥ forfeited.</small><br></div><div class="spacer battle-history"><br></div><div class="battle-history"><strong>WashingtonWailords</strong> won the battle!<br></div><div class="chat"><small>FuwaFuwaNeko♥ left.</small></div><div class="chat chatmessage-washingtonwailords"><strong style="color:hsl(140,80%,35.19083295170371%)"><small>★</small><span class="username" data-name="WashingtonWailords">WashingtonWailords</span>:</strong> <em>yay</em></div><div class="chat chatmessage-donedeal"><strong style="color:hsl(198,79%,46%)"><small> </small><span class="username" data-name="DoneDeal">DoneDeal</span>:</strong> <em>yayayayay</em></div></div><div class="inner-preempt"></div></div></div>
</div>
<script>
let daily = Math.floor(Date.now()/1000/60/60/24);document.write('<script src="https://play.pokemonshowdown.com/js/replay-embed.js?version'+daily+'"></'+'script>');
</script>
