<!DOCTYPE html>
<meta charset="utf-8" />
<!-- version 1 -->
<title>RU replay: FishFlax vs. NaiiXus</title>
<style>
html,body {font-family:Verdana, sans-serif;font-size:10pt;margin:0;padding:0;}body{padding:12px 0;} .battle-log {font-family:Verdana, sans-serif;font-size:10pt;} .battle-log-inline {border:1px solid #AAAAAA;background:#EEF2F5;color:black;max-width:640px;margin:0 auto 80px;padding-bottom:5px;} .battle-log .inner {padding:4px 8px 0px 8px;} .battle-log .inner-preempt {padding:0 8px 4px 8px;} .battle-log .inner-after {margin-top:0.5em;} .battle-log h2 {margin:0.5em -8px;padding:4px 8px;border:1px solid #AAAAAA;background:#E0E7EA;border-left:0;border-right:0;font-family:Verdana, sans-serif;font-size:13pt;} .battle-log .chat {vertical-align:middle;padding:3px 0 3px 0;font-size:8pt;} .battle-log .chat strong {color:#40576A;} .battle-log .chat em {padding:1px 4px 1px 3px;color:#000000;font-style:normal;} .chat.mine {background:rgba(0,0,0,0.05);margin-left:-8px;margin-right:-8px;padding-left:8px;padding-right:8px;} .spoiler {color:#BBBBBB;background:#BBBBBB;padding:0px 3px;} .spoiler:hover, .spoiler:active, .spoiler-shown {color:#000000;background:#E2E2E2;padding:0px 3px;} .spoiler a {color:#BBBBBB;} .spoiler:hover a, .spoiler:active a, .spoiler-shown a {color:#2288CC;} .chat code, .chat .spoiler:hover code, .chat .spoiler:active code, .chat .spoiler-shown code {border:1px solid #C0C0C0;background:#EEEEEE;color:black;padding:0 2px;} .chat .spoiler code {border:1px solid #CCCCCC;background:#CCCCCC;color:#CCCCCC;} .battle-log .rated {padding:3px 4px;} .battle-log .rated strong {color:white;background:#89A;padding:1px 4px;border-radius:4px;} .spacer {margin-top:0.5em;} .message-announce {background:#6688AA;color:white;padding:1px 4px 2px;} .message-announce a, .broadcast-green a, .broadcast-blue a, .broadcast-red a {color:#DDEEFF;} .broadcast-green {background-color:#559955;color:white;padding:2px 4px;} .broadcast-blue {background-color:#6688AA;color:white;padding:2px 4px;} .infobox {border:1px solid #6688AA;padding:2px 4px;} .infobox-limited {max-height:200px;overflow:auto;overflow-x:hidden;} .broadcast-red {background-color:#AA5544;color:white;padding:2px 4px;} .message-learn-canlearn {font-weight:bold;color:#228822;text-decoration:underline;} .message-learn-cannotlearn {font-weight:bold;color:#CC2222;text-decoration:underline;} .message-effect-weak {font-weight:bold;color:#CC2222;} .message-effect-resist {font-weight:bold;color:#6688AA;} .message-effect-immune {font-weight:bold;color:#666666;} .message-learn-list {margin-top:0;margin-bottom:0;} .message-throttle-notice, .message-error {color:#992222;} .message-overflow, .chat small.message-overflow {font-size:0pt;} .message-overflow::before {font-size:9pt;content:'...';} .subtle {color:#3A4A66;}
</style>
<div class="wrapper replay-wrapper" style="max-width:1180px;margin:0 auto">
<input type="hidden" name="replayid" value="ru-496535458" />
<div class="battle"></div><div class="battle-log"></div><div class="replay-controls"></div><div class="replay-controls-2"></div>
<h1 style="font-weight:normal;text-align:center"><strong>RU</strong><br /><a href="http://pokemonshowdown.com/users/fishflax" class="subtle" target="_blank">FishFlax</a> vs. <a href="http://pokemonshowdown.com/users/naiixus" class="subtle" target="_blank">NaiiXus</a></h1>
<script type="text/plain" class="battle-log-data">|j|FishFlax
|j|NaiiXus
|player|p1|FishFlax|29
|player|p2|NaiiXus|96
|gametype|singles
|gen|6
|tier|RU
|rated
|seed|59768,48596,54412,52087
|rule|Sleep Clause Mod: Limit one foe put to sleep
|rule|Species Clause: Limit one of each Pokémon
|rule|OHKO Clause: OHKO moves are banned
|rule|Moody Clause: Moody is banned
|rule|Evasion Moves Clause: Evasion moves are banned
|rule|Endless Battle Clause: Forcing endless battles is banned
|rule|HP Percentage Mod: HP is shown in percentages
|clearpoke
|poke|p1|Registeel|item
|poke|p1|Hitmonlee, M|item
|poke|p1|Banette, F|item
|poke|p1|Venusaur, M|item
|poke|p1|Gallade, M|item
|poke|p1|Rotom-Mow|item
|poke|p2|Steelix, M, shiny|item
|poke|p2|Flygon, M|item
|poke|p2|Drifblim, F, shiny|item
|poke|p2|Hitmontop, M|item
|poke|p2|Jolteon, M|item
|poke|p2|Audino, F, shiny|item
|rule|Swagger Clause: Swagger is banned
|rule|Baton Pass Clause: Limit one Baton Passer, can't pass Spe and other stats simultaneously
|teampreview
|choice|team 1, team 2, team 3, team 4, team 5, team 6|team 5, team 2, team 3, team 4, team 1, team 6
|
|start
|switch|p1a: Braile|Registeel|338\/338
|switch|p2a: Jolteon|Jolteon, M|271\/271
|turn|1
|choice|move stealthrock|move hiddenpower
|
|move|p2a: Jolteon|Hidden Power|p1a: Braile
|-supereffective|p1a: Braile
|-damage|p1a: Braile|232\/338
|move|p1a: Braile|Stealth Rock|p2a: Jolteon
|-sidestart|p2: NaiiXus|move: Stealth Rock
|
|-heal|p1a: Braile|253\/338|[from] item: Leftovers
|upkeep
|turn|2
|choice|move toxic|move hiddenpower
|
|move|p2a: Jolteon|Hidden Power|p1a: Braile
|-supereffective|p1a: Braile
|-damage|p1a: Braile|149\/338
|move|p1a: Braile|Toxic|p2a: Jolteon
|-status|p2a: Jolteon|tox
|
|-heal|p1a: Braile|170\/338|[from] item: Leftovers
|-damage|p2a: Jolteon|255\/271 tox|[from] psn
|upkeep
|turn|3
|choice|move protect|switch 4
|
|switch|p2a: Hitmontop|Hitmontop, M|304\/304
|-damage|p2a: Hitmontop|285\/304|[from] Stealth Rock
|move|p1a: Braile|Protect|p1a: Braile
|-fail|p1a: Braile
|
|-heal|p2a: Hitmontop|304\/304|[from] item: Leftovers
|-heal|p1a: Braile|191\/338|[from] item: Leftovers
|upkeep
|turn|4
|choice|switch 3|move suckerpunch
|
|switch|p1a: Zipped Hoodie|Banette, F|332\/332
|move|p2a: Hitmontop|Sucker Punch|p1a: Zipped Hoodie|[still]
|-fail|p2a: Hitmontop
|
|upkeep
|turn|5
|choice|move shadowsneak mega|move suckerpunch
|
|detailschange|p1a: Zipped Hoodie|Banette-Mega, F
|-mega|p1a: Zipped Hoodie|Banette|Banettite
|move|p2a: Hitmontop|Sucker Punch|p1a: Zipped Hoodie
|-supereffective|p1a: Zipped Hoodie
|-damage|p1a: Zipped Hoodie|184\/332
|move|p1a: Zipped Hoodie|Shadow Sneak|p2a: Hitmontop
|-damage|p2a: Hitmontop|231\/304
|
|-heal|p2a: Hitmontop|250\/304|[from] item: Leftovers
|upkeep
|turn|6
|choice|move phantomforce|move suckerpunch
|
|move|p2a: Hitmontop|Sucker Punch|p1a: Zipped Hoodie
|-supereffective|p1a: Zipped Hoodie
|-damage|p1a: Zipped Hoodie|24\/332
|move|p1a: Zipped Hoodie|Phantom Force|p2a: Hitmontop|[still]
|-prepare|p1a: Zipped Hoodie|Phantom Force|p2a: Hitmontop
|
|-heal|p2a: Hitmontop|269\/304|[from] item: Leftovers
|upkeep
|turn|7
|choice|move phantomforce 1|switch 6
|
|switch|p2a: Audino|Audino, F, shiny|400\/400
|-damage|p2a: Audino|350\/400|[from] Stealth Rock
|move|p1a: Zipped Hoodie|Phantom Force|p2a: Audino|[from]lockedmove
|-immune|p2a: Audino|[msg]
|
|upkeep
|turn|8
|choice|move destinybond|switch 5
|
|switch|p2a: Steelix|Steelix, M, shiny|354\/354
|-damage|p2a: Steelix|343\/354|[from] Stealth Rock
|move|p1a: Zipped Hoodie|Destiny Bond|p1a: Zipped Hoodie
|-singlemove|p1a: Zipped Hoodie|Destiny Bond
|
|-heal|p2a: Steelix|354\/354|[from] item: Leftovers
|upkeep
|turn|9
|choice|move destinybond|move stealthrock
|
|move|p1a: Zipped Hoodie|Destiny Bond|p1a: Zipped Hoodie
|-singlemove|p1a: Zipped Hoodie|Destiny Bond
|move|p2a: Steelix|Stealth Rock|p1a: Zipped Hoodie
|-sidestart|p1: FishFlax|move: Stealth Rock
|
|upkeep
|turn|10
|choice|move shadowsneak|move stealthrock
|
|move|p1a: Zipped Hoodie|Shadow Sneak|p2a: Steelix
|-damage|p2a: Steelix|312\/354
|move|p2a: Steelix|Stealth Rock|p1a: Zipped Hoodie
|-fail|p1a: Zipped Hoodie
|
|-heal|p2a: Steelix|334\/354|[from] item: Leftovers
|upkeep
|turn|11
|choice|move destinybond|move protect
|
|move|p2a: Steelix|Protect|p2a: Steelix
|-singleturn|p2a: Steelix|Protect
|move|p1a: Zipped Hoodie|Destiny Bond|p1a: Zipped Hoodie
|-singlemove|p1a: Zipped Hoodie|Destiny Bond
|
|-heal|p2a: Steelix|354\/354|[from] item: Leftovers
|upkeep
|turn|12
|choice|move phantomforce|move ironhead
|
|move|p1a: Zipped Hoodie|Phantom Force|p2a: Steelix|[still]
|-prepare|p1a: Zipped Hoodie|Phantom Force|p2a: Steelix
|move|p2a: Steelix|Iron Head|p1a: Zipped Hoodie|[miss]
|-miss|p2a: Steelix|p1a: Zipped Hoodie
|
|upkeep
|turn|13
|choice|move phantomforce 1|move toxic
|
|move|p1a: Zipped Hoodie|Phantom Force|p2a: Steelix|[from]lockedmove
|-damage|p2a: Steelix|264\/354
|move|p2a: Steelix|Toxic|p1a: Zipped Hoodie
|-status|p1a: Zipped Hoodie|tox
|
|-heal|p2a: Steelix|286\/354|[from] item: Leftovers
|-damage|p1a: Zipped Hoodie|4\/332 tox|[from] psn
|upkeep
|turn|14
|choice|move shadowsneak|move protect
|
|move|p2a: Steelix|Protect|p2a: Steelix
|-singleturn|p2a: Steelix|Protect
|move|p1a: Zipped Hoodie|Shadow Sneak|p2a: Steelix
|-activate|p2a: Steelix|move: Protect
|
|-heal|p2a: Steelix|308\/354|[from] item: Leftovers
|-damage|p1a: Zipped Hoodie|0 fnt|[from] psn
|upkeep
|faint|p1a: Zipped Hoodie
|choice|switch 5|
|
|switch|p1a: Gallade|Gallade, M|277\/277
|-damage|p1a: Gallade|260\/277|[from] Stealth Rock
|turn|15
|choice|move brickbreak|switch 3
|
|switch|p2a: Drifblim|Drifblim, F, shiny|504\/504
|-damage|p2a: Drifblim|378\/504|[from] Stealth Rock
|move|p1a: Gallade|Brick Break|p2a: Drifblim
|-immune|p2a: Drifblim|[msg]
|
|upkeep
|turn|16
|choice|move nightslash|switch 3
|
|switch|p2a: Steelix|Steelix, M, shiny|308\/354
|-damage|p2a: Steelix|297\/354|[from] Stealth Rock
|move|p1a: Gallade|Night Slash|p2a: Steelix
|-damage|p2a: Steelix|246\/354
|-damage|p1a: Gallade|233\/277|[from] item: Life Orb
|
|-heal|p2a: Steelix|268\/354|[from] item: Leftovers
|upkeep
|turn|17
|choice|move brickbreak|switch 2
|
|switch|p2a: Flygon|Flygon, M|302\/302
|-damage|p2a: Flygon|284\/302|[from] Stealth Rock
|move|p1a: Gallade|Brick Break|p2a: Flygon
|-damage|p2a: Flygon|76\/302
|-damage|p1a: Gallade|206\/277|[from] item: Life Orb
|
|upkeep
|turn|18
|choice|move psychocut|move uturn
|
|move|p2a: Flygon|U-turn|p1a: Gallade
|-damage|p1a: Gallade|58\/277
|choice||switch 3
|
|switch|p2a: Drifblim|Drifblim, F, shiny|378\/504
|-damage|p2a: Drifblim|252\/504|[from] Stealth Rock
|move|p1a: Gallade|Psycho Cut|p2a: Drifblim
|-crit|p2a: Drifblim
|-damage|p2a: Drifblim|0 fnt
|-damage|p1a: Gallade|31\/277|[from] item: Life Orb
|faint|p2a: Drifblim
|
|upkeep
|choice||switch 6
|
|switch|p2a: Hitmontop|Hitmontop, M|269\/304
|-damage|p2a: Hitmontop|250\/304|[from] Stealth Rock
|turn|19
|choice|move psychocut|move suckerpunch
|
|move|p2a: Hitmontop|Sucker Punch|p1a: Gallade
|-damage|p1a: Gallade|0 fnt
|faint|p1a: Gallade
|
|-heal|p2a: Hitmontop|269\/304|[from] item: Leftovers
|upkeep
|choice|switch 2|
|
|switch|p1a: Hitmonlee|Hitmonlee, M|241\/241
|-damage|p1a: Hitmonlee|226\/241|[from] Stealth Rock
|turn|20
|choice|move fakeout|switch 2
|
|switch|p2a: Steelix|Steelix, M, shiny|268\/354
|-damage|p2a: Steelix|257\/354|[from] Stealth Rock
|move|p1a: Hitmonlee|Fake Out|p2a: Steelix
|-enditem|p1a: Hitmonlee|Normal Gem|[from] gem|[move] Fake Out
|-resisted|p2a: Steelix
|-damage|p2a: Steelix|243\/354
|
|-heal|p2a: Steelix|265\/354|[from] item: Leftovers
|upkeep
|turn|21
|choice|move highjumpkick|move toxic
|
|move|p1a: Hitmonlee|High Jump Kick|p2a: Steelix
|-supereffective|p2a: Steelix
|-damage|p2a: Steelix|49\/354
|move|p2a: Steelix|Toxic|p1a: Hitmonlee
|-status|p1a: Hitmonlee|tox
|
|-heal|p2a: Steelix|71\/354|[from] item: Leftovers
|-damage|p1a: Hitmonlee|211\/241 tox|[from] psn
|upkeep
|turn|22
|choice|move highjumpkick|move protect
|
|move|p2a: Steelix|Protect|p2a: Steelix
|-singleturn|p2a: Steelix|Protect
|move|p1a: Hitmonlee|High Jump Kick|p2a: Steelix
|-activate|p2a: Steelix|move: Protect
|-damage|p1a: Hitmonlee|91\/241 tox|[from] highjumpkick
|
|-heal|p2a: Steelix|93\/354|[from] item: Leftovers
|-damage|p1a: Hitmonlee|61\/241 tox|[from] psn
|upkeep
|turn|23
|choice|move highjumpkick|move protect
|
|move|p2a: Steelix|Protect|p2a: Steelix
|-singleturn|p2a: Steelix|Protect
|move|p1a: Hitmonlee|High Jump Kick|p2a: Steelix
|-activate|p2a: Steelix|move: Protect
|-damage|p1a: Hitmonlee|0 fnt|[from] highjumpkick
|faint|p1a: Hitmonlee
|
|-heal|p2a: Steelix|115\/354|[from] item: Leftovers
|upkeep
|choice|switch 6|
|
|switch|p1a: Rotom|Rotom-Mow|241\/241
|-damage|p1a: Rotom|211\/241|[from] Stealth Rock
|turn|24
|choice|move shadowball|switch 5
|
|switch|p2a: Audino|Audino, F, shiny|350\/400
|-damage|p2a: Audino|300\/400|[from] Stealth Rock
|move|p1a: Rotom|Shadow Ball|p2a: Audino
|-immune|p2a: Audino|[msg]
|
|upkeep
|turn|25
|choice|switch 3|move wish mega
|
|switch|p1a: Braile|Registeel|191\/338
|-damage|p1a: Braile|170\/338|[from] Stealth Rock
|detailschange|p2a: Audino|Audino-Mega, F, shiny
|-mega|p2a: Audino|Audino|Audinite
|move|p2a: Audino|Wish|p2a: Audino
|
|-heal|p1a: Braile|191\/338|[from] item: Leftovers
|upkeep
|turn|26
|choice|move seismictoss|switch 3
|
|switch|p2a: Flygon|Flygon, M|76\/302
|-damage|p2a: Flygon|58\/302|[from] Stealth Rock
|move|p1a: Braile|Seismic Toss|p2a: Flygon
|-damage|p2a: Flygon|0 fnt
|faint|p2a: Flygon
|
|-heal|p1a: Braile|212\/338|[from] item: Leftovers
|upkeep
|choice||switch 3
|
|switch|p2a: Audino|Audino-Mega, F, shiny|300\/400
|-damage|p2a: Audino|250\/400|[from] Stealth Rock
|turn|27
|choice|move seismictoss|switch 5
|
|switch|p2a: Steelix|Steelix, M, shiny|115\/354
|-damage|p2a: Steelix|104\/354|[from] Stealth Rock
|move|p1a: Braile|Seismic Toss|p2a: Steelix
|-damage|p2a: Steelix|4\/354
|
|-heal|p1a: Braile|233\/338|[from] item: Leftovers
|-heal|p2a: Steelix|26\/354|[from] item: Leftovers
|upkeep
|turn|28
|choice|move seismictoss|move toxic
|
|move|p1a: Braile|Seismic Toss|p2a: Steelix
|-damage|p2a: Steelix|0 fnt
|faint|p2a: Steelix
|
|-heal|p1a: Braile|254\/338|[from] item: Leftovers
|upkeep
|choice||switch 2
|
|switch|p2a: Hitmontop|Hitmontop, M|269\/304
|-damage|p2a: Hitmontop|250\/304|[from] Stealth Rock
|turn|29
|choice|switch 4|move closecombat
|
|switch|p1a: Venusaur|Venusaur, M|302\/302
|-damage|p1a: Venusaur|265\/302|[from] Stealth Rock
|move|p2a: Hitmontop|Close Combat|p1a: Venusaur
|-resisted|p1a: Venusaur
|-damage|p1a: Venusaur|205\/302
|-unboost|p2a: Hitmontop|def|1
|-unboost|p2a: Hitmontop|spd|1
|
|-heal|p1a: Venusaur|223\/302|[from] item: Leftovers
|-heal|p2a: Hitmontop|269\/304|[from] item: Leftovers
|upkeep
|turn|30
|choice|move sludgebomb|move rapidspin
|
|move|p1a: Venusaur|Sludge Bomb|p2a: Hitmontop
|-damage|p2a: Hitmontop|110\/304
|-status|p2a: Hitmontop|psn
|move|p2a: Hitmontop|Rapid Spin|p1a: Venusaur
|-damage|p1a: Venusaur|203\/302
|-sideend|p2: NaiiXus|Stealth Rock|[from] move: Rapid Spin|[of] p2a: Hitmontop
|
|-heal|p1a: Venusaur|221\/302|[from] item: Leftovers
|-heal|p2a: Hitmontop|129\/304 psn|[from] item: Leftovers
|-damage|p2a: Hitmontop|91\/304 psn|[from] psn
|upkeep
|turn|31
|choice|move gigadrain|switch 5
|
|switch|p2a: Audino|Audino-Mega, F, shiny|250\/400
|move|p1a: Venusaur|Giga Drain|p2a: Audino
|-damage|p2a: Audino|192\/400
|-heal|p1a: Venusaur|250\/302|[from] drain|[of] p2a: Audino
|
|-heal|p1a: Venusaur|268\/302|[from] item: Leftovers
|upkeep
|turn|32
|choice|move sludgebomb|move healbell
|
|move|p1a: Venusaur|Sludge Bomb|p2a: Audino
|-supereffective|p2a: Audino
|-damage|p2a: Audino|54\/400
|move|p2a: Audino|Heal Bell|p2a: Audino
|-activate|p2a: Audino|move: Heal Bell
|-curestatus|p2: Jolteon|tox|[msg]
|-curestatus|p2: Hitmontop|psn|[msg]
|
|-heal|p1a: Venusaur|286\/302|[from] item: Leftovers
|upkeep
|turn|33
|choice|move sludgebomb|move dazzlinggleam
|
|move|p1a: Venusaur|Sludge Bomb|p2a: Audino
|-supereffective|p2a: Audino
|-damage|p2a: Audino|0 fnt
|faint|p2a: Audino
|
|-heal|p1a: Venusaur|302\/302|[from] item: Leftovers
|upkeep
|choice||switch 4
|
|switch|p2a: Jolteon|Jolteon, M|255\/271
|turn|34
|choice|move leechseed|move hiddenpower
|
|move|p2a: Jolteon|Hidden Power|p1a: Venusaur
|-supereffective|p1a: Venusaur
|-damage|p1a: Venusaur|164\/302
|move|p1a: Venusaur|Leech Seed|p2a: Jolteon
|-start|p2a: Jolteon|move: Leech Seed
|
|-heal|p1a: Venusaur|182\/302|[from] item: Leftovers
|-damage|p2a: Jolteon|222\/271|[from] Leech Seed|[of] p1a: Venusaur
|-heal|p1a: Venusaur|215\/302|[silent]
|upkeep
|turn|35
|choice|move ingrain|move hiddenpower
|
|move|p2a: Jolteon|Hidden Power|p1a: Venusaur
|-supereffective|p1a: Venusaur
|-crit|p1a: Venusaur
|-damage|p1a: Venusaur|0 fnt
|faint|p1a: Venusaur
|
|upkeep
|choice|switch 4|
|
|switch|p1a: Braile|Registeel|254\/338
|-damage|p1a: Braile|233\/338|[from] Stealth Rock
|turn|36
|choice|move toxic|move hiddenpower
|
|move|p2a: Jolteon|Hidden Power|p1a: Braile
|-supereffective|p1a: Braile
|-crit|p1a: Braile
|-damage|p1a: Braile|75\/338
|move|p1a: Braile|Toxic|p2a: Jolteon
|-status|p2a: Jolteon|tox
|
|-heal|p1a: Braile|96\/338|[from] item: Leftovers
|-damage|p2a: Jolteon|189\/271 tox|[from] Leech Seed|[of] p1a: Braile
|-heal|p1a: Braile|129\/338|[silent]
|-damage|p2a: Jolteon|173\/271 tox|[from] psn
|upkeep
|turn|37
|choice|move protect|move hiddenpower
|
|move|p1a: Braile|Protect|p1a: Braile
|-singleturn|p1a: Braile|Protect
|move|p2a: Jolteon|Hidden Power|p1a: Braile
|-activate|p1a: Braile|move: Protect
|
|-heal|p1a: Braile|150\/338|[from] item: Leftovers
|-damage|p2a: Jolteon|140\/271 tox|[from] Leech Seed|[of] p1a: Braile
|-heal|p1a: Braile|183\/338|[silent]
|-damage|p2a: Jolteon|108\/271 tox|[from] psn
|upkeep
|turn|38
|choice|move seismictoss|switch 5
|
|switch|p2a: Hitmontop|Hitmontop, M|91\/304
|move|p1a: Braile|Seismic Toss|p2a: Hitmontop
|-damage|p2a: Hitmontop|0 fnt
|faint|p2a: Hitmontop
|
|-heal|p1a: Braile|204\/338|[from] item: Leftovers
|upkeep
|choice||switch 5
|
|switch|p2a: Jolteon|Jolteon, M|108\/271 tox
|turn|39
|choice|move seismictoss|move hiddenpower
|
|move|p2a: Jolteon|Hidden Power|p1a: Braile
|-supereffective|p1a: Braile
|-damage|p1a: Braile|80\/338
|move|p1a: Braile|Seismic Toss|p2a: Jolteon
|-damage|p2a: Jolteon|8\/271 tox
|
|-heal|p1a: Braile|101\/338|[from] item: Leftovers
|-damage|p2a: Jolteon|0 fnt|[from] psn
|upkeep
|faint|p2a: Jolteon
|
|win|FishFlax
|player|p1
|player|p2
|c|★FishFlax|gg</script>
</div>
<div class="battle-log battle-log-inline"><div class="inner"><div class="battle-options"></div><div class="inner"><div class="chat"><small>FishFlax joined.</small></div><div class="chat"><small>NaiiXus joined.</small></div><div class=""><small>Format:</small> <br><strong>RU</strong></div><div class="rated"><strong>Rated battle</strong></div><div class=""><small><em>Sleep Clause Mod:</em> Limit one foe put to sleep</small></div><div class=""><small><em>Species Clause:</em> Limit one of each Pokémon</small></div><div class=""><small><em>OHKO Clause:</em> OHKO moves are banned</small></div><div class=""><small><em>Moody Clause:</em> Moody is banned</small></div><div class=""><small><em>Evasion Moves Clause:</em> Evasion moves are banned</small></div><div class=""><small><em>Endless Battle Clause:</em> Forcing endless battles is banned</small></div><div class=""><small><em>HP Percentage Mod:</em> HP is shown in percentages</small></div><div class=""><small><em>Swagger Clause:</em> Swagger is banned</small></div><div class=""><small><em>Baton Pass Clause:</em> Limit one Baton Passer, can't pass Spe and other stats simultaneously</small></div><div class="chat battle-history"><strong>FishFlax's team:</strong> <em style="color:#445566;display:block;">Registeel / Hitmonlee / Banette / Venusaur / Gallade / Rotom-Mow</em></div><div class="chat battle-history"><strong>NaiiXus's team:</strong> <em style="color:#445566;display:block;">Steelix / Flygon / Drifblim / Hitmontop / Jolteon / Audino</em></div><div class="spacer battle-history"><br></div><div class="battle-history">Battle started between FishFlax and NaiiXus!<br></div><div class="spacer battle-history"><br></div><div class="battle-history">Go! Braile (<strong>Registeel</strong>)!<br></div><div class="spacer battle-history"><br></div><div class="battle-history">NaiiXus sent out <strong>Jolteon</strong>!<br></div><div class="spacer battle-history"><br></div><h2 class="battle-history">Turn 1</h2><div class="spacer battle-history"><br></div><div class="battle-history">The opposing Jolteon used <strong>Hidden Power</strong>!<br></div><div class="battle-history"><small>It's super effective!</small><br></div><div class="battle-history"><small>(Braile lost <abbr title="−106/338">31.4%</abbr> of its health!)</small><br></div><div class="spacer battle-history"><br></div><div class="battle-history">Braile used <strong>Stealth Rock</strong>!<br></div><div class="battle-history"><small>Pointed stones float in the air around the opposing team!</small><br></div><div class="spacer battle-history"><br></div><div class="battle-history"><small>Braile restored a little HP using its Leftovers!</small><br></div><div class="spacer battle-history"><br></div><h2 class="battle-history">Turn 2</h2><div class="spacer battle-history"><br></div><div class="battle-history">The opposing Jolteon used <strong>Hidden Power</strong>!<br></div><div class="battle-history"><small>It's super effective!</small><br></div><div class="battle-history"><small>(Braile lost <abbr title="−104/338">30.8%</abbr> of its health!)</small><br></div><div class="spacer battle-history"><br></div><div class="battle-history">Braile used <strong>Toxic</strong>!<br></div><div class="battle-history"><small>The opposing Jolteon was badly poisoned!</small><br></div><div class="spacer battle-history"><br></div><div class="battle-history"><small>Braile restored a little HP using its Leftovers!</small><br></div><div class="battle-history"><small>The opposing Jolteon was hurt by poison!</small><br></div><div class="spacer battle-history"><br></div><h2 class="battle-history">Turn 3</h2><div class="spacer battle-history"><br></div><div class="battle-history">NaiiXus withdrew Jolteon!<br></div><div class="battle-history">NaiiXus sent out <strong>Hitmontop</strong>!<br></div><div class="battle-history"><small>Pointed stones dug into the opposing Hitmontop!</small><br></div><div class="spacer battle-history"><br></div><div class="battle-history">Braile used <strong>Protect</strong>!<br></div><div class="battle-history"><small>But it failed!</small><br></div><div class="spacer battle-history"><br></div><div class="battle-history"><small>The opposing Hitmontop restored a little HP using its Leftovers!</small><br></div><div class="battle-history"><small>Braile restored a little HP using its Leftovers!</small><br></div><div class="spacer battle-history"><br></div><h2 class="battle-history">Turn 4</h2><div class="spacer battle-history"><br></div><div class="battle-history">Braile, come back!<br></div><div class="battle-history">Go! Zipped Hoodie (<strong>Banette</strong>)!<br></div><div class="spacer battle-history"><br></div><div class="battle-history">The opposing Hitmontop used <strong>Sucker Punch</strong>!<br></div><div class="battle-history"><small>But it failed!</small><br></div><div class="spacer battle-history"><br></div><h2 class="battle-history">Turn 5</h2><div class="spacer battle-history"><br></div><div class="battle-history"><small>Zipped Hoodie's Banettite is reacting to FishFlax's Mega Bracelet!</small><br>Zipped Hoodie has Mega Evolved into Mega Banette!<br></div><div class="spacer battle-history"><br></div><div class="battle-history">The opposing Hitmontop used <strong>Sucker Punch</strong>!<br></div><div class="battle-history"><small>It's super effective!</small><br></div><div class="battle-history"><small>(Zipped Hoodie lost <abbr title="−148/332">44.6%</abbr> of its health!)</small><br></div><div class="spacer battle-history"><br></div><div class="battle-history">Zipped Hoodie used <strong>Shadow Sneak</strong>!<br></div><div class="battle-history"><small>(The opposing Hitmontop lost <abbr title="−73/304">24.0%</abbr> of its health!)</small><br></div><div class="spacer battle-history"><br></div><div class="battle-history"><small>The opposing Hitmontop restored a little HP using its Leftovers!</small><br></div><div class="spacer battle-history"><br></div><h2 class="battle-history">Turn 6</h2><div class="spacer battle-history"><br></div><div class="battle-history">The opposing Hitmontop used <strong>Sucker Punch</strong>!<br></div><div class="battle-history"><small>It's super effective!</small><br></div><div class="battle-history"><small>(Zipped Hoodie lost <abbr title="−160/332">48.2%</abbr> of its health!)</small><br></div><div class="spacer battle-history"><br></div><div class="battle-history">Zipped Hoodie used <strong>Phantom Force</strong>!<br></div><div class="battle-history">Zipped Hoodie vanished instantly!<br></div><div class="spacer battle-history"><br></div><div class="battle-history"><small>The opposing Hitmontop restored a little HP using its Leftovers!</small><br></div><div class="spacer battle-history"><br></div><h2 class="battle-history">Turn 7</h2><div class="spacer battle-history"><br></div><div class="battle-history">NaiiXus withdrew Hitmontop!<br></div><div class="battle-history">NaiiXus sent out <strong>Audino</strong>!<br></div><div class="battle-history"><small>Pointed stones dug into the opposing Audino!</small><br></div><div class="spacer battle-history"><br></div><div class="battle-history">Zipped Hoodie used <strong>Phantom Force</strong>!<br></div><div class="battle-history"><small>It doesn't affect the opposing Audino...</small><br></div><div class="spacer battle-history"><br></div><h2 class="battle-history">Turn 8</h2><div class="spacer battle-history"><br></div><div class="battle-history">NaiiXus withdrew Audino!<br></div><div class="battle-history">NaiiXus sent out <strong>Steelix</strong>!<br></div><div class="battle-history"><small>Pointed stones dug into the opposing Steelix!</small><br></div><div class="spacer battle-history"><br></div><div class="battle-history">Zipped Hoodie used <strong>Destiny Bond</strong>!<br></div><div class="battle-history">Zipped Hoodie is hoping to take its attacker down with it!<br></div><div class="spacer battle-history"><br></div><div class="battle-history"><small>The opposing Steelix restored a little HP using its Leftovers!</small><br></div><div class="spacer battle-history"><br></div><h2 class="battle-history">Turn 9</h2><div class="spacer battle-history"><br></div><div class="battle-history">Zipped Hoodie used <strong>Destiny Bond</strong>!<br></div><div class="battle-history">Zipped Hoodie is hoping to take its attacker down with it!<br></div><div class="spacer battle-history"><br></div><div class="battle-history">The opposing Steelix used <strong>Stealth Rock</strong>!<br></div><div class="battle-history"><small>Pointed stones float in the air around your team!</small><br></div><div class="spacer battle-history"><br></div><h2 class="battle-history">Turn 10</h2><div class="spacer battle-history"><br></div><div class="battle-history">Zipped Hoodie used <strong>Shadow Sneak</strong>!<br></div><div class="battle-history"><small>(The opposing Steelix lost <abbr title="−42/354">11.9%</abbr> of its health!)</small><br></div><div class="spacer battle-history"><br></div><div class="battle-history">The opposing Steelix used <strong>Stealth Rock</strong>!<br></div><div class="battle-history"><small>But it failed!</small><br></div><div class="spacer battle-history"><br></div><div class="battle-history"><small>The opposing Steelix restored a little HP using its Leftovers!</small><br></div><div class="spacer battle-history"><br></div><h2 class="battle-history">Turn 11</h2><div class="spacer battle-history"><br></div><div class="battle-history">The opposing Steelix used <strong>Protect</strong>!<br></div><div class="battle-history"><small>The opposing Steelix protected itself!</small><br></div><div class="spacer battle-history"><br></div><div class="battle-history">Zipped Hoodie used <strong>Destiny Bond</strong>!<br></div><div class="battle-history">Zipped Hoodie is hoping to take its attacker down with it!<br></div><div class="spacer battle-history"><br></div><div class="battle-history"><small>The opposing Steelix restored a little HP using its Leftovers!</small><br></div><div class="spacer battle-history"><br></div><h2 class="battle-history">Turn 12</h2><div class="spacer battle-history"><br></div><div class="battle-history">Zipped Hoodie used <strong>Phantom Force</strong>!<br></div><div class="battle-history">Zipped Hoodie vanished instantly!<br></div><div class="spacer battle-history"><br></div><div class="battle-history">The opposing Steelix used <strong>Iron Head</strong>!<br></div><div class="battle-history"><small>Zipped Hoodie avoided the attack!</small><br></div><div class="spacer battle-history"><br></div><h2 class="battle-history">Turn 13</h2><div class="spacer battle-history"><br></div><div class="battle-history">Zipped Hoodie used <strong>Phantom Force</strong>!<br></div><div class="battle-history"><small>(The opposing Steelix lost <abbr title="−90/354">25.4%</abbr> of its health!)</small><br></div><div class="spacer battle-history"><br></div><div class="battle-history">The opposing Steelix used <strong>Toxic</strong>!<br></div><div class="battle-history"><small>Zipped Hoodie was badly poisoned!</small><br></div><div class="spacer battle-history"><br></div><div class="battle-history"><small>The opposing Steelix restored a little HP using its Leftovers!</small><br></div><div class="battle-history"><small>Zipped Hoodie was hurt by poison!</small><br></div><div class="spacer battle-history"><br></div><h2 class="battle-history">Turn 14</h2><div class="spacer battle-history"><br></div><div class="battle-history">The opposing Steelix used <strong>Protect</strong>!<br></div><div class="battle-history"><small>The opposing Steelix protected itself!</small><br></div><div class="spacer battle-history"><br></div><div class="battle-history">Zipped Hoodie used <strong>Shadow Sneak</strong>!<br></div><div class="battle-history"><small>The opposing Steelix protected itself!</small><br></div><div class="spacer battle-history"><br></div><div class="battle-history"><small>The opposing Steelix restored a little HP using its Leftovers!</small><br></div><div class="battle-history"><small>Zipped Hoodie was hurt by poison!</small><br></div><div class="spacer battle-history"><br></div><div class="battle-history">Zipped Hoodie fainted!<br></div><div class="spacer battle-history"><br></div><div class="battle-history">Go! <strong>Gallade</strong>!<br></div><div class="battle-history"><small>Pointed stones dug into Gallade!</small><br></div><div class="spacer battle-history"><br></div><h2 class="battle-history">Turn 15</h2><div class="spacer battle-history"><br></div><div class="battle-history">NaiiXus withdrew Steelix!<br></div><div class="battle-history">NaiiXus sent out <strong>Drifblim</strong>!<br></div><div class="battle-history"><small>Pointed stones dug into the opposing Drifblim!</small><br></div><div class="spacer battle-history"><br></div><div class="battle-history">Gallade used <strong>Brick Break</strong>!<br></div><div class="battle-history"><small>It doesn't affect the opposing Drifblim...</small><br></div><div class="spacer battle-history"><br></div><h2 class="battle-history">Turn 16</h2><div class="spacer battle-history"><br></div><div class="battle-history">NaiiXus withdrew Drifblim!<br></div><div class="battle-history">NaiiXus sent out <strong>Steelix</strong>!<br></div><div class="battle-history"><small>Pointed stones dug into the opposing Steelix!</small><br></div><div class="spacer battle-history"><br></div><div class="battle-history">Gallade used <strong>Night Slash</strong>!<br></div><div class="battle-history"><small>(The opposing Steelix lost <abbr title="−51/354">14.4%</abbr> of its health!)</small><br></div><div class="battle-history"><small>Gallade lost some of its HP!</small><br></div><div class="spacer battle-history"><br></div><div class="battle-history"><small>The opposing Steelix restored a little HP using its Leftovers!</small><br></div><div class="spacer battle-history"><br></div><h2 class="battle-history">Turn 17</h2><div class="spacer battle-history"><br></div><div class="battle-history">NaiiXus withdrew Steelix!<br></div><div class="battle-history">NaiiXus sent out <strong>Flygon</strong>!<br></div><div class="battle-history"><small>Pointed stones dug into the opposing Flygon!</small><br></div><div class="spacer battle-history"><br></div><div class="battle-history">Gallade used <strong>Brick Break</strong>!<br></div><div class="battle-history"><small>(The opposing Flygon lost <abbr title="−208/302">68.9%</abbr> of its health!)</small><br></div><div class="battle-history"><small>Gallade lost some of its HP!</small><br></div><div class="spacer battle-history"><br></div><h2 class="battle-history">Turn 18</h2><div class="spacer battle-history"><br></div><div class="battle-history">The opposing Flygon used <strong>U-turn</strong>!<br></div><div class="battle-history"><small>(Gallade lost <abbr title="−148/277">53.4%</abbr> of its health!)</small><br></div><div class="spacer battle-history"><br></div><div class="battle-history">The opposing Flygon went back to NaiiXus!<br></div><div class="battle-history">NaiiXus sent out <strong>Drifblim</strong>!<br></div><div class="battle-history"><small>Pointed stones dug into the opposing Drifblim!</small><br></div><div class="spacer battle-history"><br></div><div class="battle-history">Gallade used <strong>Psycho Cut</strong>!<br></div><div class="battle-history"><small>A critical hit!</small><br></div><div class="battle-history"><small>(The opposing Drifblim lost <abbr title="−252/504">50%</abbr> of its health!)</small><br></div><div class="battle-history"><small>Gallade lost some of its HP!</small><br></div><div class="spacer battle-history"><br></div><div class="battle-history">The opposing Drifblim fainted!<br></div><div class="spacer battle-history"><br></div><div class="battle-history">NaiiXus sent out <strong>Hitmontop</strong>!<br></div><div class="battle-history"><small>Pointed stones dug into the opposing Hitmontop!</small><br></div><div class="spacer battle-history"><br></div><h2 class="battle-history">Turn 19</h2><div class="spacer battle-history"><br></div><div class="battle-history">The opposing Hitmontop used <strong>Sucker Punch</strong>!<br></div><div class="battle-history"><small>(Gallade lost <abbr title="−31/277">11.2%</abbr> of its health!)</small><br></div><div class="spacer battle-history"><br></div><div class="battle-history">Gallade fainted!<br></div><div class="spacer battle-history"><br></div><div class="battle-history"><small>The opposing Hitmontop restored a little HP using its Leftovers!</small><br></div><div class="spacer battle-history"><br></div><div class="battle-history">Go! <strong>Hitmonlee</strong>!<br></div><div class="battle-history"><small>Pointed stones dug into Hitmonlee!</small><br></div><div class="spacer battle-history"><br></div><h2 class="battle-history">Turn 20</h2><div class="spacer battle-history"><br></div><div class="battle-history">NaiiXus withdrew Hitmontop!<br></div><div class="battle-history">NaiiXus sent out <strong>Steelix</strong>!<br></div><div class="battle-history"><small>Pointed stones dug into the opposing Steelix!</small><br></div><div class="spacer battle-history"><br></div><div class="battle-history">Hitmonlee used <strong>Fake Out</strong>!<br></div><div class="battle-history"><small>The Normal Gem strengthened Hitmonlee's power!</small><br></div><div class="battle-history"><small>It's not very effective...</small><br></div><div class="battle-history"><small>(The opposing Steelix lost <abbr title="−14/354">4.0%</abbr> of its health!)</small><br></div><div class="spacer battle-history"><br></div><div class="battle-history"><small>The opposing Steelix restored a little HP using its Leftovers!</small><br></div><div class="spacer battle-history"><br></div><h2 class="battle-history">Turn 21</h2><div class="spacer battle-history"><br></div><div class="battle-history">Hitmonlee used <strong>High Jump Kick</strong>!<br></div><div class="battle-history"><small>It's super effective!</small><br></div><div class="battle-history"><small>(The opposing Steelix lost <abbr title="−216/354">61.0%</abbr> of its health!)</small><br></div><div class="spacer battle-history"><br></div><div class="battle-history">The opposing Steelix used <strong>Toxic</strong>!<br></div><div class="battle-history"><small>Hitmonlee was badly poisoned!</small><br></div><div class="spacer battle-history"><br></div><div class="battle-history"><small>The opposing Steelix restored a little HP using its Leftovers!</small><br></div><div class="battle-history"><small>Hitmonlee was hurt by poison!</small><br></div><div class="spacer battle-history"><br></div><h2 class="battle-history">Turn 22</h2><div class="spacer battle-history"><br></div><div class="battle-history">The opposing Steelix used <strong>Protect</strong>!<br></div><div class="battle-history"><small>The opposing Steelix protected itself!</small><br></div><div class="spacer battle-history"><br></div><div class="battle-history">Hitmonlee used <strong>High Jump Kick</strong>!<br></div><div class="battle-history"><small>The opposing Steelix protected itself!</small><br></div><div class="battle-history"><small>Hitmonlee kept going and crashed!</small><br></div><div class="spacer battle-history"><br></div><div class="battle-history"><small>The opposing Steelix restored a little HP using its Leftovers!</small><br></div><div class="battle-history"><small>Hitmonlee was hurt by poison!</small><br></div><div class="spacer battle-history"><br></div><h2 class="battle-history">Turn 23</h2><div class="spacer battle-history"><br></div><div class="battle-history">The opposing Steelix used <strong>Protect</strong>!<br></div><div class="battle-history"><small>The opposing Steelix protected itself!</small><br></div><div class="spacer battle-history"><br></div><div class="battle-history">Hitmonlee used <strong>High Jump Kick</strong>!<br></div><div class="battle-history"><small>The opposing Steelix protected itself!</small><br></div><div class="battle-history"><small>Hitmonlee kept going and crashed!</small><br></div><div class="spacer battle-history"><br></div><div class="battle-history">Hitmonlee fainted!<br></div><div class="spacer battle-history"><br></div><div class="battle-history"><small>The opposing Steelix restored a little HP using its Leftovers!</small><br></div><div class="spacer battle-history"><br></div><div class="battle-history">Go! Rotom (<strong>Rotom-Mow</strong>)!<br></div><div class="battle-history"><small>Pointed stones dug into Rotom!</small><br></div><div class="spacer battle-history"><br></div><h2 class="battle-history">Turn 24</h2><div class="spacer battle-history"><br></div><div class="battle-history">NaiiXus withdrew Steelix!<br></div><div class="battle-history">NaiiXus sent out <strong>Audino</strong>!<br></div><div class="battle-history"><small>Pointed stones dug into the opposing Audino!</small><br></div><div class="spacer battle-history"><br></div><div class="battle-history">Rotom used <strong>Shadow Ball</strong>!<br></div><div class="battle-history"><small>It doesn't affect the opposing Audino...</small><br></div><div class="spacer battle-history"><br></div><h2 class="battle-history">Turn 25</h2><div class="spacer battle-history"><br></div><div class="battle-history">Rotom, come back!<br></div><div class="battle-history">Go! Braile (<strong>Registeel</strong>)!<br></div><div class="battle-history"><small>Pointed stones dug into Braile!</small><br></div><div class="spacer battle-history"><br></div><div class="battle-history"><small>The opposing Audino's Audinite is reacting to NaiiXus's Mega Bracelet!</small><br>The opposing Audino has Mega Evolved into Mega Audino!<br></div><div class="spacer battle-history"><br></div><div class="battle-history">The opposing Audino used <strong>Wish</strong>!<br></div><div class="spacer battle-history"><br></div><div class="battle-history"><small>Braile restored a little HP using its Leftovers!</small><br></div><div class="spacer battle-history"><br></div><h2 class="battle-history">Turn 26</h2><div class="spacer battle-history"><br></div><div class="battle-history">NaiiXus withdrew Audino!<br></div><div class="battle-history">NaiiXus sent out <strong>Flygon</strong>!<br></div><div class="battle-history"><small>Pointed stones dug into the opposing Flygon!</small><br></div><div class="spacer battle-history"><br></div><div class="battle-history">Braile used <strong>Seismic Toss</strong>!<br></div><div class="battle-history"><small>(The opposing Flygon lost <abbr title="−58/302">19.2%</abbr> of its health!)</small><br></div><div class="spacer battle-history"><br></div><div class="battle-history">The opposing Flygon fainted!<br></div><div class="spacer battle-history"><br></div><div class="battle-history"><small>Braile restored a little HP using its Leftovers!</small><br></div><div class="spacer battle-history"><br></div><div class="battle-history">NaiiXus sent out Audino (<strong>Audino-Mega</strong>)!<br></div><div class="battle-history"><small>Pointed stones dug into the opposing Audino!</small><br></div><div class="spacer battle-history"><br></div><h2 class="battle-history">Turn 27</h2><div class="spacer battle-history"><br></div><div class="battle-history">NaiiXus withdrew Audino!<br></div><div class="battle-history">NaiiXus sent out <strong>Steelix</strong>!<br></div><div class="battle-history"><small>Pointed stones dug into the opposing Steelix!</small><br></div><div class="spacer battle-history"><br></div><div class="battle-history">Braile used <strong>Seismic Toss</strong>!<br></div><div class="battle-history"><small>(The opposing Steelix lost <abbr title="−100/354">28.2%</abbr> of its health!)</small><br></div><div class="spacer battle-history"><br></div><div class="battle-history"><small>Braile restored a little HP using its Leftovers!</small><br></div><div class="battle-history"><small>The opposing Steelix restored a little HP using its Leftovers!</small><br></div><div class="spacer battle-history"><br></div><h2 class="battle-history">Turn 28</h2><div class="spacer battle-history"><br></div><div class="battle-history">Braile used <strong>Seismic Toss</strong>!<br></div><div class="battle-history"><small>(The opposing Steelix lost <abbr title="−26/354">7.3%</abbr> of its health!)</small><br></div><div class="spacer battle-history"><br></div><div class="battle-history">The opposing Steelix fainted!<br></div><div class="spacer battle-history"><br></div><div class="battle-history"><small>Braile restored a little HP using its Leftovers!</small><br></div><div class="spacer battle-history"><br></div><div class="battle-history">NaiiXus sent out <strong>Hitmontop</strong>!<br></div><div class="battle-history"><small>Pointed stones dug into the opposing Hitmontop!</small><br></div><div class="spacer battle-history"><br></div><h2 class="battle-history">Turn 29</h2><div class="spacer battle-history"><br></div><div class="battle-history">Braile, come back!<br></div><div class="battle-history">Go! <strong>Venusaur</strong>!<br></div><div class="battle-history"><small>Pointed stones dug into Venusaur!</small><br></div><div class="spacer battle-history"><br></div><div class="battle-history">The opposing Hitmontop used <strong>Close Combat</strong>!<br></div><div class="battle-history"><small>It's not very effective...</small><br></div><div class="battle-history"><small>(Venusaur lost <abbr title="−60/302">19.9%</abbr> of its health!)</small><br></div><div class="battle-history"><small>The opposing Hitmontop's Defense fell!</small><br></div><div class="battle-history"><small>The opposing Hitmontop's Special Defense fell!</small><br></div><div class="spacer battle-history"><br></div><div class="battle-history"><small>Venusaur restored a little HP using its Leftovers!</small><br></div><div class="battle-history"><small>The opposing Hitmontop restored a little HP using its Leftovers!</small><br></div><div class="spacer battle-history"><br></div><h2 class="battle-history">Turn 30</h2><div class="spacer battle-history"><br></div><div class="battle-history">Venusaur used <strong>Sludge Bomb</strong>!<br></div><div class="battle-history"><small>(The opposing Hitmontop lost <abbr title="−159/304">52.3%</abbr> of its health!)</small><br></div><div class="battle-history"><small>The opposing Hitmontop was poisoned!</small><br></div><div class="spacer battle-history"><br></div><div class="battle-history">The opposing Hitmontop used <strong>Rapid Spin</strong>!<br></div><div class="battle-history"><small>(Venusaur lost <abbr title="−20/302">6.6%</abbr> of its health!)</small><br></div><div class="battle-history"><small>The pointed stones disappeared from around the opposing team!</small><br></div><div class="spacer battle-history"><br></div><div class="battle-history"><small>Venusaur restored a little HP using its Leftovers!</small><br></div><div class="battle-history"><small>The opposing Hitmontop restored a little HP using its Leftovers!</small><br></div><div class="battle-history"><small>The opposing Hitmontop was hurt by poison!</small><br></div><div class="spacer battle-history"><br></div><h2 class="battle-history">Turn 31</h2><div class="spacer battle-history"><br></div><div class="battle-history">NaiiXus withdrew Hitmontop!<br></div><div class="battle-history">NaiiXus sent out Audino (<strong>Audino-Mega</strong>)!<br></div><div class="spacer battle-history"><br></div><div class="battle-history">Venusaur used <strong>Giga Drain</strong>!<br></div><div class="battle-history"><small>(The opposing Audino lost <abbr title="−58/400">14.5%</abbr> of its health!)</small><br></div><div class="battle-history"><small>The opposing Audino had its energy drained!</small><br></div><div class="spacer battle-history"><br></div><div class="battle-history"><small>Venusaur restored a little HP using its Leftovers!</small><br></div><div class="spacer battle-history"><br></div><h2 class="battle-history">Turn 32</h2><div class="spacer battle-history"><br></div><div class="battle-history">Venusaur used <strong>Sludge Bomb</strong>!<br></div><div class="battle-history"><small>It's super effective!</small><br></div><div class="battle-history"><small>(The opposing Audino lost <abbr title="−138/400">34.5%</abbr> of its health!)</small><br></div><div class="spacer battle-history"><br></div><div class="battle-history">The opposing Audino used <strong>Heal Bell</strong>!<br></div><div class="battle-history"><small>A bell chimed!</small><br></div><div class="battle-history"><small>The opposing Jolteon was cured of its poisoning.</small><br></div><div class="battle-history"><small>The opposing Hitmontop was cured of its poisoning.</small><br></div><div class="spacer battle-history"><br></div><div class="battle-history"><small>Venusaur restored a little HP using its Leftovers!</small><br></div><div class="spacer battle-history"><br></div><h2 class="battle-history">Turn 33</h2><div class="spacer battle-history"><br></div><div class="battle-history">Venusaur used <strong>Sludge Bomb</strong>!<br></div><div class="battle-history"><small>It's super effective!</small><br></div><div class="battle-history"><small>(The opposing Audino lost <abbr title="−54/400">13.5%</abbr> of its health!)</small><br></div><div class="spacer battle-history"><br></div><div class="battle-history">The opposing Audino fainted!<br></div><div class="spacer battle-history"><br></div><div class="battle-history"><small>Venusaur restored a little HP using its Leftovers!</small><br></div><div class="spacer battle-history"><br></div><div class="battle-history">NaiiXus sent out <strong>Jolteon</strong>!<br></div><div class="spacer battle-history"><br></div><h2 class="battle-history">Turn 34</h2><div class="spacer battle-history"><br></div><div class="battle-history">The opposing Jolteon used <strong>Hidden Power</strong>!<br></div><div class="battle-history"><small>It's super effective!</small><br></div><div class="battle-history"><small>(Venusaur lost <abbr title="−138/302">45.7%</abbr> of its health!)</small><br></div><div class="spacer battle-history"><br></div><div class="battle-history">Venusaur used <strong>Leech Seed</strong>!<br></div><div class="battle-history"><small>The opposing Jolteon was seeded!</small><br></div><div class="spacer battle-history"><br></div><div class="battle-history"><small>Venusaur restored a little HP using its Leftovers!</small><br></div><div class="battle-history"><small>The opposing Jolteon's health is sapped by Leech Seed!</small><br></div><div class="spacer battle-history"><br></div><h2 class="battle-history">Turn 35</h2><div class="spacer battle-history"><br></div><div class="battle-history">The opposing Jolteon used <strong>Hidden Power</strong>!<br></div><div class="battle-history"><small>It's super effective!</small><br></div><div class="battle-history"><small>A critical hit!</small><br></div><div class="battle-history"><small>(Venusaur lost <abbr title="−215/302">71.2%</abbr> of its health!)</small><br></div><div class="spacer battle-history"><br></div><div class="battle-history">Venusaur fainted!<br></div><div class="spacer battle-history"><br></div><div class="battle-history">Go! Braile (<strong>Registeel</strong>)!<br></div><div class="battle-history"><small>Pointed stones dug into Braile!</small><br></div><div class="spacer battle-history"><br></div><h2 class="battle-history">Turn 36</h2><div class="spacer battle-history"><br></div><div class="battle-history">The opposing Jolteon used <strong>Hidden Power</strong>!<br></div><div class="battle-history"><small>It's super effective!</small><br></div><div class="battle-history"><small>A critical hit!</small><br></div><div class="battle-history"><small>(Braile lost <abbr title="−158/338">46.7%</abbr> of its health!)</small><br></div><div class="spacer battle-history"><br></div><div class="battle-history">Braile used <strong>Toxic</strong>!<br></div><div class="battle-history"><small>The opposing Jolteon was badly poisoned!</small><br></div><div class="spacer battle-history"><br></div><div class="battle-history"><small>Braile restored a little HP using its Leftovers!</small><br></div><div class="battle-history"><small>The opposing Jolteon's health is sapped by Leech Seed!</small><br></div><div class="battle-history"><small>The opposing Jolteon was hurt by poison!</small><br></div><div class="spacer battle-history"><br></div><h2 class="battle-history">Turn 37</h2><div class="spacer battle-history"><br></div><div class="battle-history">Braile used <strong>Protect</strong>!<br></div><div class="battle-history"><small>Braile protected itself!</small><br></div><div class="spacer battle-history"><br></div><div class="battle-history">The opposing Jolteon used <strong>Hidden Power</strong>!<br></div><div class="battle-history"><small>Braile protected itself!</small><br></div><div class="spacer battle-history"><br></div><div class="battle-history"><small>Braile restored a little HP using its Leftovers!</small><br></div><div class="battle-history"><small>The opposing Jolteon's health is sapped by Leech Seed!</small><br></div><div class="battle-history"><small>The opposing Jolteon was hurt by poison!</small><br></div><div class="spacer battle-history"><br></div><h2 class="battle-history">Turn 38</h2><div class="spacer battle-history"><br></div><div class="battle-history">NaiiXus withdrew Jolteon!<br></div><div class="battle-history">NaiiXus sent out <strong>Hitmontop</strong>!<br></div><div class="spacer battle-history"><br></div><div class="battle-history">Braile used <strong>Seismic Toss</strong>!<br></div><div class="battle-history"><small>(The opposing Hitmontop lost <abbr title="−91/304">29.9%</abbr> of its health!)</small><br></div><div class="spacer battle-history"><br></div><div class="battle-history">The opposing Hitmontop fainted!<br></div><div class="spacer battle-history"><br></div><div class="battle-history"><small>Braile restored a little HP using its Leftovers!</small><br></div><div class="spacer battle-history"><br></div><div class="battle-history">NaiiXus sent out <strong>Jolteon</strong>!<br></div><div class="spacer battle-history"><br></div><h2 class="battle-history">Turn 39</h2><div class="spacer battle-history"><br></div><div class="battle-history">The opposing Jolteon used <strong>Hidden Power</strong>!<br></div><div class="battle-history"><small>It's super effective!</small><br></div><div class="battle-history"><small>(Braile lost <abbr title="−124/338">36.7%</abbr> of its health!)</small><br></div><div class="spacer battle-history"><br></div><div class="battle-history">Braile used <strong>Seismic Toss</strong>!<br></div><div class="battle-history"><small>(The opposing Jolteon lost <abbr title="−100/271">36.9%</abbr> of its health!)</small><br></div><div class="spacer battle-history"><br></div><div class="battle-history"><small>Braile restored a little HP using its Leftovers!</small><br></div><div class="battle-history"><small>The opposing Jolteon was hurt by poison!</small><br></div><div class="spacer battle-history"><br></div><div class="battle-history">The opposing Jolteon fainted!<br></div><div class="spacer battle-history"><br></div><div class="battle-history"><strong>FishFlax</strong> won the battle!<br></div><div class="chat chatmessage-fishflax"><strong style="color:hsl(351,76%,48.0896057380272%)"><small>★</small><span class="username" data-name="FishFlax">FishFlax</span>:</strong> <em>gg</em></div></div><div class="inner-preempt"></div></div></div>
</div>
<script>
let daily = Math.floor(Date.now()/1000/60/60/24);document.write('<script src="https://play.pokemonshowdown.com/js/replay-embed.js?version'+daily+'"></'+'script>');
</script>
