<!DOCTYPE html>
<meta charset="utf-8" />
<!-- version 1 -->
<title>RU replay: Lcans\\\ vs. Alice ☾ arroll</title>
<style>
html,body {font-family:Verdana, sans-serif;font-size:10pt;margin:0;padding:0;}body{padding:12px 0;} .battle-log {font-family:Verdana, sans-serif;font-size:10pt;} .battle-log-inline {border:1px solid #AAAAAA;background:#EEF2F5;color:black;max-width:640px;margin:0 auto 80px;padding-bottom:5px;} .battle-log .inner {padding:4px 8px 0px 8px;} .battle-log .inner-preempt {padding:0 8px 4px 8px;} .battle-log .inner-after {margin-top:0.5em;} .battle-log h2 {margin:0.5em -8px;padding:4px 8px;border:1px solid #AAAAAA;background:#E0E7EA;border-left:0;border-right:0;font-family:Verdana, sans-serif;font-size:13pt;} .battle-log .chat {vertical-align:middle;padding:3px 0 3px 0;font-size:8pt;} .battle-log .chat strong {color:#40576A;} .battle-log .chat em {padding:1px 4px 1px 3px;color:#000000;font-style:normal;} .chat.mine {background:rgba(0,0,0,0.05);margin-left:-8px;margin-right:-8px;padding-left:8px;padding-right:8px;} .spoiler {color:#BBBBBB;background:#BBBBBB;padding:0px 3px;} .spoiler:hover, .spoiler:active, .spoiler-shown {color:#000000;background:#E2E2E2;padding:0px 3px;} .spoiler a {color:#BBBBBB;} .spoiler:hover a, .spoiler:active a, .spoiler-shown a {color:#2288CC;} .chat code, .chat .spoiler:hover code, .chat .spoiler:active code, .chat .spoiler-shown code {border:1px solid #C0C0C0;background:#EEEEEE;color:black;padding:0 2px;} .chat .spoiler code {border:1px solid #CCCCCC;background:#CCCCCC;color:#CCCCCC;} .battle-log .rated {padding:3px 4px;} .battle-log .rated strong {color:white;background:#89A;padding:1px 4px;border-radius:4px;} .spacer {margin-top:0.5em;} .message-announce {background:#6688AA;color:white;padding:1px 4px 2px;} .message-announce a, .broadcast-green a, .broadcast-blue a, .broadcast-red a {color:#DDEEFF;} .broadcast-green {background-color:#559955;color:white;padding:2px 4px;} .broadcast-blue {background-color:#6688AA;color:white;padding:2px 4px;} .infobox {border:1px solid #6688AA;padding:2px 4px;} .infobox-limited {max-height:200px;overflow:auto;overflow-x:hidden;} .broadcast-red {background-color:#AA5544;color:white;padding:2px 4px;} .message-learn-canlearn {font-weight:bold;color:#228822;text-decoration:underline;} .message-learn-cannotlearn {font-weight:bold;color:#CC2222;text-decoration:underline;} .message-effect-weak {font-weight:bold;color:#CC2222;} .message-effect-resist {font-weight:bold;color:#6688AA;} .message-effect-immune {font-weight:bold;color:#666666;} .message-learn-list {margin-top:0;margin-bottom:0;} .message-throttle-notice, .message-error {color:#992222;} .message-overflow, .chat small.message-overflow {font-size:0pt;} .message-overflow::before {font-size:9pt;content:'...';} .subtle {color:#3A4A66;}
</style>
<div class="wrapper replay-wrapper" style="max-width:1180px;margin:0 auto">
<input type="hidden" name="replayid" value="smogtours-ru-284931" />
<div class="battle"></div><div class="battle-log"></div><div class="replay-controls"></div><div class="replay-controls-2"></div>
<h1 style="font-weight:normal;text-align:center"><strong>RU</strong><br /><a href="http://pokemonshowdown.com/users/lcans" class="subtle" target="_blank">Lcans\\\</a> vs. <a href="http://pokemonshowdown.com/users/alicearroll" class="subtle" target="_blank">Alice ☾ arroll</a></h1>
<script type="text/plain" class="battle-log-data">|inactive|Battle timer is ON: inactive players will automatically lose when time's up.
|J|Lcans\\\
|J|Alice ☾ arroll
|player|p1|Lcans\\\|233
|player|p2|Alice ☾ arroll|#sylielyyneheym
|gametype|singles
|gen|6
|tier|RU
|seed|21656,58722,56526,58375
|rule|Sleep Clause Mod: Limit one foe put to sleep
|rule|Species Clause: Limit one of each Pokémon
|rule|OHKO Clause: OHKO moves are banned
|rule|Moody Clause: Moody is banned
|rule|Evasion Moves Clause: Evasion moves are banned
|rule|Endless Battle Clause: Forcing endless battles is banned
|rule|HP Percentage Mod: HP is shown in percentages
|clearpoke
|poke|p1|Aromatisse, F|item
|poke|p1|Alomomola, F|item
|poke|p1|Registeel|item
|poke|p1|Sneasel, M|item
|poke|p1|Magneton|item
|poke|p1|Flygon, M|item
|poke|p2|Virizion|item
|poke|p2|Magneton|item
|poke|p2|Emboar, F|item
|poke|p2|Flygon, F|item
|poke|p2|Uxie|item
|poke|p2|Sneasel, F|item
|rule|Swagger Clause: Swagger is banned
|rule|Baton Pass Clause: Limit one Baton Passer, can't pass Spe and other stats simultaneously
|teampreview
|J|Corazan ♕
|J|A4cher®
|J|Pak
|J|We Three Kings
|J|tamahome
|J|Blackoblivion ♻
|J|aquajetbreloom
|c|☆Lcans\\\|hf
|L|Blackoblivion ♻
|J|Marshall.Law
|c|+A4cher®|carrol es alice?
|L|Marshall.Law
|c|☆Lcans\\\|no lol
|c|+A4cher®|xd
|c|+A4cher®|me sonaba el nombre
|J|Vileman
|choice|team 6, team 2, team 3, team 4, team 5, team 1|team 5, team 2, team 3, team 4, team 1, team 6
|
|start
|switch|p1a: Flygon|Flygon, M|363\/363
|switch|p2a: Athena Glory|Uxie|353\/353
|turn|1
|J|ict ️
|L|A4cher®
|choice|move toxic|move stealthrock
|
|move|p1a: Flygon|Toxic|p2a: Athena Glory
|-status|p2a: Athena Glory|tox
|move|p2a: Athena Glory|Stealth Rock|p1a: Flygon
|-sidestart|p1: Lcans\\\|move: Stealth Rock
|
|-damage|p2a: Athena Glory|331\/353 tox|[from] psn
|upkeep
|turn|2
|choice|move defog|move healbell
|
|move|p1a: Flygon|Defog|p2a: Athena Glory
|-unboost|p2a: Athena Glory|evasion|1
|-sideend|p1: Lcans\\\|Stealth Rock|[from] move: Defog|[of] p1a: Flygon
|move|p2a: Athena Glory|Heal Bell|p2a: Athena Glory
|-activate|p2a: Athena Glory|move: Heal Bell
|-curestatus|p2a: Athena Glory|tox|[msg]
|
|-heal|p2a: Athena Glory|353\/353|[from] item: Leftovers
|upkeep
|turn|3
|choice|move toxic|move psychic
|
|move|p1a: Flygon|Toxic|p2a: Athena Glory
|-status|p2a: Athena Glory|tox
|move|p2a: Athena Glory|Psychic|p1a: Flygon
|-damage|p1a: Flygon|284\/363
|
|-heal|p1a: Flygon|306\/363|[from] item: Leftovers
|-damage|p2a: Athena Glory|331\/353 tox|[from] psn
|upkeep
|turn|4
|J|lax
|L|ict ️
|choice|move earthquake|move stealthrock
|
|move|p1a: Flygon|Earthquake|p2a: Athena Glory
|-immune|p2a: Athena Glory|[msg]|[from] ability: Levitate
|move|p2a: Athena Glory|Stealth Rock|p1a: Flygon
|-sidestart|p1: Lcans\\\|move: Stealth Rock
|
|-heal|p1a: Flygon|328\/363|[from] item: Leftovers
|-heal|p2a: Athena Glory|353\/353 tox|[from] item: Leftovers
|-damage|p2a: Athena Glory|309\/353 tox|[from] psn
|upkeep
|turn|5
|choice|move defog|move uturn
|
|move|p1a: Flygon|Defog|p2a: Athena Glory
|-unboost|p2a: Athena Glory|evasion|1
|-sideend|p1: Lcans\\\|Stealth Rock|[from] move: Defog|[of] p1a: Flygon
|move|p2a: Athena Glory|U-turn|p1a: Flygon
|-damage|p1a: Flygon|278\/363
|J|Bad bunny baby
|choice||switch 6
|
|switch|p2a: Akari Mizunashi|Sneasel, F|251\/251
|
|-heal|p1a: Flygon|300\/363|[from] item: Leftovers
|upkeep
|turn|6
|choice|switch 2|move knockoff
|
|switch|p1a: Alomomola|Alomomola, F|501\/501
|move|p2a: Akari Mizunashi|Knock Off|p1a: Alomomola
|-damage|p1a: Alomomola|305\/501
|-enditem|p1a: Alomomola|Leftovers|[from] move: Knock Off|[of] p2a: Akari Mizunashi
|
|upkeep
|turn|7
|choice|move knockoff|switch 6
|
|switch|p2a: Athena Glory|Uxie|309\/353 tox
|move|p1a: Alomomola|Knock Off|p2a: Athena Glory
|-supereffective|p2a: Athena Glory
|-damage|p2a: Athena Glory|229\/353 tox
|-enditem|p2a: Athena Glory|Leftovers|[from] move: Knock Off|[of] p1a: Alomomola
|
|-damage|p2a: Athena Glory|207\/353 tox|[from] psn
|upkeep
|turn|8
|choice|switch 2|move healbell
|
|switch|p1a: Flygon|Flygon, M|300\/363
|move|p2a: Athena Glory|Heal Bell|p2a: Athena Glory
|-activate|p2a: Athena Glory|move: Heal Bell
|-curestatus|p2a: Athena Glory|tox|[msg]
|
|-heal|p1a: Flygon|322\/363|[from] item: Leftovers
|upkeep
|turn|9
|choice|move toxic|move uturn
|
|move|p1a: Flygon|Toxic|p2a: Athena Glory|[miss]
|-miss|p1a: Flygon|p2a: Athena Glory
|move|p2a: Athena Glory|U-turn|p1a: Flygon
|-damage|p1a: Flygon|278\/363
|J|Bouff
|choice||switch 6
|
|switch|p2a: Akari Mizunashi|Sneasel, F|251\/251
|
|-heal|p1a: Flygon|300\/363|[from] item: Leftovers
|upkeep
|turn|10
|choice|switch 2|switch 2
|
|switch|p2a: Alice Carroll|Magneton|241\/241
|switch|p1a: Alomomola|Alomomola, F|472\/501
|
|upkeep
|turn|11
|J|DrReuniclus3
|choice|move protect|move flashcannon
|
|move|p1a: Alomomola|Protect|p1a: Alomomola
|-singleturn|p1a: Alomomola|Protect
|move|p2a: Alice Carroll|Flash Cannon|p1a: Alomomola
|-activate|p1a: Alomomola|move: Protect
|
|upkeep
|turn|12
|choice|switch 2|move thunderbolt
|
|switch|p1a: Flygon|Flygon, M|300\/363
|move|p2a: Alice Carroll|Thunderbolt|p1a: Flygon
|-immune|p1a: Flygon|[msg]
|
|-heal|p1a: Flygon|322\/363|[from] item: Leftovers
|upkeep
|turn|13
|choice|move toxic|switch 6
|
|switch|p2a: Athena Glory|Uxie|207\/353
|move|p1a: Flygon|Toxic|p2a: Athena Glory
|-status|p2a: Athena Glory|tox
|
|-heal|p1a: Flygon|344\/363|[from] item: Leftovers
|-damage|p2a: Athena Glory|185\/353 tox|[from] psn
|upkeep
|turn|14
|L|Bouff
|choice|switch 4|move stealthrock
|
|switch|p1a: Sneasel|Sneasel, M|251\/251
|move|p2a: Athena Glory|Stealth Rock|p1a: Sneasel
|-sidestart|p1: Lcans\\\|move: Stealth Rock
|
|-damage|p2a: Athena Glory|141\/353 tox|[from] psn
|upkeep
|turn|15
|choice|move knockoff|move uturn
|
|move|p1a: Sneasel|Knock Off|p2a: Athena Glory
|-supereffective|p2a: Athena Glory
|-damage|p2a: Athena Glory|0 fnt
|faint|p2a: Athena Glory
|
|upkeep
|choice||switch 3
|
|switch|p2a: Aika Granzchesta|Emboar, F|424\/424
|turn|16
|choice|switch 2|switch 2
|
|switch|p1a: Alomomola|Alomomola, F|501\/501
|-damage|p1a: Alomomola|439\/501|[from] Stealth Rock
|switch|p2a: Akari Mizunashi|Sneasel, F|251\/251
|
|upkeep
|turn|17
|choice|move knockoff|switch 6
|
|switch|p2a: Alice Carroll|Magneton|241\/241
|move|p1a: Alomomola|Knock Off|p2a: Alice Carroll
|-damage|p2a: Alice Carroll|181\/241
|-enditem|p2a: Alice Carroll|Iron Plate|[from] move: Knock Off|[of] p1a: Alomomola
|
|upkeep
|turn|18
|choice|switch 4|move flashcannon
|
|switch|p1a: Flygon|Flygon, M|344\/363
|-damage|p1a: Flygon|322\/363|[from] Stealth Rock
|move|p2a: Alice Carroll|Flash Cannon|p1a: Flygon
|-damage|p1a: Flygon|142\/363
|
|-heal|p1a: Flygon|164\/363|[from] item: Leftovers
|upkeep
|turn|19
|choice|move earthquake|move flashcannon
|
|move|p1a: Flygon|Earthquake|p2a: Alice Carroll
|-supereffective|p2a: Alice Carroll
|-damage|p2a: Alice Carroll|0 fnt
|faint|p2a: Alice Carroll
|
|-heal|p1a: Flygon|186\/363|[from] item: Leftovers
|upkeep
|choice||switch 6
|
|switch|p2a: Akari Mizunashi|Sneasel, F|251\/251
|turn|20
|choice|move defog|move pursuit
|
|move|p2a: Akari Mizunashi|Pursuit|p1a: Flygon
|-damage|p1a: Flygon|87\/363
|move|p1a: Flygon|Defog|p2a: Akari Mizunashi
|-unboost|p2a: Akari Mizunashi|evasion|1
|-sideend|p1: Lcans\\\|Stealth Rock|[from] move: Defog|[of] p1a: Flygon
|
|-heal|p1a: Flygon|109\/363|[from] item: Leftovers
|upkeep
|turn|21
|choice|move roost|move pursuit
|
|move|p2a: Akari Mizunashi|Pursuit|p1a: Flygon
|-damage|p1a: Flygon|10\/363
|move|p1a: Flygon|Roost|p1a: Flygon
|-heal|p1a: Flygon|192\/363
|
|-heal|p1a: Flygon|214\/363|[from] item: Leftovers
|upkeep
|turn|22
|choice|move toxic|switch 5
|
|switch|p2a: Akira Ferrari|Virizion|323\/323
|move|p1a: Flygon|Toxic|p2a: Akira Ferrari
|-status|p2a: Akira Ferrari|tox
|-enditem|p2a: Akira Ferrari|Lum Berry|[eat]
|-curestatus|p2a: Akira Ferrari|tox|[msg]
|
|-heal|p1a: Flygon|236\/363|[from] item: Leftovers
|upkeep
|turn|23
|J|Kushalos
|choice|move toxic|move swordsdance
|
|move|p2a: Akira Ferrari|Swords Dance|p2a: Akira Ferrari
|-boost|p2a: Akira Ferrari|atk|2
|move|p1a: Flygon|Toxic|p2a: Akira Ferrari
|-status|p2a: Akira Ferrari|tox
|
|-heal|p1a: Flygon|258\/363|[from] item: Leftovers
|-damage|p2a: Akira Ferrari|303\/323 tox|[from] psn
|upkeep
|turn|24
|choice|switch 6|move leafblade
|
|switch|p1a: Aromatisse|Aromatisse, F|405\/405
|move|p2a: Akira Ferrari|Leaf Blade|p1a: Aromatisse
|-crit|p1a: Aromatisse
|-damage|p1a: Aromatisse|81\/405
|
|-heal|p1a: Aromatisse|106\/405|[from] item: Leftovers
|-damage|p2a: Akira Ferrari|263\/323 tox|[from] psn
|upkeep
|turn|25
|choice|move protect|move leafblade
|
|move|p1a: Aromatisse|Protect|p1a: Aromatisse
|-singleturn|p1a: Aromatisse|Protect
|move|p2a: Akira Ferrari|Leaf Blade|p1a: Aromatisse
|-activate|p1a: Aromatisse|move: Protect
|
|-heal|p1a: Aromatisse|131\/405|[from] item: Leftovers
|-damage|p2a: Akira Ferrari|203\/323 tox|[from] psn
|upkeep
|turn|26
|c|+Kushalos|which game is this
|c|☆Lcans\\\|2
|choice|move wish|move leafblade
|
|move|p2a: Akira Ferrari|Leaf Blade|p1a: Aromatisse
|-damage|p1a: Aromatisse|0 fnt
|faint|p1a: Aromatisse
|
|-damage|p2a: Akira Ferrari|123\/323 tox|[from] psn
|upkeep
|c|+Kushalos|who won
|L|We Three Kings
|c|☆Lcans\\\|me
|c|☆Alice ☾ arroll|gg
|-message|Alice ☾ arroll forfeited.
|
|win|Lcans\\\
|L|Syl♥ie Lyyneheym</script>
</div>
<div class="battle-log battle-log-inline"><div class="inner"><div class="battle-options"></div><div class="inner"><div class="chat message-error">Battle timer is ON: inactive players will automatically lose when time's up.</div><div class=""><small>Format:</small> <br><strong>RU</strong></div><div class=""><small><em>Sleep Clause Mod:</em> Limit one foe put to sleep</small></div><div class=""><small><em>Species Clause:</em> Limit one of each Pokémon</small></div><div class=""><small><em>OHKO Clause:</em> OHKO moves are banned</small></div><div class=""><small><em>Moody Clause:</em> Moody is banned</small></div><div class=""><small><em>Evasion Moves Clause:</em> Evasion moves are banned</small></div><div class=""><small><em>Endless Battle Clause:</em> Forcing endless battles is banned</small></div><div class=""><small><em>HP Percentage Mod:</em> HP is shown in percentages</small></div><div class=""><small><em>Swagger Clause:</em> Swagger is banned</small></div><div class=""><small><em>Baton Pass Clause:</em> Limit one Baton Passer, can't pass Spe and other stats simultaneously</small></div><div class="chat battle-history"><strong>Lcans\\\'s team:</strong> <em style="color:#445566;display:block;">Aromatisse / Alomomola / Registeel / Sneasel / Magneton / Flygon</em></div><div class="chat battle-history"><strong>Alice ☾ arroll's team:</strong> <em style="color:#445566;display:block;">Virizion / Magneton / Emboar / Flygon / Uxie / Sneasel</em></div><div class="chat chatmessage-lcans"><strong style="color:hsl(231,47%,60.55040384382721%)"><small>☆</small><span class="username" data-name="Lcans\\\">Lcans\\\</span>:</strong> <em>hf</em></div><div class="chat chatmessage-a4cher"><strong style="color:hsl(232,75%,61.67980630628334%)"><small>+</small><span class="username" data-name="A4cher®">A4cher®</span>:</strong> <em>carrol es alice?</em></div><div class="chat chatmessage-lcans"><strong style="color:hsl(231,47%,60.55040384382721%)"><small>☆</small><span class="username" data-name="Lcans\\\">Lcans\\\</span>:</strong> <em>no lol</em></div><div class="chat chatmessage-a4cher"><strong style="color:hsl(232,75%,61.67980630628334%)"><small>+</small><span class="username" data-name="A4cher®">A4cher®</span>:</strong> <em>xd</em></div><div class="chat chatmessage-a4cher"><strong style="color:hsl(232,75%,61.67980630628334%)"><small>+</small><span class="username" data-name="A4cher®">A4cher®</span>:</strong> <em>me sonaba el nombre</em></div><div class="spacer battle-history"><br></div><div class="battle-history">Battle started between Lcans\\\ and Alice ☾ arroll!<br></div><div class="spacer battle-history"><br></div><div class="battle-history">Go! <strong>Flygon</strong>!<br></div><div class="spacer battle-history"><br></div><div class="battle-history">Alice ☾ arroll sent out Athena Glory (<strong>Uxie</strong>)!<br></div><div class="spacer battle-history"><br></div><h2 class="battle-history">Turn 1</h2><div class="spacer battle-history"><br></div><div class="battle-history">Flygon used <strong>Toxic</strong>!<br></div><div class="battle-history"><small>The opposing Athena Glory was badly poisoned!</small><br></div><div class="spacer battle-history"><br></div><div class="battle-history">The opposing Athena Glory used <strong>Stealth Rock</strong>!<br></div><div class="battle-history"><small>Pointed stones float in the air around your team!</small><br></div><div class="spacer battle-history"><br></div><div class="battle-history"><small>The opposing Athena Glory was hurt by poison!</small><br></div><div class="spacer battle-history"><br></div><h2 class="battle-history">Turn 2</h2><div class="spacer battle-history"><br></div><div class="battle-history">Flygon used <strong>Defog</strong>!<br></div><div class="battle-history"><small>The opposing Athena Glory's evasiveness fell!</small><br></div><div class="battle-history"><small>The pointed stones disappeared from around your team!</small><br></div><div class="spacer battle-history"><br></div><div class="battle-history">The opposing Athena Glory used <strong>Heal Bell</strong>!<br></div><div class="battle-history"><small>A bell chimed!</small><br></div><div class="battle-history"><small>The opposing Athena Glory was cured of its poisoning.</small><br></div><div class="spacer battle-history"><br></div><div class="battle-history"><small>The opposing Athena Glory restored a little HP using its Leftovers!</small><br></div><div class="spacer battle-history"><br></div><h2 class="battle-history">Turn 3</h2><div class="spacer battle-history"><br></div><div class="battle-history">Flygon used <strong>Toxic</strong>!<br></div><div class="battle-history"><small>The opposing Athena Glory was badly poisoned!</small><br></div><div class="spacer battle-history"><br></div><div class="battle-history">The opposing Athena Glory used <strong>Psychic</strong>!<br></div><div class="battle-history"><small>(Flygon lost <abbr title="−79/363">21.8%</abbr> of its health!)</small><br></div><div class="spacer battle-history"><br></div><div class="battle-history"><small>Flygon restored a little HP using its Leftovers!</small><br></div><div class="battle-history"><small>The opposing Athena Glory was hurt by poison!</small><br></div><div class="spacer battle-history"><br></div><h2 class="battle-history">Turn 4</h2><div class="spacer battle-history"><br></div><div class="battle-history">Flygon used <strong>Earthquake</strong>!<br></div><div class="battle-history"><small>[The opposing Athena Glory's Levitate]</small><br><small>It doesn't affect the opposing Athena Glory...</small><br></div><div class="spacer battle-history"><br></div><div class="battle-history">The opposing Athena Glory used <strong>Stealth Rock</strong>!<br></div><div class="battle-history"><small>Pointed stones float in the air around your team!</small><br></div><div class="spacer battle-history"><br></div><div class="battle-history"><small>Flygon restored a little HP using its Leftovers!</small><br></div><div class="battle-history"><small>The opposing Athena Glory restored a little HP using its Leftovers!</small><br></div><div class="battle-history"><small>The opposing Athena Glory was hurt by poison!</small><br></div><div class="spacer battle-history"><br></div><h2 class="battle-history">Turn 5</h2><div class="spacer battle-history"><br></div><div class="battle-history">Flygon used <strong>Defog</strong>!<br></div><div class="battle-history"><small>The opposing Athena Glory's evasiveness fell!</small><br></div><div class="battle-history"><small>The pointed stones disappeared from around your team!</small><br></div><div class="spacer battle-history"><br></div><div class="battle-history">The opposing Athena Glory used <strong>U-turn</strong>!<br></div><div class="battle-history"><small>(Flygon lost <abbr title="−50/363">13.8%</abbr> of its health!)</small><br></div><div class="spacer battle-history"><br></div><div class="battle-history">The opposing Athena Glory went back to Alice ☾ arroll!<br></div><div class="battle-history">Alice ☾ arroll sent out Akari Mizunashi (<strong>Sneasel</strong>)!<br></div><div class="spacer battle-history"><br></div><div class="battle-history"><small>Flygon restored a little HP using its Leftovers!</small><br></div><div class="spacer battle-history"><br></div><h2 class="battle-history">Turn 6</h2><div class="spacer battle-history"><br></div><div class="battle-history">Flygon, come back!<br></div><div class="battle-history">Go! <strong>Alomomola</strong>!<br></div><div class="spacer battle-history"><br></div><div class="battle-history">The opposing Akari Mizunashi used <strong>Knock Off</strong>!<br></div><div class="battle-history"><small>(Alomomola lost <abbr title="−196/501">39.1%</abbr> of its health!)</small><br></div><div class="battle-history"><small>The opposing Akari Mizunashi knocked off Alomomola's Leftovers!</small><br></div><div class="spacer battle-history"><br></div><h2 class="battle-history">Turn 7</h2><div class="spacer battle-history"><br></div><div class="battle-history">Alice ☾ arroll withdrew Akari Mizunashi!<br></div><div class="battle-history">Alice ☾ arroll sent out Athena Glory (<strong>Uxie</strong>)!<br></div><div class="spacer battle-history"><br></div><div class="battle-history">Alomomola used <strong>Knock Off</strong>!<br></div><div class="battle-history"><small>It's super effective!</small><br></div><div class="battle-history"><small>(The opposing Athena Glory lost <abbr title="−80/353">22.7%</abbr> of its health!)</small><br></div><div class="battle-history"><small>Alomomola knocked off the opposing Athena Glory's Leftovers!</small><br></div><div class="spacer battle-history"><br></div><div class="battle-history"><small>The opposing Athena Glory was hurt by poison!</small><br></div><div class="spacer battle-history"><br></div><h2 class="battle-history">Turn 8</h2><div class="spacer battle-history"><br></div><div class="battle-history">Alomomola, come back!<br></div><div class="battle-history">Go! <strong>Flygon</strong>!<br></div><div class="spacer battle-history"><br></div><div class="battle-history">The opposing Athena Glory used <strong>Heal Bell</strong>!<br></div><div class="battle-history"><small>A bell chimed!</small><br></div><div class="battle-history"><small>The opposing Athena Glory was cured of its poisoning.</small><br></div><div class="spacer battle-history"><br></div><div class="battle-history"><small>Flygon restored a little HP using its Leftovers!</small><br></div><div class="spacer battle-history"><br></div><h2 class="battle-history">Turn 9</h2><div class="spacer battle-history"><br></div><div class="battle-history">Flygon used <strong>Toxic</strong>!<br></div><div class="battle-history"><small>The opposing Athena Glory avoided the attack!</small><br></div><div class="spacer battle-history"><br></div><div class="battle-history">The opposing Athena Glory used <strong>U-turn</strong>!<br></div><div class="battle-history"><small>(Flygon lost <abbr title="−44/363">12.1%</abbr> of its health!)</small><br></div><div class="spacer battle-history"><br></div><div class="battle-history">The opposing Athena Glory went back to Alice ☾ arroll!<br></div><div class="battle-history">Alice ☾ arroll sent out Akari Mizunashi (<strong>Sneasel</strong>)!<br></div><div class="spacer battle-history"><br></div><div class="battle-history"><small>Flygon restored a little HP using its Leftovers!</small><br></div><div class="spacer battle-history"><br></div><h2 class="battle-history">Turn 10</h2><div class="spacer battle-history"><br></div><div class="battle-history">Alice ☾ arroll withdrew Akari Mizunashi!<br></div><div class="battle-history">Alice ☾ arroll sent out Alice Carroll (<strong>Magneton</strong>)!<br></div><div class="spacer battle-history"><br></div><div class="battle-history">Flygon, come back!<br></div><div class="battle-history">Go! <strong>Alomomola</strong>!<br></div><div class="spacer battle-history"><br></div><h2 class="battle-history">Turn 11</h2><div class="spacer battle-history"><br></div><div class="battle-history">Alomomola used <strong>Protect</strong>!<br></div><div class="battle-history"><small>Alomomola protected itself!</small><br></div><div class="spacer battle-history"><br></div><div class="battle-history">The opposing Alice Carroll used <strong>Flash Cannon</strong>!<br></div><div class="battle-history"><small>Alomomola protected itself!</small><br></div><div class="spacer battle-history"><br></div><h2 class="battle-history">Turn 12</h2><div class="spacer battle-history"><br></div><div class="battle-history">Alomomola, come back!<br></div><div class="battle-history">Go! <strong>Flygon</strong>!<br></div><div class="spacer battle-history"><br></div><div class="battle-history">The opposing Alice Carroll used <strong>Thunderbolt</strong>!<br></div><div class="battle-history"><small>It doesn't affect Flygon...</small><br></div><div class="spacer battle-history"><br></div><div class="battle-history"><small>Flygon restored a little HP using its Leftovers!</small><br></div><div class="spacer battle-history"><br></div><h2 class="battle-history">Turn 13</h2><div class="spacer battle-history"><br></div><div class="battle-history">Alice ☾ arroll withdrew Alice Carroll!<br></div><div class="battle-history">Alice ☾ arroll sent out Athena Glory (<strong>Uxie</strong>)!<br></div><div class="spacer battle-history"><br></div><div class="battle-history">Flygon used <strong>Toxic</strong>!<br></div><div class="battle-history"><small>The opposing Athena Glory was badly poisoned!</small><br></div><div class="spacer battle-history"><br></div><div class="battle-history"><small>Flygon restored a little HP using its Leftovers!</small><br></div><div class="battle-history"><small>The opposing Athena Glory was hurt by poison!</small><br></div><div class="spacer battle-history"><br></div><h2 class="battle-history">Turn 14</h2><div class="spacer battle-history"><br></div><div class="battle-history">Flygon, come back!<br></div><div class="battle-history">Go! <strong>Sneasel</strong>!<br></div><div class="spacer battle-history"><br></div><div class="battle-history">The opposing Athena Glory used <strong>Stealth Rock</strong>!<br></div><div class="battle-history"><small>Pointed stones float in the air around your team!</small><br></div><div class="spacer battle-history"><br></div><div class="battle-history"><small>The opposing Athena Glory was hurt by poison!</small><br></div><div class="spacer battle-history"><br></div><h2 class="battle-history">Turn 15</h2><div class="spacer battle-history"><br></div><div class="battle-history">Sneasel used <strong>Knock Off</strong>!<br></div><div class="battle-history"><small>It's super effective!</small><br></div><div class="battle-history"><small>(The opposing Athena Glory lost <abbr title="−141/353">39.9%</abbr> of its health!)</small><br></div><div class="spacer battle-history"><br></div><div class="battle-history">The opposing Athena Glory fainted!<br></div><div class="spacer battle-history"><br></div><div class="battle-history">Alice ☾ arroll sent out Aika Granzchesta (<strong>Emboar</strong>)!<br></div><div class="spacer battle-history"><br></div><h2 class="battle-history">Turn 16</h2><div class="spacer battle-history"><br></div><div class="battle-history">Sneasel, come back!<br></div><div class="battle-history">Go! <strong>Alomomola</strong>!<br></div><div class="battle-history"><small>Pointed stones dug into Alomomola!</small><br></div><div class="spacer battle-history"><br></div><div class="battle-history">Alice ☾ arroll withdrew Aika Granzchesta!<br></div><div class="battle-history">Alice ☾ arroll sent out Akari Mizunashi (<strong>Sneasel</strong>)!<br></div><div class="spacer battle-history"><br></div><h2 class="battle-history">Turn 17</h2><div class="spacer battle-history"><br></div><div class="battle-history">Alice ☾ arroll withdrew Akari Mizunashi!<br></div><div class="battle-history">Alice ☾ arroll sent out Alice Carroll (<strong>Magneton</strong>)!<br></div><div class="spacer battle-history"><br></div><div class="battle-history">Alomomola used <strong>Knock Off</strong>!<br></div><div class="battle-history"><small>(The opposing Alice Carroll lost <abbr title="−60/241">24.9%</abbr> of its health!)</small><br></div><div class="battle-history"><small>Alomomola knocked off the opposing Alice Carroll's Iron Plate!</small><br></div><div class="spacer battle-history"><br></div><h2 class="battle-history">Turn 18</h2><div class="spacer battle-history"><br></div><div class="battle-history">Alomomola, come back!<br></div><div class="battle-history">Go! <strong>Flygon</strong>!<br></div><div class="battle-history"><small>Pointed stones dug into Flygon!</small><br></div><div class="spacer battle-history"><br></div><div class="battle-history">The opposing Alice Carroll used <strong>Flash Cannon</strong>!<br></div><div class="battle-history"><small>(Flygon lost <abbr title="−180/363">49.6%</abbr> of its health!)</small><br></div><div class="spacer battle-history"><br></div><div class="battle-history"><small>Flygon restored a little HP using its Leftovers!</small><br></div><div class="spacer battle-history"><br></div><h2 class="battle-history">Turn 19</h2><div class="spacer battle-history"><br></div><div class="battle-history">Flygon used <strong>Earthquake</strong>!<br></div><div class="battle-history"><small>It's super effective!</small><br></div><div class="battle-history"><small>(The opposing Alice Carroll lost <abbr title="−181/241">75.1%</abbr> of its health!)</small><br></div><div class="spacer battle-history"><br></div><div class="battle-history">The opposing Alice Carroll fainted!<br></div><div class="spacer battle-history"><br></div><div class="battle-history"><small>Flygon restored a little HP using its Leftovers!</small><br></div><div class="spacer battle-history"><br></div><div class="battle-history">Alice ☾ arroll sent out Akari Mizunashi (<strong>Sneasel</strong>)!<br></div><div class="spacer battle-history"><br></div><h2 class="battle-history">Turn 20</h2><div class="spacer battle-history"><br></div><div class="battle-history">The opposing Akari Mizunashi used <strong>Pursuit</strong>!<br></div><div class="battle-history"><small>(Flygon lost <abbr title="−99/363">27.3%</abbr> of its health!)</small><br></div><div class="spacer battle-history"><br></div><div class="battle-history">Flygon used <strong>Defog</strong>!<br></div><div class="battle-history"><small>The opposing Akari Mizunashi's evasiveness fell!</small><br></div><div class="battle-history"><small>The pointed stones disappeared from around your team!</small><br></div><div class="spacer battle-history"><br></div><div class="battle-history"><small>Flygon restored a little HP using its Leftovers!</small><br></div><div class="spacer battle-history"><br></div><h2 class="battle-history">Turn 21</h2><div class="spacer battle-history"><br></div><div class="battle-history">The opposing Akari Mizunashi used <strong>Pursuit</strong>!<br></div><div class="battle-history"><small>(Flygon lost <abbr title="−99/363">27.3%</abbr> of its health!)</small><br></div><div class="spacer battle-history"><br></div><div class="battle-history">Flygon used <strong>Roost</strong>!<br></div><div class="battle-history"><small>Flygon restored its HP.</small><br></div><div class="spacer battle-history"><br></div><div class="battle-history"><small>Flygon restored a little HP using its Leftovers!</small><br></div><div class="spacer battle-history"><br></div><h2 class="battle-history">Turn 22</h2><div class="spacer battle-history"><br></div><div class="battle-history">Alice ☾ arroll withdrew Akari Mizunashi!<br></div><div class="battle-history">Alice ☾ arroll sent out Akira Ferrari (<strong>Virizion</strong>)!<br></div><div class="spacer battle-history"><br></div><div class="battle-history">Flygon used <strong>Toxic</strong>!<br></div><div class="battle-history"><small>The opposing Akira Ferrari was badly poisoned!</small><br></div><div class="battle-history"><small>The opposing Akira Ferrari ate its Lum Berry!</small><br></div><div class="battle-history"><small>The opposing Akira Ferrari was cured of its poisoning.</small><br></div><div class="spacer battle-history"><br></div><div class="battle-history"><small>Flygon restored a little HP using its Leftovers!</small><br></div><div class="spacer battle-history"><br></div><h2 class="battle-history">Turn 23</h2><div class="spacer battle-history"><br></div><div class="battle-history">The opposing Akira Ferrari used <strong>Swords Dance</strong>!<br></div><div class="battle-history"><small>The opposing Akira Ferrari's Attack rose sharply!</small><br></div><div class="spacer battle-history"><br></div><div class="battle-history">Flygon used <strong>Toxic</strong>!<br></div><div class="battle-history"><small>The opposing Akira Ferrari was badly poisoned!</small><br></div><div class="spacer battle-history"><br></div><div class="battle-history"><small>Flygon restored a little HP using its Leftovers!</small><br></div><div class="battle-history"><small>The opposing Akira Ferrari was hurt by poison!</small><br></div><div class="spacer battle-history"><br></div><h2 class="battle-history">Turn 24</h2><div class="spacer battle-history"><br></div><div class="battle-history">Flygon, come back!<br></div><div class="battle-history">Go! <strong>Aromatisse</strong>!<br></div><div class="spacer battle-history"><br></div><div class="battle-history">The opposing Akira Ferrari used <strong>Leaf Blade</strong>!<br></div><div class="battle-history"><small>A critical hit!</small><br></div><div class="battle-history"><small>(Aromatisse lost <abbr title="−324/405">80%</abbr> of its health!)</small><br></div><div class="spacer battle-history"><br></div><div class="battle-history"><small>Aromatisse restored a little HP using its Leftovers!</small><br></div><div class="battle-history"><small>The opposing Akira Ferrari was hurt by poison!</small><br></div><div class="spacer battle-history"><br></div><h2 class="battle-history">Turn 25</h2><div class="spacer battle-history"><br></div><div class="battle-history">Aromatisse used <strong>Protect</strong>!<br></div><div class="battle-history"><small>Aromatisse protected itself!</small><br></div><div class="spacer battle-history"><br></div><div class="battle-history">The opposing Akira Ferrari used <strong>Leaf Blade</strong>!<br></div><div class="battle-history"><small>Aromatisse protected itself!</small><br></div><div class="spacer battle-history"><br></div><div class="battle-history"><small>Aromatisse restored a little HP using its Leftovers!</small><br></div><div class="battle-history"><small>The opposing Akira Ferrari was hurt by poison!</small><br></div><div class="spacer battle-history"><br></div><h2 class="battle-history">Turn 26</h2><div class="chat chatmessage-kushalos"><strong style="color:hsl(241,86%,63.275220778172695%)"><small>+</small><span class="username" data-name="Kushalos">Kushalos</span>:</strong> <em>which game is this</em></div><div class="chat chatmessage-lcans"><strong style="color:hsl(231,47%,60.55040384382721%)"><small>☆</small><span class="username" data-name="Lcans\\\">Lcans\\\</span>:</strong> <em>2</em></div><div class="spacer battle-history"><br></div><div class="battle-history">The opposing Akira Ferrari used <strong>Leaf Blade</strong>!<br></div><div class="battle-history"><small>(Aromatisse lost <abbr title="−131/405">32.3%</abbr> of its health!)</small><br></div><div class="spacer battle-history"><br></div><div class="battle-history">Aromatisse fainted!<br></div><div class="spacer battle-history"><br></div><div class="battle-history"><small>The opposing Akira Ferrari was hurt by poison!</small><br></div><div class="chat chatmessage-kushalos"><strong style="color:hsl(241,86%,63.275220778172695%)"><small>+</small><span class="username" data-name="Kushalos">Kushalos</span>:</strong> <em>who won</em></div><div class="chat chatmessage-lcans"><strong style="color:hsl(231,47%,60.55040384382721%)"><small>☆</small><span class="username" data-name="Lcans\\\">Lcans\\\</span>:</strong> <em>me</em></div><div class="chat chatmessage-alicearroll"><strong style="color:hsl(164,73%,36.85175600252556%)"><small>☆</small><span class="username" data-name="Alice ☾ arroll">Alice ☾ arroll</span>:</strong> <em>gg</em></div><div class="spacer battle-history"><br></div><div class="battle-history"><small>Alice ☾ arroll forfeited.</small><br></div><div class="spacer battle-history"><br></div><div class="battle-history"><strong>Lcans\\\</strong> won the battle!<br></div></div><div class="inner-preempt"></div></div></div>
</div>
<script>
let daily = Math.floor(Date.now()/1000/60/60/24);document.write('<script src="https://play.pokemonshowdown.com/js/replay-embed.js?version'+daily+'"></'+'script>');
</script>
