<!DOCTYPE html>
<meta charset="utf-8" />
<!-- version 1 -->
<title>RU replay: EspurrTales vs. lcezasfuck</title>
<style>
html,body {font-family:Verdana, sans-serif;font-size:10pt;margin:0;padding:0;}body{padding:12px 0;} .battle-log {font-family:Verdana, sans-serif;font-size:10pt;} .battle-log-inline {border:1px solid #AAAAAA;background:#EEF2F5;color:black;max-width:640px;margin:0 auto 80px;padding-bottom:5px;} .battle-log .inner {padding:4px 8px 0px 8px;} .battle-log .inner-preempt {padding:0 8px 4px 8px;} .battle-log .inner-after {margin-top:0.5em;} .battle-log h2 {margin:0.5em -8px;padding:4px 8px;border:1px solid #AAAAAA;background:#E0E7EA;border-left:0;border-right:0;font-family:Verdana, sans-serif;font-size:13pt;} .battle-log .chat {vertical-align:middle;padding:3px 0 3px 0;font-size:8pt;} .battle-log .chat strong {color:#40576A;} .battle-log .chat em {padding:1px 4px 1px 3px;color:#000000;font-style:normal;} .chat.mine {background:rgba(0,0,0,0.05);margin-left:-8px;margin-right:-8px;padding-left:8px;padding-right:8px;} .spoiler {color:#BBBBBB;background:#BBBBBB;padding:0px 3px;} .spoiler:hover, .spoiler:active, .spoiler-shown {color:#000000;background:#E2E2E2;padding:0px 3px;} .spoiler a {color:#BBBBBB;} .spoiler:hover a, .spoiler:active a, .spoiler-shown a {color:#2288CC;} .chat code, .chat .spoiler:hover code, .chat .spoiler:active code, .chat .spoiler-shown code {border:1px solid #C0C0C0;background:#EEEEEE;color:black;padding:0 2px;} .chat .spoiler code {border:1px solid #CCCCCC;background:#CCCCCC;color:#CCCCCC;} .battle-log .rated {padding:3px 4px;} .battle-log .rated strong {color:white;background:#89A;padding:1px 4px;border-radius:4px;} .spacer {margin-top:0.5em;} .message-announce {background:#6688AA;color:white;padding:1px 4px 2px;} .message-announce a, .broadcast-green a, .broadcast-blue a, .broadcast-red a {color:#DDEEFF;} .broadcast-green {background-color:#559955;color:white;padding:2px 4px;} .broadcast-blue {background-color:#6688AA;color:white;padding:2px 4px;} .infobox {border:1px solid #6688AA;padding:2px 4px;} .infobox-limited {max-height:200px;overflow:auto;overflow-x:hidden;} .broadcast-red {background-color:#AA5544;color:white;padding:2px 4px;} .message-learn-canlearn {font-weight:bold;color:#228822;text-decoration:underline;} .message-learn-cannotlearn {font-weight:bold;color:#CC2222;text-decoration:underline;} .message-effect-weak {font-weight:bold;color:#CC2222;} .message-effect-resist {font-weight:bold;color:#6688AA;} .message-effect-immune {font-weight:bold;color:#666666;} .message-learn-list {margin-top:0;margin-bottom:0;} .message-throttle-notice, .message-error {color:#992222;} .message-overflow, .chat small.message-overflow {font-size:0pt;} .message-overflow::before {font-size:9pt;content:'...';} .subtle {color:#3A4A66;}
</style>
<div class="wrapper replay-wrapper" style="max-width:1180px;margin:0 auto">
<input type="hidden" name="replayid" value="ru-570125710" />
<div class="battle"></div><div class="battle-log"></div><div class="replay-controls"></div><div class="replay-controls-2"></div>
<h1 style="font-weight:normal;text-align:center"><strong>RU</strong><br /><a href="http://pokemonshowdown.com/users/espurrtales" class="subtle" target="_blank">EspurrTales</a> vs. <a href="http://pokemonshowdown.com/users/lcezasfuck" class="subtle" target="_blank">lcezasfuck</a></h1>
<script type="text/plain" class="battle-log-data">|j|EspurrTales
|j|lcezasfuck
|player|p1|EspurrTales|166
|player|p2|lcezasfuck|#teamrocket
|gametype|singles
|gen|6
|tier|RU
|seed|14679,17525,21504,60491
|rule|Sleep Clause Mod: Limit one foe put to sleep
|rule|Species Clause: Limit one of each Pokémon
|rule|OHKO Clause: OHKO moves are banned
|rule|Moody Clause: Moody is banned
|rule|Evasion Moves Clause: Evasion moves are banned
|rule|Endless Battle Clause: Forcing endless battles is banned
|rule|HP Percentage Mod: HP is shown in percentages
|clearpoke
|poke|p1|Sneasel, M|item
|poke|p1|Herdier, M|item
|poke|p1|Marshtomp, M|item
|poke|p1|Wingull, M, shiny|item
|poke|p1|Monferno, M|item
|poke|p1|Lickitung, F|item
|poke|p2|Nidorino, M|item
|poke|p2|Croconaw, F|item
|poke|p2|Ferroseed, M|item
|poke|p2|Diglett, F, shiny|item
|poke|p2|Sneasel, F, shiny|item
|poke|p2|Magnemite|item
|rule|Swagger Clause: Swagger is banned
|rule|Baton Pass Clause: Limit one Baton Passer, can't pass Spe and other stats simultaneously
|teampreview
|c|☆EspurrTales|perfect. :)
|c|☆lcezasfuck|yes
|c|☆EspurrTales|>croconaw
|c|☆lcezasfuck|50 is suck..
|c|☆EspurrTales|i'll kill it
|c|☆lcezasfuck|lol
|c|☆lcezasfuck|My croconaw is too baby
|c|☆lcezasfuck|too young
|c|☆EspurrTales|love johto
|choice|team 3, team 2, team 1, team 4, team 5, team 6|team 1, team 2, team 3, team 4, team 5, team 6
|
|start
|switch|p1a: ahahahaha|Marshtomp, M|344\/344
|switch|p2a: Nidorino|Nidorino, M|263\/263
|turn|1
|c|☆EspurrTales|starters
|choice|move stealthrock|move poisonjab
|
|move|p2a: Nidorino|Poison Jab|p1a: ahahahaha|[miss]
|-miss|p2a: Nidorino|p1a: ahahahaha
|move|p1a: ahahahaha|Stealth Rock|p2a: Nidorino
|-sidestart|p2: lcezasfuck|move: Stealth Rock
|
|upkeep
|turn|2
|j|literallyian
|choice|move scald|move hiddenpower
|
|move|p2a: Nidorino|Hidden Power|p1a: ahahahaha
|-supereffective|p1a: ahahahaha
|-damage|p1a: ahahahaha|180\/344
|move|p1a: ahahahaha|Scald|p2a: Nidorino
|-damage|p2a: Nidorino|155\/263
|
|-heal|p1a: ahahahaha|201\/344|[from] item: Leftovers
|upkeep
|turn|3
|c|☆EspurrTales|shit forgot about that
|choice|move earthpower|move toxicspikes
|
|move|p2a: Nidorino|Toxic Spikes|p1a: ahahahaha
|-sidestart|p1: EspurrTales|move: Toxic Spikes
|move|p1a: ahahahaha|Earth Power|p2a: Nidorino
|-supereffective|p2a: Nidorino
|-damage|p2a: Nidorino|0 fnt
|faint|p2a: Nidorino
|
|-heal|p1a: ahahahaha|222\/344|[from] item: Leftovers
|upkeep
|c|☆lcezasfuck|xD
|choice||switch 2
|
|switch|p2a: Croconaw|Croconaw, F|271\/271
|-damage|p2a: Croconaw|238\/271|[from] Stealth Rock
|turn|4
|j|MacrostaLight
|c|☆EspurrTales|inb4 special
|choice|move toxic|move substitute
|
|move|p2a: Croconaw|Substitute|p2a: Croconaw
|-start|p2a: Croconaw|Substitute
|-damage|p2a: Croconaw|171\/271
|move|p1a: ahahahaha|Toxic|p2a: Croconaw
|-fail|p2a: Croconaw
|
|-heal|p1a: ahahahaha|243\/344|[from] item: Leftovers
|upkeep
|turn|5
|c|☆EspurrTales|wrse
|c|☆lcezasfuck|xD
|c|☆EspurrTales|worse
|choice|move earthpower|move dragondance
|
|move|p2a: Croconaw|Dragon Dance|p2a: Croconaw
|-boost|p2a: Croconaw|atk|1
|-boost|p2a: Croconaw|spe|1
|move|p1a: ahahahaha|Earth Power|p2a: Croconaw
|-end|p2a: Croconaw|Substitute
|
|-heal|p1a: ahahahaha|264\/344|[from] item: Leftovers
|upkeep
|turn|6
|choice|move scald|move dragondance
|
|move|p2a: Croconaw|Dragon Dance|p2a: Croconaw
|-boost|p2a: Croconaw|atk|1
|-boost|p2a: Croconaw|spe|1
|move|p1a: ahahahaha|Scald|p2a: Croconaw
|-resisted|p2a: Croconaw
|-damage|p2a: Croconaw|123\/271
|
|-heal|p1a: ahahahaha|285\/344|[from] item: Leftovers
|upkeep
|turn|7
|c|☆EspurrTales|omg
|choice|move scald|move substitute
|
|move|p2a: Croconaw|Substitute|p2a: Croconaw
|-start|p2a: Croconaw|Substitute
|-damage|p2a: Croconaw|56\/271
|move|p1a: ahahahaha|Scald|p2a: Croconaw
|-resisted|p2a: Croconaw
|-activate|p2a: Croconaw|move: Substitute|[damage]
|
|-heal|p1a: ahahahaha|306\/344|[from] item: Leftovers
|upkeep
|turn|8
|choice|move earthpower|move waterfall
|
|move|p2a: Croconaw|Waterfall|p1a: ahahahaha
|-damage|p1a: ahahahaha|0 fnt
|faint|p1a: ahahahaha
|
|upkeep
|c|☆lcezasfuck|yes
|choice|switch 4|
|
|switch|p1a: captain|Wingull, M, shiny|284\/284
|turn|9
|c|☆EspurrTales|wdf
|choice|move airslash|move icepunch
|
|move|p2a: Croconaw|Ice Punch|p1a: captain
|-damage|p1a: captain|0 fnt
|faint|p1a: captain
|
|upkeep
|c|☆EspurrTales|noooooooo
|c|☆lcezasfuck|too OP
|choice|switch 5|
|
|switch|p1a: ahahahaa|Monferno, M|269\/269
|-status|p1a: ahahahaa|psn
|turn|10
|choice|move machpunch|move waterfall
|
|move|p1a: ahahahaa|Mach Punch|p2a: Croconaw
|-end|p2a: Croconaw|Substitute
|-damage|p1a: ahahahaa|243\/269 psn|[from] item: Life Orb
|move|p2a: Croconaw|Waterfall|p1a: ahahahaa
|-supereffective|p1a: ahahahaa
|-damage|p1a: ahahahaa|0 fnt
|faint|p1a: ahahahaa
|
|upkeep
|c|☆lcezasfuck|lol
|c|☆lcezasfuck|gg again
|c|☆lcezasfuck|ferroseed can
|c|☆lcezasfuck|resist this
|c|☆lcezasfuck|xD
|c|☆EspurrTales|back
|choice|switch 2|
|
|switch|p1a: wish i was stoutla|Herdier, M|271\/271
|-status|p1a: wish i was stoutla|psn
|turn|11
|choice|move facade|move icepunch
|
|move|p2a: Croconaw|Ice Punch|p1a: wish i was stoutla
|-damage|p1a: wish i was stoutla|0 fnt
|faint|p1a: wish i was stoutla
|
|upkeep
|c|☆EspurrTales|sigh
|c|☆EspurrTales|gg
|c|☆lcezasfuck|gg
|-message|EspurrTales forfeited.
|
|win|lcezasfuck
|c|☆EspurrTales|HMM
|l|EspurrTales</script>
</div>
<div class="battle-log battle-log-inline"><div class="inner"><div class="battle-options"></div><div class="inner"><div class="chat"><small>EspurrTales joined.</small></div><div class="chat"><small>lcezasfuck joined.</small></div><div class=""><small>Format:</small> <br><strong>RU</strong></div><div class=""><small><em>Sleep Clause Mod:</em> Limit one foe put to sleep</small></div><div class=""><small><em>Species Clause:</em> Limit one of each Pokémon</small></div><div class=""><small><em>OHKO Clause:</em> OHKO moves are banned</small></div><div class=""><small><em>Moody Clause:</em> Moody is banned</small></div><div class=""><small><em>Evasion Moves Clause:</em> Evasion moves are banned</small></div><div class=""><small><em>Endless Battle Clause:</em> Forcing endless battles is banned</small></div><div class=""><small><em>HP Percentage Mod:</em> HP is shown in percentages</small></div><div class=""><small><em>Swagger Clause:</em> Swagger is banned</small></div><div class=""><small><em>Baton Pass Clause:</em> Limit one Baton Passer, can't pass Spe and other stats simultaneously</small></div><div class="chat battle-history"><strong>EspurrTales's team:</strong> <em style="color:#445566;display:block;">Sneasel / Herdier / Marshtomp / Wingull / Monferno / Lickitung</em></div><div class="chat battle-history"><strong>lcezasfuck's team:</strong> <em style="color:#445566;display:block;">Nidorino / Croconaw / Ferroseed / Diglett / Sneasel / Magnemite</em></div><div class="chat chatmessage-espurrtales"><strong style="color:hsl(267,74%,54.21734417332582%)"><small>☆</small><span class="username" data-name="EspurrTales">EspurrTales</span>:</strong> <em>perfect. :)</em></div><div class="chat chatmessage-lcezasfuck"><strong style="color:hsl(63,60%,38.09380051909%)"><small>☆</small><span class="username" data-name="lcezasfuck">lcezasfuck</span>:</strong> <em>yes</em></div><div class="chat chatmessage-espurrtales"><strong style="color:hsl(267,74%,54.21734417332582%)"><small>☆</small><span class="username" data-name="EspurrTales">EspurrTales</span>:</strong> <em><span class="greentext">&gt;croconaw</span></em></div><div class="chat chatmessage-lcezasfuck"><strong style="color:hsl(63,60%,38.09380051909%)"><small>☆</small><span class="username" data-name="lcezasfuck">lcezasfuck</span>:</strong> <em>50 is suck..</em></div><div class="chat chatmessage-espurrtales"><strong style="color:hsl(267,74%,54.21734417332582%)"><small>☆</small><span class="username" data-name="EspurrTales">EspurrTales</span>:</strong> <em>i'll kill it</em></div><div class="chat chatmessage-lcezasfuck"><strong style="color:hsl(63,60%,38.09380051909%)"><small>☆</small><span class="username" data-name="lcezasfuck">lcezasfuck</span>:</strong> <em>lol</em></div><div class="chat chatmessage-lcezasfuck"><strong style="color:hsl(63,60%,38.09380051909%)"><small>☆</small><span class="username" data-name="lcezasfuck">lcezasfuck</span>:</strong> <em>My croconaw is too baby</em></div><div class="chat chatmessage-lcezasfuck"><strong style="color:hsl(63,60%,38.09380051909%)"><small>☆</small><span class="username" data-name="lcezasfuck">lcezasfuck</span>:</strong> <em>too young</em></div><div class="chat chatmessage-espurrtales"><strong style="color:hsl(267,74%,54.21734417332582%)"><small>☆</small><span class="username" data-name="EspurrTales">EspurrTales</span>:</strong> <em>love johto</em></div><div class="spacer battle-history"><br></div><div class="battle-history">Battle started between EspurrTales and lcezasfuck!<br></div><div class="spacer battle-history"><br></div><div class="battle-history">Go! ahahahaha (<strong>Marshtomp</strong>)!<br></div><div class="spacer battle-history"><br></div><div class="battle-history">lcezasfuck sent out <strong>Nidorino</strong>!<br></div><div class="spacer battle-history"><br></div><h2 class="battle-history">Turn 1</h2><div class="chat chatmessage-espurrtales"><strong style="color:hsl(267,74%,54.21734417332582%)"><small>☆</small><span class="username" data-name="EspurrTales">EspurrTales</span>:</strong> <em>starters</em></div><div class="spacer battle-history"><br></div><div class="battle-history">The opposing Nidorino used <strong>Poison Jab</strong>!<br></div><div class="battle-history"><small>ahahahaha avoided the attack!</small><br></div><div class="spacer battle-history"><br></div><div class="battle-history">ahahahaha used <strong>Stealth Rock</strong>!<br></div><div class="battle-history"><small>Pointed stones float in the air around the opposing team!</small><br></div><div class="spacer battle-history"><br></div><h2 class="battle-history">Turn 2</h2><div class="chat"><small>literallyian joined.</small></div><div class="spacer battle-history"><br></div><div class="battle-history">The opposing Nidorino used <strong>Hidden Power</strong>!<br></div><div class="battle-history"><small>It's super effective!</small><br></div><div class="battle-history"><small>(ahahahaha lost <abbr title="−164/344">47.7%</abbr> of its health!)</small><br></div><div class="spacer battle-history"><br></div><div class="battle-history">ahahahaha used <strong>Scald</strong>!<br></div><div class="battle-history"><small>(The opposing Nidorino lost <abbr title="−108/263">41.1%</abbr> of its health!)</small><br></div><div class="spacer battle-history"><br></div><div class="battle-history"><small>ahahahaha restored a little HP using its Leftovers!</small><br></div><div class="spacer battle-history"><br></div><h2 class="battle-history">Turn 3</h2><div class="chat chatmessage-espurrtales"><strong style="color:hsl(267,74%,54.21734417332582%)"><small>☆</small><span class="username" data-name="EspurrTales">EspurrTales</span>:</strong> <em>shit forgot about that</em></div><div class="spacer battle-history"><br></div><div class="battle-history">The opposing Nidorino used <strong>Toxic Spikes</strong>!<br></div><div class="battle-history"><small>Poison spikes were scattered on the ground all around your team!</small><br></div><div class="spacer battle-history"><br></div><div class="battle-history">ahahahaha used <strong>Earth Power</strong>!<br></div><div class="battle-history"><small>It's super effective!</small><br></div><div class="battle-history"><small>(The opposing Nidorino lost <abbr title="−155/263">58.9%</abbr> of its health!)</small><br></div><div class="spacer battle-history"><br></div><div class="battle-history">The opposing Nidorino fainted!<br></div><div class="spacer battle-history"><br></div><div class="battle-history"><small>ahahahaha restored a little HP using its Leftovers!</small><br></div><div class="chat chatmessage-lcezasfuck"><strong style="color:hsl(63,60%,38.09380051909%)"><small>☆</small><span class="username" data-name="lcezasfuck">lcezasfuck</span>:</strong> <em>xD</em></div><div class="spacer battle-history"><br></div><div class="battle-history">lcezasfuck sent out <strong>Croconaw</strong>!<br></div><div class="battle-history"><small>Pointed stones dug into the opposing Croconaw!</small><br></div><div class="spacer battle-history"><br></div><h2 class="battle-history">Turn 4</h2><div class="chat"><small>MacrostaLight joined.</small></div><div class="chat chatmessage-espurrtales"><strong style="color:hsl(267,74%,54.21734417332582%)"><small>☆</small><span class="username" data-name="EspurrTales">EspurrTales</span>:</strong> <em>inb4 special</em></div><div class="spacer battle-history"><br></div><div class="battle-history">The opposing Croconaw used <strong>Substitute</strong>!<br></div><div class="battle-history"><small>The opposing Croconaw put in a substitute!</small><br></div><div class="battle-history"><small>(The opposing Croconaw lost <abbr title="−67/271">24.7%</abbr> of its health!)</small><br></div><div class="spacer battle-history"><br></div><div class="battle-history">ahahahaha used <strong>Toxic</strong>!<br></div><div class="battle-history"><small>But it failed!</small><br></div><div class="spacer battle-history"><br></div><div class="battle-history"><small>ahahahaha restored a little HP using its Leftovers!</small><br></div><div class="spacer battle-history"><br></div><h2 class="battle-history">Turn 5</h2><div class="chat chatmessage-espurrtales"><strong style="color:hsl(267,74%,54.21734417332582%)"><small>☆</small><span class="username" data-name="EspurrTales">EspurrTales</span>:</strong> <em>wrse</em></div><div class="chat chatmessage-lcezasfuck"><strong style="color:hsl(63,60%,38.09380051909%)"><small>☆</small><span class="username" data-name="lcezasfuck">lcezasfuck</span>:</strong> <em>xD</em></div><div class="chat chatmessage-espurrtales"><strong style="color:hsl(267,74%,54.21734417332582%)"><small>☆</small><span class="username" data-name="EspurrTales">EspurrTales</span>:</strong> <em>worse</em></div><div class="spacer battle-history"><br></div><div class="battle-history">The opposing Croconaw used <strong>Dragon Dance</strong>!<br></div><div class="battle-history"><small>The opposing Croconaw's Attack rose!</small><br></div><div class="battle-history"><small>The opposing Croconaw's Speed rose!</small><br></div><div class="spacer battle-history"><br></div><div class="battle-history">ahahahaha used <strong>Earth Power</strong>!<br></div><div class="battle-history"><small>The opposing Croconaw's substitute faded!</small><br></div><div class="spacer battle-history"><br></div><div class="battle-history"><small>ahahahaha restored a little HP using its Leftovers!</small><br></div><div class="spacer battle-history"><br></div><h2 class="battle-history">Turn 6</h2><div class="spacer battle-history"><br></div><div class="battle-history">The opposing Croconaw used <strong>Dragon Dance</strong>!<br></div><div class="battle-history"><small>The opposing Croconaw's Attack rose!</small><br></div><div class="battle-history"><small>The opposing Croconaw's Speed rose!</small><br></div><div class="spacer battle-history"><br></div><div class="battle-history">ahahahaha used <strong>Scald</strong>!<br></div><div class="battle-history"><small>It's not very effective...</small><br></div><div class="battle-history"><small>(The opposing Croconaw lost <abbr title="−48/271">17.7%</abbr> of its health!)</small><br></div><div class="spacer battle-history"><br></div><div class="battle-history"><small>ahahahaha restored a little HP using its Leftovers!</small><br></div><div class="spacer battle-history"><br></div><h2 class="battle-history">Turn 7</h2><div class="chat chatmessage-espurrtales"><strong style="color:hsl(267,74%,54.21734417332582%)"><small>☆</small><span class="username" data-name="EspurrTales">EspurrTales</span>:</strong> <em>omg</em></div><div class="spacer battle-history"><br></div><div class="battle-history">The opposing Croconaw used <strong>Substitute</strong>!<br></div><div class="battle-history"><small>The opposing Croconaw put in a substitute!</small><br></div><div class="battle-history"><small>(The opposing Croconaw lost <abbr title="−67/271">24.7%</abbr> of its health!)</small><br></div><div class="spacer battle-history"><br></div><div class="battle-history">ahahahaha used <strong>Scald</strong>!<br></div><div class="battle-history"><small>It's not very effective...</small><br></div><div class="battle-history"><small>The substitute took damage for the opposing Croconaw!</small><br></div><div class="spacer battle-history"><br></div><div class="battle-history"><small>ahahahaha restored a little HP using its Leftovers!</small><br></div><div class="spacer battle-history"><br></div><h2 class="battle-history">Turn 8</h2><div class="spacer battle-history"><br></div><div class="battle-history">The opposing Croconaw used <strong>Waterfall</strong>!<br></div><div class="battle-history"><small>(ahahahaha lost <abbr title="−306/344">89.0%</abbr> of its health!)</small><br></div><div class="spacer battle-history"><br></div><div class="battle-history">ahahahaha fainted!<br></div><div class="chat chatmessage-lcezasfuck"><strong style="color:hsl(63,60%,38.09380051909%)"><small>☆</small><span class="username" data-name="lcezasfuck">lcezasfuck</span>:</strong> <em>yes</em></div><div class="spacer battle-history"><br></div><div class="battle-history">Go! captain (<strong>Wingull</strong>)!<br></div><div class="spacer battle-history"><br></div><h2 class="battle-history">Turn 9</h2><div class="chat chatmessage-espurrtales"><strong style="color:hsl(267,74%,54.21734417332582%)"><small>☆</small><span class="username" data-name="EspurrTales">EspurrTales</span>:</strong> <em>wdf</em></div><div class="spacer battle-history"><br></div><div class="battle-history">The opposing Croconaw used <strong>Ice Punch</strong>!<br></div><div class="battle-history"><small>(captain lost <abbr title="−284/284">100%</abbr> of its health!)</small><br></div><div class="spacer battle-history"><br></div><div class="battle-history">captain fainted!<br></div><div class="chat chatmessage-espurrtales"><strong style="color:hsl(267,74%,54.21734417332582%)"><small>☆</small><span class="username" data-name="EspurrTales">EspurrTales</span>:</strong> <em>noooooooo</em></div><div class="chat chatmessage-lcezasfuck"><strong style="color:hsl(63,60%,38.09380051909%)"><small>☆</small><span class="username" data-name="lcezasfuck">lcezasfuck</span>:</strong> <em>too OP</em></div><div class="spacer battle-history"><br></div><div class="battle-history">Go! ahahahaa (<strong>Monferno</strong>)!<br></div><div class="battle-history"><small>ahahahaa was poisoned!</small><br></div><div class="spacer battle-history"><br></div><h2 class="battle-history">Turn 10</h2><div class="spacer battle-history"><br></div><div class="battle-history">ahahahaa used <strong>Mach Punch</strong>!<br></div><div class="battle-history"><small>The opposing Croconaw's substitute faded!</small><br></div><div class="battle-history"><small>ahahahaa lost some of its HP!</small><br></div><div class="spacer battle-history"><br></div><div class="battle-history">The opposing Croconaw used <strong>Waterfall</strong>!<br></div><div class="battle-history"><small>It's super effective!</small><br></div><div class="battle-history"><small>(ahahahaa lost <abbr title="−243/269">90.3%</abbr> of its health!)</small><br></div><div class="spacer battle-history"><br></div><div class="battle-history">ahahahaa fainted!<br></div><div class="chat chatmessage-lcezasfuck"><strong style="color:hsl(63,60%,38.09380051909%)"><small>☆</small><span class="username" data-name="lcezasfuck">lcezasfuck</span>:</strong> <em>lol</em></div><div class="chat chatmessage-lcezasfuck"><strong style="color:hsl(63,60%,38.09380051909%)"><small>☆</small><span class="username" data-name="lcezasfuck">lcezasfuck</span>:</strong> <em>gg again</em></div><div class="chat chatmessage-lcezasfuck"><strong style="color:hsl(63,60%,38.09380051909%)"><small>☆</small><span class="username" data-name="lcezasfuck">lcezasfuck</span>:</strong> <em>ferroseed can</em></div><div class="chat chatmessage-lcezasfuck"><strong style="color:hsl(63,60%,38.09380051909%)"><small>☆</small><span class="username" data-name="lcezasfuck">lcezasfuck</span>:</strong> <em>resist this</em></div><div class="chat chatmessage-lcezasfuck"><strong style="color:hsl(63,60%,38.09380051909%)"><small>☆</small><span class="username" data-name="lcezasfuck">lcezasfuck</span>:</strong> <em>xD</em></div><div class="chat chatmessage-espurrtales"><strong style="color:hsl(267,74%,54.21734417332582%)"><small>☆</small><span class="username" data-name="EspurrTales">EspurrTales</span>:</strong> <em>back</em></div><div class="spacer battle-history"><br></div><div class="battle-history">Go! wish i was stoutla (<strong>Herdier</strong>)!<br></div><div class="battle-history"><small>wish i was stoutla was poisoned!</small><br></div><div class="spacer battle-history"><br></div><h2 class="battle-history">Turn 11</h2><div class="spacer battle-history"><br></div><div class="battle-history">The opposing Croconaw used <strong>Ice Punch</strong>!<br></div><div class="battle-history"><small>(wish i was stoutla lost <abbr title="−271/271">100%</abbr> of its health!)</small><br></div><div class="spacer battle-history"><br></div><div class="battle-history">wish i was stoutla fainted!<br></div><div class="chat chatmessage-espurrtales"><strong style="color:hsl(267,74%,54.21734417332582%)"><small>☆</small><span class="username" data-name="EspurrTales">EspurrTales</span>:</strong> <em>sigh</em></div><div class="chat chatmessage-espurrtales"><strong style="color:hsl(267,74%,54.21734417332582%)"><small>☆</small><span class="username" data-name="EspurrTales">EspurrTales</span>:</strong> <em>gg</em></div><div class="chat chatmessage-lcezasfuck"><strong style="color:hsl(63,60%,38.09380051909%)"><small>☆</small><span class="username" data-name="lcezasfuck">lcezasfuck</span>:</strong> <em>gg</em></div><div class="spacer battle-history"><br></div><div class="battle-history"><small>EspurrTales forfeited.</small><br></div><div class="spacer battle-history"><br></div><div class="battle-history"><strong>lcezasfuck</strong> won the battle!<br></div><div class="chat chatmessage-espurrtales"><strong style="color:hsl(267,74%,54.21734417332582%)"><small>☆</small><span class="username" data-name="EspurrTales">EspurrTales</span>:</strong> <em>HMM</em></div><div class="chat"><small>EspurrTales left.</small></div></div><div class="inner-preempt"></div></div></div>
</div>
<script>
let daily = Math.floor(Date.now()/1000/60/60/24);document.write('<script src="https://play.pokemonshowdown.com/js/replay-embed.js?version'+daily+'"></'+'script>');
</script>
