<!DOCTYPE html>
<meta charset="utf-8" />
<!-- version 1 -->
<title>RU replay: Liam43 vs. bnast</title>
<style>
html,body {font-family:Verdana, sans-serif;font-size:10pt;margin:0;padding:0;}body{padding:12px 0;} .battle-log {font-family:Verdana, sans-serif;font-size:10pt;} .battle-log-inline {border:1px solid #AAAAAA;background:#EEF2F5;color:black;max-width:640px;margin:0 auto 80px;padding-bottom:5px;} .battle-log .inner {padding:4px 8px 0px 8px;} .battle-log .inner-preempt {padding:0 8px 4px 8px;} .battle-log .inner-after {margin-top:0.5em;} .battle-log h2 {margin:0.5em -8px;padding:4px 8px;border:1px solid #AAAAAA;background:#E0E7EA;border-left:0;border-right:0;font-family:Verdana, sans-serif;font-size:13pt;} .battle-log .chat {vertical-align:middle;padding:3px 0 3px 0;font-size:8pt;} .battle-log .chat strong {color:#40576A;} .battle-log .chat em {padding:1px 4px 1px 3px;color:#000000;font-style:normal;} .chat.mine {background:rgba(0,0,0,0.05);margin-left:-8px;margin-right:-8px;padding-left:8px;padding-right:8px;} .spoiler {color:#BBBBBB;background:#BBBBBB;padding:0px 3px;} .spoiler:hover, .spoiler:active, .spoiler-shown {color:#000000;background:#E2E2E2;padding:0px 3px;} .spoiler a {color:#BBBBBB;} .spoiler:hover a, .spoiler:active a, .spoiler-shown a {color:#2288CC;} .chat code, .chat .spoiler:hover code, .chat .spoiler:active code, .chat .spoiler-shown code {border:1px solid #C0C0C0;background:#EEEEEE;color:black;padding:0 2px;} .chat .spoiler code {border:1px solid #CCCCCC;background:#CCCCCC;color:#CCCCCC;} .battle-log .rated {padding:3px 4px;} .battle-log .rated strong {color:white;background:#89A;padding:1px 4px;border-radius:4px;} .spacer {margin-top:0.5em;} .message-announce {background:#6688AA;color:white;padding:1px 4px 2px;} .message-announce a, .broadcast-green a, .broadcast-blue a, .broadcast-red a {color:#DDEEFF;} .broadcast-green {background-color:#559955;color:white;padding:2px 4px;} .broadcast-blue {background-color:#6688AA;color:white;padding:2px 4px;} .infobox {border:1px solid #6688AA;padding:2px 4px;} .infobox-limited {max-height:200px;overflow:auto;overflow-x:hidden;} .broadcast-red {background-color:#AA5544;color:white;padding:2px 4px;} .message-learn-canlearn {font-weight:bold;color:#228822;text-decoration:underline;} .message-learn-cannotlearn {font-weight:bold;color:#CC2222;text-decoration:underline;} .message-effect-weak {font-weight:bold;color:#CC2222;} .message-effect-resist {font-weight:bold;color:#6688AA;} .message-effect-immune {font-weight:bold;color:#666666;} .message-learn-list {margin-top:0;margin-bottom:0;} .message-throttle-notice, .message-error {color:#992222;} .message-overflow, .chat small.message-overflow {font-size:0pt;} .message-overflow::before {font-size:9pt;content:'...';} .subtle {color:#3A4A66;}
</style>
<div class="wrapper replay-wrapper" style="max-width:1180px;margin:0 auto">
<input type="hidden" name="replayid" value="ru-520152853" />
<div class="battle"></div><div class="battle-log"></div><div class="replay-controls"></div><div class="replay-controls-2"></div>
<h1 style="font-weight:normal;text-align:center"><strong>RU</strong><br /><a href="http://pokemonshowdown.com/users/liam43" class="subtle" target="_blank">Liam43</a> vs. <a href="http://pokemonshowdown.com/users/bnast" class="subtle" target="_blank">bnast</a></h1>
<script type="text/plain" class="battle-log-data">|j|Liam43
|j|bnast
|player|p1|Liam43|169
|player|p2|bnast|221
|gametype|singles
|gen|6
|tier|RU
|rated
|seed|26451,44619,11386,57854
|rule|Sleep Clause Mod: Limit one foe put to sleep
|rule|Species Clause: Limit one of each Pokémon
|rule|OHKO Clause: OHKO moves are banned
|rule|Moody Clause: Moody is banned
|rule|Evasion Moves Clause: Evasion moves are banned
|rule|Endless Battle Clause: Forcing endless battles is banned
|rule|HP Percentage Mod: HP is shown in percentages
|clearpoke
|poke|p1|Flygon, M|item
|poke|p1|Houndoom, M|item
|poke|p1|Qwilfish, M|item
|poke|p1|Diancie|item
|poke|p1|Virizion|item
|poke|p1|Sigilyph, M|item
|poke|p2|Camerupt, F|item
|poke|p2|Barbaracle, M|item
|poke|p2|Sigilyph, F|item
|poke|p2|Alomomola, F|item
|poke|p2|Roselia, M|item
|poke|p2|Flygon, F|item
|rule|Swagger Clause: Swagger is banned
|rule|Baton Pass Clause: Limit one Baton Passer, can't pass Spe and other stats simultaneously
|teampreview
|choice|team 3, team 2, team 1, team 4, team 5, team 6|team 1, team 2, team 3, team 4, team 5, team 6
|
|start
|switch|p1a: Qwilfish|Qwilfish, M|334\/334
|switch|p2a: Camerupt|Camerupt, F|341\/341
|-ability|p1a: Qwilfish|Intimidate|boost
|-unboost|p2a: Camerupt|atk|1
|turn|1
|choice|move toxicspikes|switch 4
|
|switch|p2a: Alomomola|Alomomola, F|497\/497
|move|p1a: Qwilfish|Toxic Spikes|p2a: Alomomola
|-sidestart|p2: bnast|move: Toxic Spikes
|
|upkeep
|turn|2
|choice|move toxicspikes|switch 5
|
|switch|p2a: Roselia|Roselia, M|303\/303
|-sideend|p2: bnast|move: Toxic Spikes|[of] p2a: Roselia
|move|p1a: Qwilfish|Toxic Spikes|p2a: Roselia
|-sidestart|p2: bnast|move: Toxic Spikes
|
|upkeep
|turn|3
|choice|switch 6|move spikes
|
|switch|p1a: Sigilyph|Sigilyph, M|285\/285
|move|p2a: Roselia|Spikes|p1a: Sigilyph
|-sidestart|p1: Liam43|Spikes
|
|upkeep
|turn|4
|choice|move psychic|switch 6
|
|switch|p2a: Flygon|Flygon, F|301\/301
|move|p1a: Sigilyph|Psychic|p2a: Flygon
|-crit|p2a: Flygon
|-damage|p2a: Flygon|0 fnt
|faint|p2a: Flygon
|
|upkeep
|choice||switch 6
|
|switch|p2a: Roselia|Roselia, M|303\/303
|-sideend|p2: bnast|move: Toxic Spikes|[of] p2a: Roselia
|turn|5
|choice|move psychic|switch 3
|
|switch|p2a: Sigilyph|Sigilyph, F|348\/348
|move|p1a: Sigilyph|Psychic|p2a: Sigilyph
|-resisted|p2a: Sigilyph
|-damage|p2a: Sigilyph|251\/348
|
|-status|p2a: Sigilyph|brn|[from] item: Flame Orb
|upkeep
|turn|6
|choice|switch 4|switch 4
|
|switch|p2a: Camerupt|Camerupt, F|341\/341
|switch|p1a: Diancie|Diancie|304\/304
|-damage|p1a: Diancie|266\/304|[from] Spikes
|
|-heal|p1a: Diancie|285\/304|[from] item: Leftovers
|upkeep
|turn|7
|choice|move stealthrock|move stealthrock mega
|
|detailschange|p2a: Camerupt|Camerupt-Mega, F
|-mega|p2a: Camerupt|Camerupt|Cameruptite
|move|p2a: Camerupt|Stealth Rock|p1a: Diancie
|-sidestart|p1: Liam43|move: Stealth Rock
|move|p1a: Diancie|Stealth Rock|p2a: Camerupt
|-sidestart|p2: bnast|move: Stealth Rock
|
|-heal|p1a: Diancie|304\/304|[from] item: Leftovers
|upkeep
|turn|8
|choice|move toxic|move fireblast
|
|move|p1a: Diancie|Toxic|p2a: Camerupt
|-status|p2a: Camerupt|tox
|move|p2a: Camerupt|Fire Blast|p1a: Diancie
|-resisted|p1a: Diancie
|-damage|p1a: Diancie|223\/304
|
|-heal|p1a: Diancie|242\/304|[from] item: Leftovers
|-damage|p2a: Camerupt|320\/341 tox|[from] psn
|upkeep
|turn|9
|choice|move diamondstorm|move earthpower
|
|move|p1a: Diancie|Diamond Storm|p2a: Camerupt
|-damage|p2a: Camerupt|191\/341 tox
|-boost|p1a: Diancie|def|1
|move|p2a: Camerupt|Earth Power|p1a: Diancie
|-supereffective|p1a: Diancie
|-damage|p1a: Diancie|0 fnt
|faint|p1a: Diancie
|
|-damage|p2a: Camerupt|149\/341 tox|[from] psn
|upkeep
|choice|switch 6|
|
|switch|p1a: Qwilfish|Qwilfish, M|334\/334
|-damage|p1a: Qwilfish|293\/334|[from] Stealth Rock
|-damage|p1a: Qwilfish|252\/334|[from] Spikes
|-ability|p1a: Qwilfish|Intimidate|boost
|-unboost|p2a: Camerupt|atk|1
|turn|10
|choice|move waterfall|switch 4
|
|switch|p2a: Sigilyph|Sigilyph, F|251\/348 brn
|move|p1a: Qwilfish|Waterfall|p2a: Sigilyph
|-damage|p2a: Sigilyph|136\/348 brn
|
|-heal|p1a: Qwilfish|272\/334|[from] item: Black Sludge
|upkeep
|turn|11
|choice|move waterfall|move roost
|
|move|p2a: Sigilyph|Roost|p2a: Sigilyph
|-heal|p2a: Sigilyph|310\/348 brn
|move|p1a: Qwilfish|Waterfall|p2a: Sigilyph
|-damage|p2a: Sigilyph|204\/348 brn
|
|-heal|p1a: Qwilfish|292\/334|[from] item: Black Sludge
|upkeep
|turn|12
|choice|move waterfall|move airslash
|
|move|p2a: Sigilyph|Air Slash|p1a: Qwilfish
|-damage|p1a: Qwilfish|133\/334
|move|p1a: Qwilfish|Waterfall|p2a: Sigilyph
|-damage|p2a: Sigilyph|92\/348 brn
|
|-heal|p1a: Qwilfish|153\/334|[from] item: Black Sludge
|upkeep
|turn|13
|choice|move waterfall|move psychoshift
|
|move|p2a: Sigilyph|Psycho Shift|p1a: Qwilfish
|-status|p1a: Qwilfish|brn
|-curestatus|p2a: Sigilyph|brn|[msg]
|move|p1a: Qwilfish|Waterfall|p2a: Sigilyph
|-damage|p2a: Sigilyph|38\/348
|
|-heal|p1a: Qwilfish|173\/334 brn|[from] item: Black Sludge
|-damage|p1a: Qwilfish|132\/334 brn|[from] brn
|-status|p2a: Sigilyph|brn|[from] item: Flame Orb
|upkeep
|turn|14
|choice|move waterfall|move roost
|
|move|p2a: Sigilyph|Roost|p2a: Sigilyph
|-heal|p2a: Sigilyph|212\/348 brn
|move|p1a: Qwilfish|Waterfall|p2a: Sigilyph
|-damage|p2a: Sigilyph|155\/348 brn
|
|-heal|p1a: Qwilfish|152\/334 brn|[from] item: Black Sludge
|-damage|p1a: Qwilfish|111\/334 brn|[from] brn
|upkeep
|turn|15
|choice|move spikes|move roost
|
|move|p2a: Sigilyph|Roost|p2a: Sigilyph
|-heal|p2a: Sigilyph|329\/348 brn
|move|p1a: Qwilfish|Spikes|p2a: Sigilyph
|-sidestart|p2: bnast|Spikes
|
|-heal|p1a: Qwilfish|131\/334 brn|[from] item: Black Sludge
|-damage|p1a: Qwilfish|90\/334 brn|[from] brn
|upkeep
|turn|16
|choice|move waterfall|move airslash
|
|move|p2a: Sigilyph|Air Slash|p1a: Qwilfish
|-crit|p1a: Qwilfish
|-damage|p1a: Qwilfish|0 fnt
|faint|p1a: Qwilfish
|
|upkeep
|choice|switch 3|
|
|switch|p1a: Flygon|Flygon, M|301\/301
|-damage|p1a: Flygon|283\/301|[from] Stealth Rock
|turn|17
|choice|move dragonclaw|move calmmind
|
|move|p1a: Flygon|Dragon Claw|p2a: Sigilyph
|-damage|p2a: Sigilyph|134\/348 brn
|-damage|p1a: Flygon|253\/301|[from] item: Life Orb
|move|p2a: Sigilyph|Calm Mind|p2a: Sigilyph
|-boost|p2a: Sigilyph|spa|1
|-boost|p2a: Sigilyph|spd|1
|
|upkeep
|turn|18
|choice|move dragonclaw|switch 5
|
|switch|p2a: Alomomola|Alomomola, F|497\/497
|-damage|p2a: Alomomola|435\/497|[from] Spikes
|-damage|p2a: Alomomola|373\/497|[from] Stealth Rock
|move|p1a: Flygon|Dragon Claw|p2a: Alomomola
|-damage|p2a: Alomomola|255\/497
|-damage|p1a: Flygon|223\/301|[from] item: Life Orb
|
|-heal|p2a: Alomomola|286\/497|[from] item: Leftovers
|upkeep
|turn|19
|choice|move dragonclaw|move wish
|
|move|p1a: Flygon|Dragon Claw|p2a: Alomomola
|-damage|p2a: Alomomola|168\/497
|-damage|p1a: Flygon|193\/301|[from] item: Life Orb
|move|p2a: Alomomola|Wish|p2a: Alomomola
|
|-heal|p2a: Alomomola|199\/497|[from] item: Leftovers
|upkeep
|turn|20
|choice|switch 5|move knockoff
|
|switch|p1a: Virizion|Virizion|323\/323
|-damage|p1a: Virizion|283\/323|[from] Spikes
|-damage|p1a: Virizion|263\/323|[from] Stealth Rock
|move|p2a: Alomomola|Knock Off|p1a: Virizion
|-resisted|p1a: Virizion
|-damage|p1a: Virizion|227\/323
|-ability|p1a: Virizion|Justified|boost
|-boost|p1a: Virizion|atk|1
|-enditem|p1a: Virizion|Expert Belt|[from] move: Knock Off|[of] p2a: Alomomola
|
|-heal|p2a: Alomomola|447\/497|[from] move: Wish|[wisher] Alomomola
|-heal|p2a: Alomomola|478\/497|[from] item: Leftovers
|upkeep
|turn|21
|choice|move leafblade|move scald
|
|move|p1a: Virizion|Leaf Blade|p2a: Alomomola
|-supereffective|p2a: Alomomola
|-damage|p2a: Alomomola|188\/497
|move|p2a: Alomomola|Scald|p1a: Virizion
|-resisted|p1a: Virizion
|-damage|p1a: Virizion|212\/323
|-status|p1a: Virizion|brn
|
|-heal|p2a: Alomomola|219\/497|[from] item: Leftovers
|-damage|p1a: Virizion|172\/323 brn|[from] brn
|upkeep
|turn|22
|choice|move leafblade|move wish
|
|move|p1a: Virizion|Leaf Blade|p2a: Alomomola
|-supereffective|p2a: Alomomola
|-crit|p2a: Alomomola
|-damage|p2a: Alomomola|0 fnt
|faint|p2a: Alomomola
|
|-damage|p1a: Virizion|132\/323 brn|[from] brn
|upkeep
|choice||switch 5
|
|switch|p2a: Sigilyph|Sigilyph, F|134\/348 brn
|turn|23
|choice|move stoneedge|move roost
|
|move|p1a: Virizion|Stone Edge|p2a: Sigilyph
|-supereffective|p2a: Sigilyph
|-damage|p2a: Sigilyph|0 fnt
|faint|p2a: Sigilyph
|
|-damage|p1a: Virizion|92\/323 brn|[from] brn
|upkeep
|choice||switch 3
|
|switch|p2a: Roselia|Roselia, M|303\/303
|-damage|p2a: Roselia|266\/303|[from] Stealth Rock
|-damage|p2a: Roselia|229\/303|[from] Spikes
|turn|24
|choice|move stoneedge|move sludgebomb
|
|move|p1a: Virizion|Stone Edge|p2a: Roselia
|-damage|p2a: Roselia|164\/303
|move|p2a: Roselia|Sludge Bomb|p1a: Virizion
|-supereffective|p1a: Virizion
|-damage|p1a: Virizion|0 fnt
|faint|p1a: Virizion
|
|upkeep
|choice|switch 4|
|
|switch|p1a: Sigilyph|Sigilyph, M|285\/285
|turn|25
|choice|move airslash|move sludgebomb
|
|move|p1a: Sigilyph|Air Slash|p2a: Roselia
|-supereffective|p2a: Roselia
|-damage|p2a: Roselia|0 fnt
|faint|p2a: Roselia
|
|upkeep
|choice||switch 2
|
|switch|p2a: Barbaracle|Barbaracle, M|285\/285
|-damage|p2a: Barbaracle|250\/285|[from] Stealth Rock
|-damage|p2a: Barbaracle|215\/285|[from] Spikes
|turn|26
|choice|move psychic|move shellsmash
|
|move|p1a: Sigilyph|Psychic|p2a: Barbaracle
|-damage|p2a: Barbaracle|24\/285
|move|p2a: Barbaracle|Shell Smash|p2a: Barbaracle
|-unboost|p2a: Barbaracle|def|1
|-unboost|p2a: Barbaracle|spd|1
|-boost|p2a: Barbaracle|atk|2
|-boost|p2a: Barbaracle|spa|2
|-boost|p2a: Barbaracle|spe|2
|
|upkeep
|turn|27
|choice|move psychic|move razorshell
|
|move|p2a: Barbaracle|Razor Shell|p1a: Sigilyph
|-damage|p1a: Sigilyph|0 fnt
|faint|p1a: Sigilyph
|
|upkeep
|choice|switch 5|
|
|switch|p1a: Flygon|Flygon, M|193\/301
|-damage|p1a: Flygon|175\/301|[from] Stealth Rock
|turn|28
|choice|move earthquake|move razorshell
|
|move|p2a: Barbaracle|Razor Shell|p1a: Flygon
|-damage|p1a: Flygon|0 fnt
|faint|p1a: Flygon
|
|upkeep
|choice|switch 2|
|
|switch|p1a: Houndoom|Houndoom, M|291\/291
|-damage|p1a: Houndoom|255\/291|[from] Spikes
|-damage|p1a: Houndoom|183\/291|[from] Stealth Rock
|turn|29
|choice|move hiddenpower|move poisonjab
|
|move|p2a: Barbaracle|Poison Jab|p1a: Houndoom
|-damage|p1a: Houndoom|0 fnt
|faint|p1a: Houndoom
|
|win|bnast
|player|p1
|player|p2</script>
</div>
<div class="battle-log battle-log-inline"><div class="inner"><div class="battle-options"></div><div class="inner"><div class="chat"><small>Liam43 joined.</small></div><div class="chat"><small>bnast joined.</small></div><div class=""><small>Format:</small> <br><strong>RU</strong></div><div class="rated"><strong>Rated battle</strong></div><div class=""><small><em>Sleep Clause Mod:</em> Limit one foe put to sleep</small></div><div class=""><small><em>Species Clause:</em> Limit one of each Pokémon</small></div><div class=""><small><em>OHKO Clause:</em> OHKO moves are banned</small></div><div class=""><small><em>Moody Clause:</em> Moody is banned</small></div><div class=""><small><em>Evasion Moves Clause:</em> Evasion moves are banned</small></div><div class=""><small><em>Endless Battle Clause:</em> Forcing endless battles is banned</small></div><div class=""><small><em>HP Percentage Mod:</em> HP is shown in percentages</small></div><div class=""><small><em>Swagger Clause:</em> Swagger is banned</small></div><div class=""><small><em>Baton Pass Clause:</em> Limit one Baton Passer, can't pass Spe and other stats simultaneously</small></div><div class="chat battle-history"><strong>Liam43's team:</strong> <em style="color:#445566;display:block;">Flygon / Houndoom / Qwilfish / Diancie / Virizion / Sigilyph</em></div><div class="chat battle-history"><strong>bnast's team:</strong> <em style="color:#445566;display:block;">Camerupt / Barbaracle / Sigilyph / Alomomola / Roselia / Flygon</em></div><div class="spacer battle-history"><br></div><div class="battle-history">Battle started between Liam43 and bnast!<br></div><div class="spacer battle-history"><br></div><div class="battle-history">Go! <strong>Qwilfish</strong>!<br></div><div class="spacer battle-history"><br></div><div class="battle-history">bnast sent out <strong>Camerupt</strong>!<br></div><div class="battle-history"><small>[Qwilfish's Intimidate]</small><br></div><div class="battle-history"><small>The opposing Camerupt's Attack fell!</small><br></div><div class="spacer battle-history"><br></div><h2 class="battle-history">Turn 1</h2><div class="spacer battle-history"><br></div><div class="battle-history">bnast withdrew Camerupt!<br></div><div class="battle-history">bnast sent out <strong>Alomomola</strong>!<br></div><div class="spacer battle-history"><br></div><div class="battle-history">Qwilfish used <strong>Toxic Spikes</strong>!<br></div><div class="battle-history"><small>Poison spikes were scattered on the ground all around the opposing team!</small><br></div><div class="spacer battle-history"><br></div><h2 class="battle-history">Turn 2</h2><div class="spacer battle-history"><br></div><div class="battle-history">bnast withdrew Alomomola!<br></div><div class="battle-history">bnast sent out <strong>Roselia</strong>!<br></div><div class="battle-history"><small>The poison spikes disappeared from the ground around the opposing team!</small><br></div><div class="spacer battle-history"><br></div><div class="battle-history">Qwilfish used <strong>Toxic Spikes</strong>!<br></div><div class="battle-history"><small>Poison spikes were scattered on the ground all around the opposing team!</small><br></div><div class="spacer battle-history"><br></div><h2 class="battle-history">Turn 3</h2><div class="spacer battle-history"><br></div><div class="battle-history">Qwilfish, come back!<br></div><div class="battle-history">Go! <strong>Sigilyph</strong>!<br></div><div class="spacer battle-history"><br></div><div class="battle-history">The opposing Roselia used <strong>Spikes</strong>!<br></div><div class="battle-history"><small>Spikes were scattered on the ground all around your team!</small><br></div><div class="spacer battle-history"><br></div><h2 class="battle-history">Turn 4</h2><div class="spacer battle-history"><br></div><div class="battle-history">bnast withdrew Roselia!<br></div><div class="battle-history">bnast sent out <strong>Flygon</strong>!<br></div><div class="spacer battle-history"><br></div><div class="battle-history">Sigilyph used <strong>Psychic</strong>!<br></div><div class="battle-history"><small>A critical hit!</small><br></div><div class="battle-history"><small>(The opposing Flygon lost <abbr title="−301/301">100%</abbr> of its health!)</small><br></div><div class="spacer battle-history"><br></div><div class="battle-history">The opposing Flygon fainted!<br></div><div class="spacer battle-history"><br></div><div class="battle-history">bnast sent out <strong>Roselia</strong>!<br></div><div class="battle-history"><small>The poison spikes disappeared from the ground around the opposing team!</small><br></div><div class="spacer battle-history"><br></div><h2 class="battle-history">Turn 5</h2><div class="spacer battle-history"><br></div><div class="battle-history">bnast withdrew Roselia!<br></div><div class="battle-history">bnast sent out <strong>Sigilyph</strong>!<br></div><div class="spacer battle-history"><br></div><div class="battle-history">Sigilyph used <strong>Psychic</strong>!<br></div><div class="battle-history"><small>It's not very effective...</small><br></div><div class="battle-history"><small>(The opposing Sigilyph lost <abbr title="−97/348">27.9%</abbr> of its health!)</small><br></div><div class="spacer battle-history"><br></div><div class="battle-history"><small>The opposing Sigilyph was burned!</small><br></div><div class="spacer battle-history"><br></div><h2 class="battle-history">Turn 6</h2><div class="spacer battle-history"><br></div><div class="battle-history">bnast withdrew Sigilyph!<br></div><div class="battle-history">bnast sent out <strong>Camerupt</strong>!<br></div><div class="spacer battle-history"><br></div><div class="battle-history">Sigilyph, come back!<br></div><div class="battle-history">Go! <strong>Diancie</strong>!<br></div><div class="battle-history"><small>Diancie is hurt by the spikes!</small><br></div><div class="spacer battle-history"><br></div><div class="battle-history"><small>Diancie restored a little HP using its Leftovers!</small><br></div><div class="spacer battle-history"><br></div><h2 class="battle-history">Turn 7</h2><div class="spacer battle-history"><br></div><div class="battle-history"><small>The opposing Camerupt's Cameruptite is reacting to bnast's Mega Bracelet!</small><br>The opposing Camerupt has Mega Evolved into Mega Camerupt!<br></div><div class="spacer battle-history"><br></div><div class="battle-history">The opposing Camerupt used <strong>Stealth Rock</strong>!<br></div><div class="battle-history"><small>Pointed stones float in the air around your team!</small><br></div><div class="spacer battle-history"><br></div><div class="battle-history">Diancie used <strong>Stealth Rock</strong>!<br></div><div class="battle-history"><small>Pointed stones float in the air around the opposing team!</small><br></div><div class="spacer battle-history"><br></div><div class="battle-history"><small>Diancie restored a little HP using its Leftovers!</small><br></div><div class="spacer battle-history"><br></div><h2 class="battle-history">Turn 8</h2><div class="spacer battle-history"><br></div><div class="battle-history">Diancie used <strong>Toxic</strong>!<br></div><div class="battle-history"><small>The opposing Camerupt was badly poisoned!</small><br></div><div class="spacer battle-history"><br></div><div class="battle-history">The opposing Camerupt used <strong>Fire Blast</strong>!<br></div><div class="battle-history"><small>It's not very effective...</small><br></div><div class="battle-history"><small>(Diancie lost <abbr title="−81/304">26.6%</abbr> of its health!)</small><br></div><div class="spacer battle-history"><br></div><div class="battle-history"><small>Diancie restored a little HP using its Leftovers!</small><br></div><div class="battle-history"><small>The opposing Camerupt was hurt by poison!</small><br></div><div class="spacer battle-history"><br></div><h2 class="battle-history">Turn 9</h2><div class="spacer battle-history"><br></div><div class="battle-history">Diancie used <strong>Diamond Storm</strong>!<br></div><div class="battle-history"><small>(The opposing Camerupt lost <abbr title="−129/341">37.8%</abbr> of its health!)</small><br></div><div class="battle-history"><small>Diancie's Defense rose!</small><br></div><div class="spacer battle-history"><br></div><div class="battle-history">The opposing Camerupt used <strong>Earth Power</strong>!<br></div><div class="battle-history"><small>It's super effective!</small><br></div><div class="battle-history"><small>(Diancie lost <abbr title="−242/304">79.6%</abbr> of its health!)</small><br></div><div class="spacer battle-history"><br></div><div class="battle-history">Diancie fainted!<br></div><div class="spacer battle-history"><br></div><div class="battle-history"><small>The opposing Camerupt was hurt by poison!</small><br></div><div class="spacer battle-history"><br></div><div class="battle-history">Go! <strong>Qwilfish</strong>!<br></div><div class="battle-history"><small>Pointed stones dug into Qwilfish!</small><br></div><div class="battle-history"><small>Qwilfish is hurt by the spikes!</small><br></div><div class="battle-history"><small>[Qwilfish's Intimidate]</small><br></div><div class="battle-history"><small>The opposing Camerupt's Attack fell!</small><br></div><div class="spacer battle-history"><br></div><h2 class="battle-history">Turn 10</h2><div class="spacer battle-history"><br></div><div class="battle-history">bnast withdrew Camerupt!<br></div><div class="battle-history">bnast sent out <strong>Sigilyph</strong>!<br></div><div class="spacer battle-history"><br></div><div class="battle-history">Qwilfish used <strong>Waterfall</strong>!<br></div><div class="battle-history"><small>(The opposing Sigilyph lost <abbr title="−115/348">33.0%</abbr> of its health!)</small><br></div><div class="spacer battle-history"><br></div><div class="battle-history"><small>Qwilfish restored a little HP using its Black Sludge!</small><br></div><div class="spacer battle-history"><br></div><h2 class="battle-history">Turn 11</h2><div class="spacer battle-history"><br></div><div class="battle-history">The opposing Sigilyph used <strong>Roost</strong>!<br></div><div class="battle-history"><small>The opposing Sigilyph restored its HP.</small><br></div><div class="spacer battle-history"><br></div><div class="battle-history">Qwilfish used <strong>Waterfall</strong>!<br></div><div class="battle-history"><small>(The opposing Sigilyph lost <abbr title="−106/348">30.5%</abbr> of its health!)</small><br></div><div class="spacer battle-history"><br></div><div class="battle-history"><small>Qwilfish restored a little HP using its Black Sludge!</small><br></div><div class="spacer battle-history"><br></div><h2 class="battle-history">Turn 12</h2><div class="spacer battle-history"><br></div><div class="battle-history">The opposing Sigilyph used <strong>Air Slash</strong>!<br></div><div class="battle-history"><small>(Qwilfish lost <abbr title="−159/334">47.6%</abbr> of its health!)</small><br></div><div class="spacer battle-history"><br></div><div class="battle-history">Qwilfish used <strong>Waterfall</strong>!<br></div><div class="battle-history"><small>(The opposing Sigilyph lost <abbr title="−112/348">32.2%</abbr> of its health!)</small><br></div><div class="spacer battle-history"><br></div><div class="battle-history"><small>Qwilfish restored a little HP using its Black Sludge!</small><br></div><div class="spacer battle-history"><br></div><h2 class="battle-history">Turn 13</h2><div class="spacer battle-history"><br></div><div class="battle-history">The opposing Sigilyph used <strong>Psycho Shift</strong>!<br></div><div class="battle-history"><small>Qwilfish was burned!</small><br></div><div class="battle-history"><small>The opposing Sigilyph's burn was healed.</small><br></div><div class="spacer battle-history"><br></div><div class="battle-history">Qwilfish used <strong>Waterfall</strong>!<br></div><div class="battle-history"><small>(The opposing Sigilyph lost <abbr title="−54/348">15.5%</abbr> of its health!)</small><br></div><div class="spacer battle-history"><br></div><div class="battle-history"><small>Qwilfish restored a little HP using its Black Sludge!</small><br></div><div class="battle-history"><small>Qwilfish was hurt by its burn!</small><br></div><div class="battle-history"><small>The opposing Sigilyph was burned!</small><br></div><div class="spacer battle-history"><br></div><h2 class="battle-history">Turn 14</h2><div class="spacer battle-history"><br></div><div class="battle-history">The opposing Sigilyph used <strong>Roost</strong>!<br></div><div class="battle-history"><small>The opposing Sigilyph restored its HP.</small><br></div><div class="spacer battle-history"><br></div><div class="battle-history">Qwilfish used <strong>Waterfall</strong>!<br></div><div class="battle-history"><small>(The opposing Sigilyph lost <abbr title="−57/348">16.4%</abbr> of its health!)</small><br></div><div class="spacer battle-history"><br></div><div class="battle-history"><small>Qwilfish restored a little HP using its Black Sludge!</small><br></div><div class="battle-history"><small>Qwilfish was hurt by its burn!</small><br></div><div class="spacer battle-history"><br></div><h2 class="battle-history">Turn 15</h2><div class="spacer battle-history"><br></div><div class="battle-history">The opposing Sigilyph used <strong>Roost</strong>!<br></div><div class="battle-history"><small>The opposing Sigilyph restored its HP.</small><br></div><div class="spacer battle-history"><br></div><div class="battle-history">Qwilfish used <strong>Spikes</strong>!<br></div><div class="battle-history"><small>Spikes were scattered on the ground all around the opposing team!</small><br></div><div class="spacer battle-history"><br></div><div class="battle-history"><small>Qwilfish restored a little HP using its Black Sludge!</small><br></div><div class="battle-history"><small>Qwilfish was hurt by its burn!</small><br></div><div class="spacer battle-history"><br></div><h2 class="battle-history">Turn 16</h2><div class="spacer battle-history"><br></div><div class="battle-history">The opposing Sigilyph used <strong>Air Slash</strong>!<br></div><div class="battle-history"><small>A critical hit!</small><br></div><div class="battle-history"><small>(Qwilfish lost <abbr title="−90/334">26.9%</abbr> of its health!)</small><br></div><div class="spacer battle-history"><br></div><div class="battle-history">Qwilfish fainted!<br></div><div class="spacer battle-history"><br></div><div class="battle-history">Go! <strong>Flygon</strong>!<br></div><div class="battle-history"><small>Pointed stones dug into Flygon!</small><br></div><div class="spacer battle-history"><br></div><h2 class="battle-history">Turn 17</h2><div class="spacer battle-history"><br></div><div class="battle-history">Flygon used <strong>Dragon Claw</strong>!<br></div><div class="battle-history"><small>(The opposing Sigilyph lost <abbr title="−195/348">56.0%</abbr> of its health!)</small><br></div><div class="battle-history"><small>Flygon lost some of its HP!</small><br></div><div class="spacer battle-history"><br></div><div class="battle-history">The opposing Sigilyph used <strong>Calm Mind</strong>!<br></div><div class="battle-history"><small>The opposing Sigilyph's Special Attack rose!</small><br></div><div class="battle-history"><small>The opposing Sigilyph's Special Defense rose!</small><br></div><div class="spacer battle-history"><br></div><h2 class="battle-history">Turn 18</h2><div class="spacer battle-history"><br></div><div class="battle-history">bnast withdrew Sigilyph!<br></div><div class="battle-history">bnast sent out <strong>Alomomola</strong>!<br></div><div class="battle-history"><small>The opposing Alomomola is hurt by the spikes!</small><br></div><div class="battle-history"><small>Pointed stones dug into the opposing Alomomola!</small><br></div><div class="spacer battle-history"><br></div><div class="battle-history">Flygon used <strong>Dragon Claw</strong>!<br></div><div class="battle-history"><small>(The opposing Alomomola lost <abbr title="−118/497">23.7%</abbr> of its health!)</small><br></div><div class="battle-history"><small>Flygon lost some of its HP!</small><br></div><div class="spacer battle-history"><br></div><div class="battle-history"><small>The opposing Alomomola restored a little HP using its Leftovers!</small><br></div><div class="spacer battle-history"><br></div><h2 class="battle-history">Turn 19</h2><div class="spacer battle-history"><br></div><div class="battle-history">Flygon used <strong>Dragon Claw</strong>!<br></div><div class="battle-history"><small>(The opposing Alomomola lost <abbr title="−118/497">23.7%</abbr> of its health!)</small><br></div><div class="battle-history"><small>Flygon lost some of its HP!</small><br></div><div class="spacer battle-history"><br></div><div class="battle-history">The opposing Alomomola used <strong>Wish</strong>!<br></div><div class="spacer battle-history"><br></div><div class="battle-history"><small>The opposing Alomomola restored a little HP using its Leftovers!</small><br></div><div class="spacer battle-history"><br></div><h2 class="battle-history">Turn 20</h2><div class="spacer battle-history"><br></div><div class="battle-history">Flygon, come back!<br></div><div class="battle-history">Go! <strong>Virizion</strong>!<br></div><div class="battle-history"><small>Virizion is hurt by the spikes!</small><br></div><div class="battle-history"><small>Pointed stones dug into Virizion!</small><br></div><div class="spacer battle-history"><br></div><div class="battle-history">The opposing Alomomola used <strong>Knock Off</strong>!<br></div><div class="battle-history"><small>It's not very effective...</small><br></div><div class="battle-history"><small>(Virizion lost <abbr title="−36/323">11.1%</abbr> of its health!)</small><br></div><div class="battle-history"><small>[Virizion's Justified]</small><br></div><div class="battle-history"><small>Virizion's Attack rose!</small><br></div><div class="battle-history"><small>The opposing Alomomola knocked off Virizion's Expert Belt!</small><br></div><div class="spacer battle-history"><br></div><div class="battle-history"><small>Alomomola's wish came true!</small><br></div><div class="battle-history"><small>The opposing Alomomola restored a little HP using its Leftovers!</small><br></div><div class="spacer battle-history"><br></div><h2 class="battle-history">Turn 21</h2><div class="spacer battle-history"><br></div><div class="battle-history">Virizion used <strong>Leaf Blade</strong>!<br></div><div class="battle-history"><small>It's super effective!</small><br></div><div class="battle-history"><small>(The opposing Alomomola lost <abbr title="−290/497">58.4%</abbr> of its health!)</small><br></div><div class="spacer battle-history"><br></div><div class="battle-history">The opposing Alomomola used <strong>Scald</strong>!<br></div><div class="battle-history"><small>It's not very effective...</small><br></div><div class="battle-history"><small>(Virizion lost <abbr title="−15/323">4.6%</abbr> of its health!)</small><br></div><div class="battle-history"><small>Virizion was burned!</small><br></div><div class="spacer battle-history"><br></div><div class="battle-history"><small>The opposing Alomomola restored a little HP using its Leftovers!</small><br></div><div class="battle-history"><small>Virizion was hurt by its burn!</small><br></div><div class="spacer battle-history"><br></div><h2 class="battle-history">Turn 22</h2><div class="spacer battle-history"><br></div><div class="battle-history">Virizion used <strong>Leaf Blade</strong>!<br></div><div class="battle-history"><small>It's super effective!</small><br></div><div class="battle-history"><small>A critical hit!</small><br></div><div class="battle-history"><small>(The opposing Alomomola lost <abbr title="−219/497">44.1%</abbr> of its health!)</small><br></div><div class="spacer battle-history"><br></div><div class="battle-history">The opposing Alomomola fainted!<br></div><div class="spacer battle-history"><br></div><div class="battle-history"><small>Virizion was hurt by its burn!</small><br></div><div class="spacer battle-history"><br></div><div class="battle-history">bnast sent out <strong>Sigilyph</strong>!<br></div><div class="spacer battle-history"><br></div><h2 class="battle-history">Turn 23</h2><div class="spacer battle-history"><br></div><div class="battle-history">Virizion used <strong>Stone Edge</strong>!<br></div><div class="battle-history"><small>It's super effective!</small><br></div><div class="battle-history"><small>(The opposing Sigilyph lost <abbr title="−134/348">38.5%</abbr> of its health!)</small><br></div><div class="spacer battle-history"><br></div><div class="battle-history">The opposing Sigilyph fainted!<br></div><div class="spacer battle-history"><br></div><div class="battle-history"><small>Virizion was hurt by its burn!</small><br></div><div class="spacer battle-history"><br></div><div class="battle-history">bnast sent out <strong>Roselia</strong>!<br></div><div class="battle-history"><small>Pointed stones dug into the opposing Roselia!</small><br></div><div class="battle-history"><small>The opposing Roselia is hurt by the spikes!</small><br></div><div class="spacer battle-history"><br></div><h2 class="battle-history">Turn 24</h2><div class="spacer battle-history"><br></div><div class="battle-history">Virizion used <strong>Stone Edge</strong>!<br></div><div class="battle-history"><small>(The opposing Roselia lost <abbr title="−65/303">21.5%</abbr> of its health!)</small><br></div><div class="spacer battle-history"><br></div><div class="battle-history">The opposing Roselia used <strong>Sludge Bomb</strong>!<br></div><div class="battle-history"><small>It's super effective!</small><br></div><div class="battle-history"><small>(Virizion lost <abbr title="−92/323">28.5%</abbr> of its health!)</small><br></div><div class="spacer battle-history"><br></div><div class="battle-history">Virizion fainted!<br></div><div class="spacer battle-history"><br></div><div class="battle-history">Go! <strong>Sigilyph</strong>!<br></div><div class="spacer battle-history"><br></div><h2 class="battle-history">Turn 25</h2><div class="spacer battle-history"><br></div><div class="battle-history">Sigilyph used <strong>Air Slash</strong>!<br></div><div class="battle-history"><small>It's super effective!</small><br></div><div class="battle-history"><small>(The opposing Roselia lost <abbr title="−164/303">54.1%</abbr> of its health!)</small><br></div><div class="spacer battle-history"><br></div><div class="battle-history">The opposing Roselia fainted!<br></div><div class="spacer battle-history"><br></div><div class="battle-history">bnast sent out <strong>Barbaracle</strong>!<br></div><div class="battle-history"><small>Pointed stones dug into the opposing Barbaracle!</small><br></div><div class="battle-history"><small>The opposing Barbaracle is hurt by the spikes!</small><br></div><div class="spacer battle-history"><br></div><h2 class="battle-history">Turn 26</h2><div class="spacer battle-history"><br></div><div class="battle-history">Sigilyph used <strong>Psychic</strong>!<br></div><div class="battle-history"><small>(The opposing Barbaracle lost <abbr title="−191/285">67.0%</abbr> of its health!)</small><br></div><div class="spacer battle-history"><br></div><div class="battle-history">The opposing Barbaracle used <strong>Shell Smash</strong>!<br></div><div class="battle-history"><small>The opposing Barbaracle's Defense fell!</small><br></div><div class="battle-history"><small>The opposing Barbaracle's Special Defense fell!</small><br></div><div class="battle-history"><small>The opposing Barbaracle's Attack rose sharply!</small><br></div><div class="battle-history"><small>The opposing Barbaracle's Special Attack rose sharply!</small><br></div><div class="battle-history"><small>The opposing Barbaracle's Speed rose sharply!</small><br></div><div class="spacer battle-history"><br></div><h2 class="battle-history">Turn 27</h2><div class="spacer battle-history"><br></div><div class="battle-history">The opposing Barbaracle used <strong>Razor Shell</strong>!<br></div><div class="battle-history"><small>(Sigilyph lost <abbr title="−285/285">100%</abbr> of its health!)</small><br></div><div class="spacer battle-history"><br></div><div class="battle-history">Sigilyph fainted!<br></div><div class="spacer battle-history"><br></div><div class="battle-history">Go! <strong>Flygon</strong>!<br></div><div class="battle-history"><small>Pointed stones dug into Flygon!</small><br></div><div class="spacer battle-history"><br></div><h2 class="battle-history">Turn 28</h2><div class="spacer battle-history"><br></div><div class="battle-history">The opposing Barbaracle used <strong>Razor Shell</strong>!<br></div><div class="battle-history"><small>(Flygon lost <abbr title="−175/301">58.1%</abbr> of its health!)</small><br></div><div class="spacer battle-history"><br></div><div class="battle-history">Flygon fainted!<br></div><div class="spacer battle-history"><br></div><div class="battle-history">Go! <strong>Houndoom</strong>!<br></div><div class="battle-history"><small>Houndoom is hurt by the spikes!</small><br></div><div class="battle-history"><small>Pointed stones dug into Houndoom!</small><br></div><div class="spacer battle-history"><br></div><h2 class="battle-history">Turn 29</h2><div class="spacer battle-history"><br></div><div class="battle-history">The opposing Barbaracle used <strong>Poison Jab</strong>!<br></div><div class="battle-history"><small>(Houndoom lost <abbr title="−183/291">62.9%</abbr> of its health!)</small><br></div><div class="spacer battle-history"><br></div><div class="battle-history">Houndoom fainted!<br></div><div class="spacer battle-history"><br></div><div class="battle-history"><strong>bnast</strong> won the battle!<br></div></div><div class="inner-preempt"></div></div></div>
</div>
<script>
let daily = Math.floor(Date.now()/1000/60/60/24);document.write('<script src="https://play.pokemonshowdown.com/js/replay-embed.js?version'+daily+'"></'+'script>');
</script>
