<!DOCTYPE html>
<meta charset="utf-8" />
<!-- version 1 -->
<title>RU replay: mrducks9000 vs. ArchedZero</title>
<style>
html,body {font-family:Verdana, sans-serif;font-size:10pt;margin:0;padding:0;}body{padding:12px 0;} .battle-log {font-family:Verdana, sans-serif;font-size:10pt;} .battle-log-inline {border:1px solid #AAAAAA;background:#EEF2F5;color:black;max-width:640px;margin:0 auto 80px;padding-bottom:5px;} .battle-log .inner {padding:4px 8px 0px 8px;} .battle-log .inner-preempt {padding:0 8px 4px 8px;} .battle-log .inner-after {margin-top:0.5em;} .battle-log h2 {margin:0.5em -8px;padding:4px 8px;border:1px solid #AAAAAA;background:#E0E7EA;border-left:0;border-right:0;font-family:Verdana, sans-serif;font-size:13pt;} .battle-log .chat {vertical-align:middle;padding:3px 0 3px 0;font-size:8pt;} .battle-log .chat strong {color:#40576A;} .battle-log .chat em {padding:1px 4px 1px 3px;color:#000000;font-style:normal;} .chat.mine {background:rgba(0,0,0,0.05);margin-left:-8px;margin-right:-8px;padding-left:8px;padding-right:8px;} .spoiler {color:#BBBBBB;background:#BBBBBB;padding:0px 3px;} .spoiler:hover, .spoiler:active, .spoiler-shown {color:#000000;background:#E2E2E2;padding:0px 3px;} .spoiler a {color:#BBBBBB;} .spoiler:hover a, .spoiler:active a, .spoiler-shown a {color:#2288CC;} .chat code, .chat .spoiler:hover code, .chat .spoiler:active code, .chat .spoiler-shown code {border:1px solid #C0C0C0;background:#EEEEEE;color:black;padding:0 2px;} .chat .spoiler code {border:1px solid #CCCCCC;background:#CCCCCC;color:#CCCCCC;} .battle-log .rated {padding:3px 4px;} .battle-log .rated strong {color:white;background:#89A;padding:1px 4px;border-radius:4px;} .spacer {margin-top:0.5em;} .message-announce {background:#6688AA;color:white;padding:1px 4px 2px;} .message-announce a, .broadcast-green a, .broadcast-blue a, .broadcast-red a {color:#DDEEFF;} .broadcast-green {background-color:#559955;color:white;padding:2px 4px;} .broadcast-blue {background-color:#6688AA;color:white;padding:2px 4px;} .infobox {border:1px solid #6688AA;padding:2px 4px;} .infobox-limited {max-height:200px;overflow:auto;overflow-x:hidden;} .broadcast-red {background-color:#AA5544;color:white;padding:2px 4px;} .message-learn-canlearn {font-weight:bold;color:#228822;text-decoration:underline;} .message-learn-cannotlearn {font-weight:bold;color:#CC2222;text-decoration:underline;} .message-effect-weak {font-weight:bold;color:#CC2222;} .message-effect-resist {font-weight:bold;color:#6688AA;} .message-effect-immune {font-weight:bold;color:#666666;} .message-learn-list {margin-top:0;margin-bottom:0;} .message-throttle-notice, .message-error {color:#992222;} .message-overflow, .chat small.message-overflow {font-size:0pt;} .message-overflow::before {font-size:9pt;content:'...';} .subtle {color:#3A4A66;}
</style>
<div class="wrapper replay-wrapper" style="max-width:1180px;margin:0 auto">
<input type="hidden" name="replayid" value="ru-486172468" />
<div class="battle"></div><div class="battle-log"></div><div class="replay-controls"></div><div class="replay-controls-2"></div>
<h1 style="font-weight:normal;text-align:center"><strong>RU</strong><br /><a href="http://pokemonshowdown.com/users/mrducks9000" class="subtle" target="_blank">mrducks9000</a> vs. <a href="http://pokemonshowdown.com/users/archedzero" class="subtle" target="_blank">ArchedZero</a></h1>
<script type="text/plain" class="battle-log-data">|j|mrducks9000
|j|ArchedZero
|player|p1|mrducks9000|2
|player|p2|ArchedZero|126
|gametype|singles
|gen|6
|tier|RU
|rated
|seed|429,12820,11698,62637
|rule|Sleep Clause Mod: Limit one foe put to sleep
|rule|Species Clause: Limit one of each Pokémon
|rule|OHKO Clause: OHKO moves are banned
|rule|Moody Clause: Moody is banned
|rule|Evasion Moves Clause: Evasion moves are banned
|rule|Endless Battle Clause: Forcing endless battles is banned
|rule|HP Percentage Mod: HP is shown in percentages
|clearpoke
|poke|p1|Flareon, M|item
|poke|p1|Sceptile, M|item
|poke|p1|Regirock, shiny|item
|poke|p1|Ambipom, M|item
|poke|p1|Articuno, shiny|item
|poke|p1|Banette, F|item
|poke|p2|Emboar, M, shiny|item
|poke|p2|Cofagrigus, M, shiny|item
|poke|p2|Jolteon, F, shiny|item
|poke|p2|Braviary, M, shiny|item
|poke|p2|Rhyperior, M, shiny|item
|poke|p2|Hitmontop, M|item
|rule|Swagger Clause: Swagger is banned
|rule|Baton Pass Clause: Limit one Baton Passer, can't pass Spe and other stats simultaneously
|teampreview
|choice|team 3, team 2, team 1, team 4, team 5, team 6|team 6, team 2, team 3, team 4, team 5, team 1
|
|start
|switch|p1a: BIGBOYMAN|Regirock, shiny|364\/364
|switch|p2a: Dancing Queen|Hitmontop, M|304\/304
|-ability|p2a: Dancing Queen|Intimidate|boost
|-fail|p1a: BIGBOYMAN|unboost|[from] ability: Clear Body|[of] p1a: BIGBOYMAN
|turn|1
|choice|move toxic|move closecombat
|
|move|p2a: Dancing Queen|Close Combat|p1a: BIGBOYMAN
|-supereffective|p1a: BIGBOYMAN
|-damage|p1a: BIGBOYMAN|254\/364
|-unboost|p2a: Dancing Queen|def|1
|-unboost|p2a: Dancing Queen|spd|1
|move|p1a: BIGBOYMAN|Toxic|p2a: Dancing Queen
|-status|p2a: Dancing Queen|tox
|
|-heal|p1a: BIGBOYMAN|276\/364|[from] item: Leftovers
|-damage|p2a: Dancing Queen|285\/304 tox|[from] psn
|turn|2
|choice|move stealthrock|switch 2
|
|switch|p2a: Doom|Cofagrigus, M, shiny|320\/320
|move|p1a: BIGBOYMAN|Stealth Rock|p2a: Doom
|-sidestart|p2: ArchedZero|move: Stealth Rock
|
|-heal|p1a: BIGBOYMAN|298\/364|[from] item: Leftovers
|turn|3
|choice|move toxic|move willowisp
|
|move|p1a: BIGBOYMAN|Toxic|p2a: Doom|[miss]
|-miss|p1a: BIGBOYMAN|p2a: Doom
|move|p2a: Doom|Will-O-Wisp|p1a: BIGBOYMAN
|-status|p1a: BIGBOYMAN|brn
|
|-heal|p1a: BIGBOYMAN|320\/364 brn|[from] item: Leftovers
|-damage|p1a: BIGBOYMAN|275\/364 brn|[from] brn
|turn|4
|choice|move toxic|move toxicspikes
|
|move|p1a: BIGBOYMAN|Toxic|p2a: Doom
|-status|p2a: Doom|tox
|move|p2a: Doom|Toxic Spikes|p1a: BIGBOYMAN
|-sidestart|p1: mrducks9000|move: Toxic Spikes
|
|-heal|p1a: BIGBOYMAN|297\/364 brn|[from] item: Leftovers
|-damage|p1a: BIGBOYMAN|252\/364 brn|[from] brn
|-damage|p2a: Doom|300\/320 tox|[from] psn
|turn|5
|choice|switch 4|move hex
|
|switch|p1a: Two Hands|Ambipom, M|291\/291
|-status|p1a: Two Hands|psn
|move|p2a: Doom|Hex|p1a: Two Hands
|-immune|p1a: Two Hands|[msg]
|
|-heal|p2a: Doom|320\/320 tox|[from] item: Leftovers
|-damage|p1a: Two Hands|255\/291 psn|[from] psn
|-damage|p2a: Doom|280\/320 tox|[from] psn
|turn|6
|choice|move knockoff|switch 2
|
|switch|p2a: Dancing Queen|Hitmontop, M|285\/304 tox
|-damage|p2a: Dancing Queen|266\/304 tox|[from] Stealth Rock
|-ability|p2a: Dancing Queen|Intimidate|boost
|-unboost|p1a: Two Hands|atk|1
|move|p1a: Two Hands|Knock Off|p2a: Dancing Queen
|-resisted|p2a: Dancing Queen
|-damage|p2a: Dancing Queen|232\/304 tox
|-enditem|p2a: Dancing Queen|Assault Vest|[from] move: Knock Off|[of] p1a: Two Hands
|-damage|p1a: Two Hands|226\/291 psn|[from] item: Life Orb
|
|-damage|p1a: Two Hands|190\/291 psn|[from] psn
|-damage|p2a: Dancing Queen|213\/304 tox|[from] psn
|turn|7
|choice|switch 5|move pursuit
|
|-activate|p1a: Two Hands|move: Pursuit
|move|p2a: Dancing Queen|Pursuit|p1a: Two Hands|[from]Pursuit
|-damage|p1a: Two Hands|99\/291 psn
|switch|p1a: Articuno|Articuno, shiny|383\/383
|-ability|p1a: Articuno|Pressure
|
|-damage|p2a: Dancing Queen|175\/304 tox|[from] psn
|turn|8
|choice|move roar|move rapidspin
|
|move|p2a: Dancing Queen|Rapid Spin|p1a: Articuno
|-damage|p1a: Articuno|367\/383
|-sideend|p2: ArchedZero|Stealth Rock|[from] move: Rapid Spin|[of] p2a: Dancing Queen
|move|p1a: Articuno|Roar|p2a: Dancing Queen
|drag|p2a: Doom|Cofagrigus, M, shiny|280\/320 tox
|
|-heal|p2a: Doom|300\/320 tox|[from] item: Leftovers
|-damage|p2a: Doom|280\/320 tox|[from] psn
|turn|9
|choice|move defog|move willowisp
|
|move|p1a: Articuno|Defog|p2a: Doom
|-unboost|p2a: Doom|evasion|1
|-sideend|p1: mrducks9000|Toxic Spikes|[from] move: Defog|[of] p1a: Articuno
|move|p2a: Doom|Will-O-Wisp|p1a: Articuno
|-status|p1a: Articuno|brn
|
|-heal|p2a: Doom|300\/320 tox|[from] item: Leftovers
|-damage|p1a: Articuno|320\/383 brn|[from] brn
|-damage|p2a: Doom|260\/320 tox|[from] psn
|turn|10
|choice|switch 6|move toxicspikes
|
|switch|p1a: Zipper|Banette, F|331\/331
|move|p2a: Doom|Toxic Spikes|p1a: Zipper
|-sidestart|p1: mrducks9000|move: Toxic Spikes
|
|-heal|p2a: Doom|280\/320 tox|[from] item: Leftovers
|-damage|p2a: Doom|220\/320 tox|[from] psn
|turn|11
|choice|move taunt mega|switch 4
|
|switch|p2a: Airforce|Braviary, M, shiny|341\/341
|detailschange|p1a: Zipper|Banette-Mega, F
|-mega|p1a: Zipper|Banette|Banettite
|move|p1a: Zipper|Taunt|p2a: Airforce
|-start|p2a: Airforce|move: Taunt
|
|turn|12
|choice|switch 6|move bravebird
|
|switch|p1a: Articuno|Articuno, shiny|320\/383 brn
|-ability|p1a: Articuno|Pressure
|move|p2a: Airforce|Brave Bird|p1a: Articuno
|-damage|p1a: Articuno|69\/383 brn
|-damage|p2a: Airforce|258\/341|[from] recoil|[of] p1a: Articuno
|-damage|p2a: Airforce|224\/341|[from] item: Life Orb
|-enditem|p1a: Articuno|Sitrus Berry|[eat]
|-heal|p1a: Articuno|164\/383 brn|[from] item: Sitrus Berry
|
|-damage|p1a: Articuno|117\/383 brn|[from] brn
|turn|13
|choice|move roost|switch 4
|
|switch|p2a: Doom|Cofagrigus, M, shiny|220\/320 tox
|move|p1a: Articuno|Roost|p1a: Articuno
|-heal|p1a: Articuno|309\/383 brn
|
|-heal|p2a: Doom|240\/320 tox|[from] item: Leftovers
|-damage|p1a: Articuno|262\/383 brn|[from] brn
|-damage|p2a: Doom|220\/320 tox|[from] psn
|turn|14
|choice|move defog|move hex
|
|move|p1a: Articuno|Defog|p2a: Doom
|-unboost|p2a: Doom|evasion|1
|-sideend|p1: mrducks9000|Toxic Spikes|[from] move: Defog|[of] p1a: Articuno
|move|p2a: Doom|Hex|p1a: Articuno
|-damage|p1a: Articuno|165\/383 brn
|
|-heal|p2a: Doom|240\/320 tox|[from] item: Leftovers
|-damage|p1a: Articuno|118\/383 brn|[from] brn
|-damage|p2a: Doom|200\/320 tox|[from] psn
|turn|15
|choice|move roost|move toxicspikes
|
|move|p1a: Articuno|Roost|p1a: Articuno
|-heal|p1a: Articuno|310\/383 brn
|move|p2a: Doom|Toxic Spikes|p1a: Articuno
|-sidestart|p1: mrducks9000|move: Toxic Spikes
|
|-heal|p2a: Doom|220\/320 tox|[from] item: Leftovers
|-damage|p1a: Articuno|263\/383 brn|[from] brn
|-damage|p2a: Doom|160\/320 tox|[from] psn
|turn|16
|choice|move roar|move painsplit
|
|move|p2a: Doom|Pain Split|p1a: Articuno
|-sethp|p1a: Articuno|211\/383 brn|p2a: Doom|211\/320 tox|[from] move: Pain Split
|move|p1a: Articuno|Roar|p2a: Doom
|drag|p2a: Piglet|Emboar, M, shiny|361\/361
|
|-damage|p1a: Articuno|164\/383 brn|[from] brn
|turn|17
|choice|move defog|move superpower
|
|move|p2a: Piglet|Superpower|p1a: Articuno
|-damage|p1a: Articuno|0 fnt
|-unboost|p2a: Piglet|atk|1
|-unboost|p2a: Piglet|def|1
|faint|p1a: Articuno
|
|choice|switch 4|
|
|switch|p1a: BIGBOYMAN|Regirock, shiny|252\/364 brn
|turn|18
|choice|move earthquake|switch 6
|
|switch|p2a: Doom|Cofagrigus, M, shiny|211\/320 tox
|move|p1a: BIGBOYMAN|Earthquake|p2a: Doom
|-damage|p2a: Doom|180\/320 tox
|
|-heal|p1a: BIGBOYMAN|274\/364 brn|[from] item: Leftovers
|-heal|p2a: Doom|200\/320 tox|[from] item: Leftovers
|-damage|p1a: BIGBOYMAN|229\/364 brn|[from] brn
|-damage|p2a: Doom|180\/320 tox|[from] psn
|turn|19
|choice|switch 6|move hex
|
|switch|p1a: Zipper|Banette-Mega, F|331\/331
|-status|p1a: Zipper|psn
|move|p2a: Doom|Hex|p1a: Zipper
|-supereffective|p1a: Zipper
|-damage|p1a: Zipper|0 fnt
|faint|p1a: Zipper
|
|-heal|p2a: Doom|200\/320 tox|[from] item: Leftovers
|-damage|p2a: Doom|160\/320 tox|[from] psn
|choice|switch 3|
|
|switch|p1a: Flash|Flareon, M|333\/333
|-status|p1a: Flash|psn
|turn|20
|choice|move facade|move painsplit
|
|move|p1a: Flash|Facade|p2a: Doom
|-immune|p2a: Doom|[msg]
|move|p2a: Doom|Pain Split|p1a: Flash
|-sethp|p1a: Flash|246\/333 psn|p2a: Doom|246\/320 tox|[from] move: Pain Split
|
|-heal|p2a: Doom|266\/320 tox|[from] item: Leftovers
|-damage|p1a: Flash|205\/333 psn|[from] psn
|-damage|p2a: Doom|206\/320 tox|[from] psn
|turn|21
|choice|move irontail|switch 5
|
|switch|p2a: Digger|Rhyperior, M, shiny|434\/434
|move|p1a: Flash|Iron Tail|p2a: Digger
|-supereffective|p2a: Digger
|-damage|p2a: Digger|254\/434
|
|-heal|p2a: Digger|281\/434|[from] item: Leftovers
|-damage|p1a: Flash|164\/333 psn|[from] psn
|turn|22
|choice|move flareblitz|move stealthrock
|
|move|p1a: Flash|Flare Blitz|p2a: Digger
|-resisted|p2a: Digger
|-damage|p2a: Digger|179\/434
|-damage|p1a: Flash|130\/333 psn|[from] recoil|[of] p2a: Digger
|move|p2a: Digger|Stealth Rock|p1a: Flash
|-sidestart|p1: mrducks9000|move: Stealth Rock
|
|-heal|p2a: Digger|206\/434|[from] item: Leftovers
|-damage|p1a: Flash|89\/333 psn|[from] psn
|turn|23
|choice|move irontail|switch 5
|
|switch|p2a: Doom|Cofagrigus, M, shiny|206\/320 tox
|move|p1a: Flash|Iron Tail|p2a: Doom
|-damage|p2a: Doom|57\/320 tox
|-activate|p2a: Doom|ability: Mummy|Guts|[of] p1a: Flash
|
|-heal|p2a: Doom|77\/320 tox|[from] item: Leftovers
|-damage|p1a: Flash|48\/333 psn|[from] psn
|-damage|p2a: Doom|57\/320 tox|[from] psn
|turn|24
|choice|move irontail|move hex
|
|move|p1a: Flash|Iron Tail|p2a: Doom|[miss]
|-miss|p1a: Flash|p2a: Doom
|move|p2a: Doom|Hex|p1a: Flash
|-damage|p1a: Flash|0 fnt
|faint|p1a: Flash
|
|-heal|p2a: Doom|77\/320 tox|[from] item: Leftovers
|-damage|p2a: Doom|37\/320 tox|[from] psn
|choice|switch 5|
|
|switch|p1a: Two Hands|Ambipom, M|99\/291 psn
|-damage|p1a: Two Hands|63\/291 psn|[from] Stealth Rock
|turn|25
|choice|move knockoff|move painsplit
|
|move|p1a: Two Hands|Knock Off|p2a: Doom
|-supereffective|p2a: Doom
|-damage|p2a: Doom|0 fnt
|-activate|p2a: Doom|ability: Mummy|Technician|[of] p1a: Two Hands
|-enditem|p2a: Doom|Leftovers|[from] move: Knock Off|[of] p1a: Two Hands
|-damage|p1a: Two Hands|34\/291 psn|[from] item: Life Orb
|faint|p2a: Doom
|
|-damage|p1a: Two Hands|0 fnt|[from] psn
|faint|p1a: Two Hands
|choice|switch 2|switch 3
|
|switch|p2a: Jolt|Jolteon, F, shiny|271\/271
|switch|p1a: Lizerdon|Sceptile, M|281\/281
|-damage|p1a: Lizerdon|246\/281|[from] Stealth Rock
|-status|p1a: Lizerdon|psn
|turn|26
|choice|move leafstorm|move hiddenpower
|
|move|p2a: Jolt|Hidden Power|p1a: Lizerdon
|-supereffective|p1a: Lizerdon
|-damage|p1a: Lizerdon|42\/281 psn
|move|p1a: Lizerdon|Leaf Storm|p2a: Jolt
|-damage|p2a: Jolt|0 fnt
|-unboost|p1a: Lizerdon|spa|2
|faint|p2a: Jolt
|
|-damage|p1a: Lizerdon|7\/281 psn|[from] psn
|choice||switch 2
|
|switch|p2a: Dancing Queen|Hitmontop, M|175\/304 tox
|-ability|p2a: Dancing Queen|Intimidate|boost
|-unboost|p1a: Lizerdon|atk|1
|turn|27
|choice|move leafstorm|move fakeout
|
|move|p2a: Dancing Queen|Fake Out|p1a: Lizerdon
|-crit|p1a: Lizerdon
|-damage|p1a: Lizerdon|0 fnt
|faint|p1a: Lizerdon
|
|-damage|p2a: Dancing Queen|156\/304 tox|[from] psn
|choice|switch 6|
|
|switch|p1a: BIGBOYMAN|Regirock, shiny|229\/364 brn
|-damage|p1a: BIGBOYMAN|184\/364 brn|[from] Stealth Rock
|turn|28
|choice|move earthquake|move closecombat
|
|move|p2a: Dancing Queen|Close Combat|p1a: BIGBOYMAN
|-supereffective|p1a: BIGBOYMAN
|-crit|p1a: BIGBOYMAN
|-damage|p1a: BIGBOYMAN|4\/364 brn
|-unboost|p2a: Dancing Queen|def|1
|-unboost|p2a: Dancing Queen|spd|1
|move|p1a: BIGBOYMAN|Earthquake|p2a: Dancing Queen
|-damage|p2a: Dancing Queen|115\/304 tox
|
|-heal|p1a: BIGBOYMAN|26\/364 brn|[from] item: Leftovers
|-damage|p2a: Dancing Queen|77\/304 tox|[from] psn
|-damage|p1a: BIGBOYMAN|0 fnt|[from] brn
|faint|p1a: BIGBOYMAN
|
|win|ArchedZero
|player|p1
|player|p2
|c|★ArchedZero|gg
|l|mrducks9000
||Ladder (probably) updated, but score could not be retrieved (Response not received).</script>
</div>
<div class="battle-log battle-log-inline"><div class="inner"><div class="battle-options"></div><div class="inner"><div class="chat"><small>mrducks9000 joined.</small></div><div class="chat"><small>ArchedZero joined.</small></div><div class=""><small>Format:</small> <br><strong>RU</strong></div><div class="rated"><strong>Rated battle</strong></div><div class=""><small><em>Sleep Clause Mod:</em> Limit one foe put to sleep</small></div><div class=""><small><em>Species Clause:</em> Limit one of each Pokémon</small></div><div class=""><small><em>OHKO Clause:</em> OHKO moves are banned</small></div><div class=""><small><em>Moody Clause:</em> Moody is banned</small></div><div class=""><small><em>Evasion Moves Clause:</em> Evasion moves are banned</small></div><div class=""><small><em>Endless Battle Clause:</em> Forcing endless battles is banned</small></div><div class=""><small><em>HP Percentage Mod:</em> HP is shown in percentages</small></div><div class=""><small><em>Swagger Clause:</em> Swagger is banned</small></div><div class=""><small><em>Baton Pass Clause:</em> Limit one Baton Passer, can't pass Spe and other stats simultaneously</small></div><div class="chat battle-history"><strong>mrducks9000's team:</strong> <em style="color:#445566;display:block;">Flareon / Sceptile / Regirock / Ambipom / Articuno / Banette</em></div><div class="chat battle-history"><strong>ArchedZero's team:</strong> <em style="color:#445566;display:block;">Emboar / Cofagrigus / Jolteon / Braviary / Rhyperior / Hitmontop</em></div><div class="spacer battle-history"><br></div><div class="battle-history">Battle started between mrducks9000 and ArchedZero!<br></div><div class="spacer battle-history"><br></div><div class="battle-history">Go! BIGBOYMAN (<strong>Regirock</strong>)!<br></div><div class="spacer battle-history"><br></div><div class="battle-history">ArchedZero sent out Dancing Queen (<strong>Hitmontop</strong>)!<br></div><div class="battle-history"><small>[The opposing Dancing Queen's Intimidate]</small><br></div><div class="battle-history"><small>[BIGBOYMAN's Clear Body]</small><br><small>BIGBOYMAN's stats were not lowered!</small><br></div><div class="spacer battle-history"><br></div><h2 class="battle-history">Turn 1</h2><div class="spacer battle-history"><br></div><div class="battle-history">The opposing Dancing Queen used <strong>Close Combat</strong>!<br></div><div class="battle-history"><small>It's super effective!</small><br></div><div class="battle-history"><small>(BIGBOYMAN lost <abbr title="−110/364">30.2%</abbr> of its health!)</small><br></div><div class="battle-history"><small>The opposing Dancing Queen's Defense fell!</small><br></div><div class="battle-history"><small>The opposing Dancing Queen's Special Defense fell!</small><br></div><div class="spacer battle-history"><br></div><div class="battle-history">BIGBOYMAN used <strong>Toxic</strong>!<br></div><div class="battle-history"><small>The opposing Dancing Queen was badly poisoned!</small><br></div><div class="spacer battle-history"><br></div><div class="battle-history"><small>BIGBOYMAN restored a little HP using its Leftovers!</small><br></div><div class="battle-history"><small>The opposing Dancing Queen was hurt by poison!</small><br></div><div class="spacer battle-history"><br></div><h2 class="battle-history">Turn 2</h2><div class="spacer battle-history"><br></div><div class="battle-history">ArchedZero withdrew Dancing Queen!<br></div><div class="battle-history">ArchedZero sent out Doom (<strong>Cofagrigus</strong>)!<br></div><div class="spacer battle-history"><br></div><div class="battle-history">BIGBOYMAN used <strong>Stealth Rock</strong>!<br></div><div class="battle-history"><small>Pointed stones float in the air around the opposing team!</small><br></div><div class="spacer battle-history"><br></div><div class="battle-history"><small>BIGBOYMAN restored a little HP using its Leftovers!</small><br></div><div class="spacer battle-history"><br></div><h2 class="battle-history">Turn 3</h2><div class="spacer battle-history"><br></div><div class="battle-history">BIGBOYMAN used <strong>Toxic</strong>!<br></div><div class="battle-history"><small>The opposing Doom avoided the attack!</small><br></div><div class="spacer battle-history"><br></div><div class="battle-history">The opposing Doom used <strong>Will-O-Wisp</strong>!<br></div><div class="battle-history"><small>BIGBOYMAN was burned!</small><br></div><div class="spacer battle-history"><br></div><div class="battle-history"><small>BIGBOYMAN restored a little HP using its Leftovers!</small><br></div><div class="battle-history"><small>BIGBOYMAN was hurt by its burn!</small><br></div><div class="spacer battle-history"><br></div><h2 class="battle-history">Turn 4</h2><div class="spacer battle-history"><br></div><div class="battle-history">BIGBOYMAN used <strong>Toxic</strong>!<br></div><div class="battle-history"><small>The opposing Doom was badly poisoned!</small><br></div><div class="spacer battle-history"><br></div><div class="battle-history">The opposing Doom used <strong>Toxic Spikes</strong>!<br></div><div class="battle-history"><small>Poison spikes were scattered on the ground all around your team!</small><br></div><div class="spacer battle-history"><br></div><div class="battle-history"><small>BIGBOYMAN restored a little HP using its Leftovers!</small><br></div><div class="battle-history"><small>BIGBOYMAN was hurt by its burn!</small><br></div><div class="battle-history"><small>The opposing Doom was hurt by poison!</small><br></div><div class="spacer battle-history"><br></div><h2 class="battle-history">Turn 5</h2><div class="spacer battle-history"><br></div><div class="battle-history">BIGBOYMAN, come back!<br></div><div class="battle-history">Go! Two Hands (<strong>Ambipom</strong>)!<br></div><div class="battle-history"><small>Two Hands was poisoned!</small><br></div><div class="spacer battle-history"><br></div><div class="battle-history">The opposing Doom used <strong>Hex</strong>!<br></div><div class="battle-history"><small>It doesn't affect Two Hands...</small><br></div><div class="spacer battle-history"><br></div><div class="battle-history"><small>The opposing Doom restored a little HP using its Leftovers!</small><br></div><div class="battle-history"><small>Two Hands was hurt by poison!</small><br></div><div class="battle-history"><small>The opposing Doom was hurt by poison!</small><br></div><div class="spacer battle-history"><br></div><h2 class="battle-history">Turn 6</h2><div class="spacer battle-history"><br></div><div class="battle-history">ArchedZero withdrew Doom!<br></div><div class="battle-history">ArchedZero sent out Dancing Queen (<strong>Hitmontop</strong>)!<br></div><div class="battle-history"><small>Pointed stones dug into the opposing Dancing Queen!</small><br></div><div class="battle-history"><small>[The opposing Dancing Queen's Intimidate]</small><br></div><div class="battle-history"><small>Two Hands's Attack fell!</small><br></div><div class="spacer battle-history"><br></div><div class="battle-history">Two Hands used <strong>Knock Off</strong>!<br></div><div class="battle-history"><small>It's not very effective...</small><br></div><div class="battle-history"><small>(The opposing Dancing Queen lost <abbr title="−34/304">11.2%</abbr> of its health!)</small><br></div><div class="battle-history"><small>Two Hands knocked off the opposing Dancing Queen's Assault Vest!</small><br></div><div class="battle-history"><small>Two Hands lost some of its HP!</small><br></div><div class="spacer battle-history"><br></div><div class="battle-history"><small>Two Hands was hurt by poison!</small><br></div><div class="battle-history"><small>The opposing Dancing Queen was hurt by poison!</small><br></div><div class="spacer battle-history"><br></div><h2 class="battle-history">Turn 7</h2><div class="spacer battle-history"><br></div><div class="battle-history"><small>(Two Hands is being withdrawn...)</small><br></div><div class="spacer battle-history"><br></div><div class="battle-history">The opposing Dancing Queen used <strong>Pursuit</strong>!<br></div><div class="battle-history"><small>(Two Hands lost <abbr title="−91/291">31.3%</abbr> of its health!)</small><br></div><div class="spacer battle-history"><br></div><div class="battle-history">Two Hands, come back!<br></div><div class="battle-history">Go! <strong>Articuno</strong>!<br></div><div class="battle-history"><small>[Articuno's Pressure]</small><br><small>Articuno is exerting its pressure!</small><br></div><div class="spacer battle-history"><br></div><div class="battle-history"><small>The opposing Dancing Queen was hurt by poison!</small><br></div><div class="spacer battle-history"><br></div><h2 class="battle-history">Turn 8</h2><div class="spacer battle-history"><br></div><div class="battle-history">The opposing Dancing Queen used <strong>Rapid Spin</strong>!<br></div><div class="battle-history"><small>(Articuno lost <abbr title="−16/383">4.2%</abbr> of its health!)</small><br></div><div class="battle-history"><small>The pointed stones disappeared from around the opposing team!</small><br></div><div class="spacer battle-history"><br></div><div class="battle-history">Articuno used <strong>Roar</strong>!<br></div><div class="spacer battle-history"><br></div><div class="battle-history">Doom (<strong>Cofagrigus</strong>) was dragged out!<br></div><div class="spacer battle-history"><br></div><div class="battle-history"><small>The opposing Doom restored a little HP using its Leftovers!</small><br></div><div class="battle-history"><small>The opposing Doom was hurt by poison!</small><br></div><div class="spacer battle-history"><br></div><h2 class="battle-history">Turn 9</h2><div class="spacer battle-history"><br></div><div class="battle-history">Articuno used <strong>Defog</strong>!<br></div><div class="battle-history"><small>The opposing Doom's evasiveness fell!</small><br></div><div class="battle-history"><small>The poison spikes disappeared from the ground around your team!</small><br></div><div class="spacer battle-history"><br></div><div class="battle-history">The opposing Doom used <strong>Will-O-Wisp</strong>!<br></div><div class="battle-history"><small>Articuno was burned!</small><br></div><div class="spacer battle-history"><br></div><div class="battle-history"><small>The opposing Doom restored a little HP using its Leftovers!</small><br></div><div class="battle-history"><small>Articuno was hurt by its burn!</small><br></div><div class="battle-history"><small>The opposing Doom was hurt by poison!</small><br></div><div class="spacer battle-history"><br></div><h2 class="battle-history">Turn 10</h2><div class="spacer battle-history"><br></div><div class="battle-history">Articuno, come back!<br></div><div class="battle-history">Go! Zipper (<strong>Banette</strong>)!<br></div><div class="spacer battle-history"><br></div><div class="battle-history">The opposing Doom used <strong>Toxic Spikes</strong>!<br></div><div class="battle-history"><small>Poison spikes were scattered on the ground all around your team!</small><br></div><div class="spacer battle-history"><br></div><div class="battle-history"><small>The opposing Doom restored a little HP using its Leftovers!</small><br></div><div class="battle-history"><small>The opposing Doom was hurt by poison!</small><br></div><div class="spacer battle-history"><br></div><h2 class="battle-history">Turn 11</h2><div class="spacer battle-history"><br></div><div class="battle-history">ArchedZero withdrew Doom!<br></div><div class="battle-history">ArchedZero sent out Airforce (<strong>Braviary</strong>)!<br></div><div class="spacer battle-history"><br></div><div class="battle-history"><small>Zipper's Banettite is reacting to mrducks9000's Mega Bracelet!</small><br>Zipper has Mega Evolved into Mega Banette!<br></div><div class="spacer battle-history"><br></div><div class="battle-history">Zipper used <strong>Taunt</strong>!<br></div><div class="battle-history"><small>The opposing Airforce fell for the taunt!</small><br></div><div class="spacer battle-history"><br></div><h2 class="battle-history">Turn 12</h2><div class="spacer battle-history"><br></div><div class="battle-history">Zipper, come back!<br></div><div class="battle-history">Go! <strong>Articuno</strong>!<br></div><div class="battle-history"><small>[Articuno's Pressure]</small><br><small>Articuno is exerting its pressure!</small><br></div><div class="spacer battle-history"><br></div><div class="battle-history">The opposing Airforce used <strong>Brave Bird</strong>!<br></div><div class="battle-history"><small>(Articuno lost <abbr title="−251/383">65.5%</abbr> of its health!)</small><br></div><div class="battle-history"><small>The opposing Airforce is damaged by the recoil!</small><br></div><div class="battle-history"><small>The opposing Airforce lost some of its HP!</small><br></div><div class="battle-history"><small>Articuno ate its Sitrus Berry!</small><br></div><div class="battle-history"><small>Articuno restored HP using its Sitrus Berry!</small><br></div><div class="spacer battle-history"><br></div><div class="battle-history"><small>Articuno was hurt by its burn!</small><br></div><div class="spacer battle-history"><br></div><h2 class="battle-history">Turn 13</h2><div class="spacer battle-history"><br></div><div class="battle-history">ArchedZero withdrew Airforce!<br></div><div class="battle-history">ArchedZero sent out Doom (<strong>Cofagrigus</strong>)!<br></div><div class="spacer battle-history"><br></div><div class="battle-history">Articuno used <strong>Roost</strong>!<br></div><div class="battle-history"><small>Articuno restored its HP.</small><br></div><div class="spacer battle-history"><br></div><div class="battle-history"><small>The opposing Doom restored a little HP using its Leftovers!</small><br></div><div class="battle-history"><small>Articuno was hurt by its burn!</small><br></div><div class="battle-history"><small>The opposing Doom was hurt by poison!</small><br></div><div class="spacer battle-history"><br></div><h2 class="battle-history">Turn 14</h2><div class="spacer battle-history"><br></div><div class="battle-history">Articuno used <strong>Defog</strong>!<br></div><div class="battle-history"><small>The opposing Doom's evasiveness fell!</small><br></div><div class="battle-history"><small>The poison spikes disappeared from the ground around your team!</small><br></div><div class="spacer battle-history"><br></div><div class="battle-history">The opposing Doom used <strong>Hex</strong>!<br></div><div class="battle-history"><small>(Articuno lost <abbr title="−97/383">25.3%</abbr> of its health!)</small><br></div><div class="spacer battle-history"><br></div><div class="battle-history"><small>The opposing Doom restored a little HP using its Leftovers!</small><br></div><div class="battle-history"><small>Articuno was hurt by its burn!</small><br></div><div class="battle-history"><small>The opposing Doom was hurt by poison!</small><br></div><div class="spacer battle-history"><br></div><h2 class="battle-history">Turn 15</h2><div class="spacer battle-history"><br></div><div class="battle-history">Articuno used <strong>Roost</strong>!<br></div><div class="battle-history"><small>Articuno restored its HP.</small><br></div><div class="spacer battle-history"><br></div><div class="battle-history">The opposing Doom used <strong>Toxic Spikes</strong>!<br></div><div class="battle-history"><small>Poison spikes were scattered on the ground all around your team!</small><br></div><div class="spacer battle-history"><br></div><div class="battle-history"><small>The opposing Doom restored a little HP using its Leftovers!</small><br></div><div class="battle-history"><small>Articuno was hurt by its burn!</small><br></div><div class="battle-history"><small>The opposing Doom was hurt by poison!</small><br></div><div class="spacer battle-history"><br></div><h2 class="battle-history">Turn 16</h2><div class="spacer battle-history"><br></div><div class="battle-history">The opposing Doom used <strong>Pain Split</strong>!<br></div><div class="battle-history"><small>The battlers shared their pain!</small><br></div><div class="spacer battle-history"><br></div><div class="battle-history">Articuno used <strong>Roar</strong>!<br></div><div class="spacer battle-history"><br></div><div class="battle-history">Piglet (<strong>Emboar</strong>) was dragged out!<br></div><div class="spacer battle-history"><br></div><div class="battle-history"><small>Articuno was hurt by its burn!</small><br></div><div class="spacer battle-history"><br></div><h2 class="battle-history">Turn 17</h2><div class="spacer battle-history"><br></div><div class="battle-history">The opposing Piglet used <strong>Superpower</strong>!<br></div><div class="battle-history"><small>(Articuno lost <abbr title="−164/383">42.8%</abbr> of its health!)</small><br></div><div class="battle-history"><small>The opposing Piglet's Attack fell!</small><br></div><div class="battle-history"><small>The opposing Piglet's Defense fell!</small><br></div><div class="spacer battle-history"><br></div><div class="battle-history">Articuno fainted!<br></div><div class="spacer battle-history"><br></div><div class="battle-history">Go! BIGBOYMAN (<strong>Regirock</strong>)!<br></div><div class="spacer battle-history"><br></div><h2 class="battle-history">Turn 18</h2><div class="spacer battle-history"><br></div><div class="battle-history">ArchedZero withdrew Piglet!<br></div><div class="battle-history">ArchedZero sent out Doom (<strong>Cofagrigus</strong>)!<br></div><div class="spacer battle-history"><br></div><div class="battle-history">BIGBOYMAN used <strong>Earthquake</strong>!<br></div><div class="battle-history"><small>(The opposing Doom lost <abbr title="−31/320">9.7%</abbr> of its health!)</small><br></div><div class="spacer battle-history"><br></div><div class="battle-history"><small>BIGBOYMAN restored a little HP using its Leftovers!</small><br></div><div class="battle-history"><small>The opposing Doom restored a little HP using its Leftovers!</small><br></div><div class="battle-history"><small>BIGBOYMAN was hurt by its burn!</small><br></div><div class="battle-history"><small>The opposing Doom was hurt by poison!</small><br></div><div class="spacer battle-history"><br></div><h2 class="battle-history">Turn 19</h2><div class="spacer battle-history"><br></div><div class="battle-history">BIGBOYMAN, come back!<br></div><div class="battle-history">Go! Zipper (<strong>Banette-Mega</strong>)!<br></div><div class="battle-history"><small>Zipper was poisoned!</small><br></div><div class="spacer battle-history"><br></div><div class="battle-history">The opposing Doom used <strong>Hex</strong>!<br></div><div class="battle-history"><small>It's super effective!</small><br></div><div class="battle-history"><small>(Zipper lost <abbr title="−331/331">100%</abbr> of its health!)</small><br></div><div class="spacer battle-history"><br></div><div class="battle-history">Zipper fainted!<br></div><div class="spacer battle-history"><br></div><div class="battle-history"><small>The opposing Doom restored a little HP using its Leftovers!</small><br></div><div class="battle-history"><small>The opposing Doom was hurt by poison!</small><br></div><div class="spacer battle-history"><br></div><div class="battle-history">Go! Flash (<strong>Flareon</strong>)!<br></div><div class="battle-history"><small>Flash was poisoned!</small><br></div><div class="spacer battle-history"><br></div><h2 class="battle-history">Turn 20</h2><div class="spacer battle-history"><br></div><div class="battle-history">Flash used <strong>Facade</strong>!<br></div><div class="battle-history"><small>It doesn't affect the opposing Doom...</small><br></div><div class="spacer battle-history"><br></div><div class="battle-history">The opposing Doom used <strong>Pain Split</strong>!<br></div><div class="battle-history"><small>The battlers shared their pain!</small><br></div><div class="spacer battle-history"><br></div><div class="battle-history"><small>The opposing Doom restored a little HP using its Leftovers!</small><br></div><div class="battle-history"><small>Flash was hurt by poison!</small><br></div><div class="battle-history"><small>The opposing Doom was hurt by poison!</small><br></div><div class="spacer battle-history"><br></div><h2 class="battle-history">Turn 21</h2><div class="spacer battle-history"><br></div><div class="battle-history">ArchedZero withdrew Doom!<br></div><div class="battle-history">ArchedZero sent out Digger (<strong>Rhyperior</strong>)!<br></div><div class="spacer battle-history"><br></div><div class="battle-history">Flash used <strong>Iron Tail</strong>!<br></div><div class="battle-history"><small>It's super effective!</small><br></div><div class="battle-history"><small>(The opposing Digger lost <abbr title="−180/434">41.5%</abbr> of its health!)</small><br></div><div class="spacer battle-history"><br></div><div class="battle-history"><small>The opposing Digger restored a little HP using its Leftovers!</small><br></div><div class="battle-history"><small>Flash was hurt by poison!</small><br></div><div class="spacer battle-history"><br></div><h2 class="battle-history">Turn 22</h2><div class="spacer battle-history"><br></div><div class="battle-history">Flash used <strong>Flare Blitz</strong>!<br></div><div class="battle-history"><small>It's not very effective...</small><br></div><div class="battle-history"><small>(The opposing Digger lost <abbr title="−102/434">23.5%</abbr> of its health!)</small><br></div><div class="battle-history"><small>Flash is damaged by the recoil!</small><br></div><div class="spacer battle-history"><br></div><div class="battle-history">The opposing Digger used <strong>Stealth Rock</strong>!<br></div><div class="battle-history"><small>Pointed stones float in the air around your team!</small><br></div><div class="spacer battle-history"><br></div><div class="battle-history"><small>The opposing Digger restored a little HP using its Leftovers!</small><br></div><div class="battle-history"><small>Flash was hurt by poison!</small><br></div><div class="spacer battle-history"><br></div><h2 class="battle-history">Turn 23</h2><div class="spacer battle-history"><br></div><div class="battle-history">ArchedZero withdrew Digger!<br></div><div class="battle-history">ArchedZero sent out Doom (<strong>Cofagrigus</strong>)!<br></div><div class="spacer battle-history"><br></div><div class="battle-history">Flash used <strong>Iron Tail</strong>!<br></div><div class="battle-history"><small>(The opposing Doom lost <abbr title="−149/320">46.6%</abbr> of its health!)</small><br></div><div class="battle-history"><small>[The opposing Doom's Mummy]</small><br><small>[Flash's Guts]</small><br><small>[Flash's Mummy]</small><br><small>Flash's Ability became Mummy!</small><br></div><div class="spacer battle-history"><br></div><div class="battle-history"><small>The opposing Doom restored a little HP using its Leftovers!</small><br></div><div class="battle-history"><small>Flash was hurt by poison!</small><br></div><div class="battle-history"><small>The opposing Doom was hurt by poison!</small><br></div><div class="spacer battle-history"><br></div><h2 class="battle-history">Turn 24</h2><div class="spacer battle-history"><br></div><div class="battle-history">Flash used <strong>Iron Tail</strong>!<br></div><div class="battle-history"><small>The opposing Doom avoided the attack!</small><br></div><div class="spacer battle-history"><br></div><div class="battle-history">The opposing Doom used <strong>Hex</strong>!<br></div><div class="battle-history"><small>(Flash lost <abbr title="−48/333">14.4%</abbr> of its health!)</small><br></div><div class="spacer battle-history"><br></div><div class="battle-history">Flash fainted!<br></div><div class="spacer battle-history"><br></div><div class="battle-history"><small>The opposing Doom restored a little HP using its Leftovers!</small><br></div><div class="battle-history"><small>The opposing Doom was hurt by poison!</small><br></div><div class="spacer battle-history"><br></div><div class="battle-history">Go! Two Hands (<strong>Ambipom</strong>)!<br></div><div class="battle-history"><small>Pointed stones dug into Two Hands!</small><br></div><div class="spacer battle-history"><br></div><h2 class="battle-history">Turn 25</h2><div class="spacer battle-history"><br></div><div class="battle-history">Two Hands used <strong>Knock Off</strong>!<br></div><div class="battle-history"><small>It's super effective!</small><br></div><div class="battle-history"><small>(The opposing Doom lost <abbr title="−37/320">11.6%</abbr> of its health!)</small><br></div><div class="battle-history"><small>[The opposing Doom's Mummy]</small><br><small>[Two Hands's Technician]</small><br><small>[Two Hands's Mummy]</small><br><small>Two Hands's Ability became Mummy!</small><br></div><div class="battle-history"><small>Two Hands knocked off the opposing Doom's Leftovers!</small><br></div><div class="battle-history"><small>Two Hands lost some of its HP!</small><br></div><div class="spacer battle-history"><br></div><div class="battle-history">The opposing Doom fainted!<br></div><div class="spacer battle-history"><br></div><div class="battle-history"><small>Two Hands was hurt by poison!</small><br></div><div class="spacer battle-history"><br></div><div class="battle-history">Two Hands fainted!<br></div><div class="spacer battle-history"><br></div><div class="battle-history">ArchedZero sent out Jolt (<strong>Jolteon</strong>)!<br></div><div class="spacer battle-history"><br></div><div class="battle-history">Go! Lizerdon (<strong>Sceptile</strong>)!<br></div><div class="battle-history"><small>Pointed stones dug into Lizerdon!</small><br></div><div class="battle-history"><small>Lizerdon was poisoned!</small><br></div><div class="spacer battle-history"><br></div><h2 class="battle-history">Turn 26</h2><div class="spacer battle-history"><br></div><div class="battle-history">The opposing Jolt used <strong>Hidden Power</strong>!<br></div><div class="battle-history"><small>It's super effective!</small><br></div><div class="battle-history"><small>(Lizerdon lost <abbr title="−204/281">72.6%</abbr> of its health!)</small><br></div><div class="spacer battle-history"><br></div><div class="battle-history">Lizerdon used <strong>Leaf Storm</strong>!<br></div><div class="battle-history"><small>(The opposing Jolt lost <abbr title="−271/271">100%</abbr> of its health!)</small><br></div><div class="battle-history"><small>Lizerdon's Special Attack fell harshly!</small><br></div><div class="spacer battle-history"><br></div><div class="battle-history">The opposing Jolt fainted!<br></div><div class="spacer battle-history"><br></div><div class="battle-history"><small>Lizerdon was hurt by poison!</small><br></div><div class="spacer battle-history"><br></div><div class="battle-history">ArchedZero sent out Dancing Queen (<strong>Hitmontop</strong>)!<br></div><div class="battle-history"><small>[The opposing Dancing Queen's Intimidate]</small><br></div><div class="battle-history"><small>Lizerdon's Attack fell!</small><br></div><div class="spacer battle-history"><br></div><h2 class="battle-history">Turn 27</h2><div class="spacer battle-history"><br></div><div class="battle-history">The opposing Dancing Queen used <strong>Fake Out</strong>!<br></div><div class="battle-history"><small>A critical hit!</small><br></div><div class="battle-history"><small>(Lizerdon lost <abbr title="−7/281">2.5%</abbr> of its health!)</small><br></div><div class="spacer battle-history"><br></div><div class="battle-history">Lizerdon fainted!<br></div><div class="spacer battle-history"><br></div><div class="battle-history"><small>The opposing Dancing Queen was hurt by poison!</small><br></div><div class="spacer battle-history"><br></div><div class="battle-history">Go! BIGBOYMAN (<strong>Regirock</strong>)!<br></div><div class="battle-history"><small>Pointed stones dug into BIGBOYMAN!</small><br></div><div class="spacer battle-history"><br></div><h2 class="battle-history">Turn 28</h2><div class="spacer battle-history"><br></div><div class="battle-history">The opposing Dancing Queen used <strong>Close Combat</strong>!<br></div><div class="battle-history"><small>It's super effective!</small><br></div><div class="battle-history"><small>A critical hit!</small><br></div><div class="battle-history"><small>(BIGBOYMAN lost <abbr title="−180/364">49.5%</abbr> of its health!)</small><br></div><div class="battle-history"><small>The opposing Dancing Queen's Defense fell!</small><br></div><div class="battle-history"><small>The opposing Dancing Queen's Special Defense fell!</small><br></div><div class="spacer battle-history"><br></div><div class="battle-history">BIGBOYMAN used <strong>Earthquake</strong>!<br></div><div class="battle-history"><small>(The opposing Dancing Queen lost <abbr title="−41/304">13.5%</abbr> of its health!)</small><br></div><div class="spacer battle-history"><br></div><div class="battle-history"><small>BIGBOYMAN restored a little HP using its Leftovers!</small><br></div><div class="battle-history"><small>The opposing Dancing Queen was hurt by poison!</small><br></div><div class="battle-history"><small>BIGBOYMAN was hurt by its burn!</small><br></div><div class="spacer battle-history"><br></div><div class="battle-history">BIGBOYMAN fainted!<br></div><div class="spacer battle-history"><br></div><div class="battle-history"><strong>ArchedZero</strong> won the battle!<br></div><div class="chat chatmessage-archedzero"><strong style="color:hsl(156,71%,33%)"><small>★</small><span class="username" data-name="ArchedZero">ArchedZero</span>:</strong> <em>gg</em></div><div class="chat"><small>mrducks9000 left.</small></div><div class="chat">Ladder (probably) updated, but score could not be retrieved (Response not received).</div></div><div class="inner-preempt"></div></div></div>
</div>
<script>
let daily = Math.floor(Date.now()/1000/60/60/24);document.write('<script src="https://play.pokemonshowdown.com/js/replay-embed.js?version'+daily+'"></'+'script>');
</script>
