<!DOCTYPE html>
<meta charset="utf-8" />
<!-- version 1 -->
<title>RU replay: LCezasfuck vs. ShieldOfAngels</title>
<style>
html,body {font-family:Verdana, sans-serif;font-size:10pt;margin:0;padding:0;}body{padding:12px 0;} .battle-log {font-family:Verdana, sans-serif;font-size:10pt;} .battle-log-inline {border:1px solid #AAAAAA;background:#EEF2F5;color:black;max-width:640px;margin:0 auto 80px;padding-bottom:5px;} .battle-log .inner {padding:4px 8px 0px 8px;} .battle-log .inner-preempt {padding:0 8px 4px 8px;} .battle-log .inner-after {margin-top:0.5em;} .battle-log h2 {margin:0.5em -8px;padding:4px 8px;border:1px solid #AAAAAA;background:#E0E7EA;border-left:0;border-right:0;font-family:Verdana, sans-serif;font-size:13pt;} .battle-log .chat {vertical-align:middle;padding:3px 0 3px 0;font-size:8pt;} .battle-log .chat strong {color:#40576A;} .battle-log .chat em {padding:1px 4px 1px 3px;color:#000000;font-style:normal;} .chat.mine {background:rgba(0,0,0,0.05);margin-left:-8px;margin-right:-8px;padding-left:8px;padding-right:8px;} .spoiler {color:#BBBBBB;background:#BBBBBB;padding:0px 3px;} .spoiler:hover, .spoiler:active, .spoiler-shown {color:#000000;background:#E2E2E2;padding:0px 3px;} .spoiler a {color:#BBBBBB;} .spoiler:hover a, .spoiler:active a, .spoiler-shown a {color:#2288CC;} .chat code, .chat .spoiler:hover code, .chat .spoiler:active code, .chat .spoiler-shown code {border:1px solid #C0C0C0;background:#EEEEEE;color:black;padding:0 2px;} .chat .spoiler code {border:1px solid #CCCCCC;background:#CCCCCC;color:#CCCCCC;} .battle-log .rated {padding:3px 4px;} .battle-log .rated strong {color:white;background:#89A;padding:1px 4px;border-radius:4px;} .spacer {margin-top:0.5em;} .message-announce {background:#6688AA;color:white;padding:1px 4px 2px;} .message-announce a, .broadcast-green a, .broadcast-blue a, .broadcast-red a {color:#DDEEFF;} .broadcast-green {background-color:#559955;color:white;padding:2px 4px;} .broadcast-blue {background-color:#6688AA;color:white;padding:2px 4px;} .infobox {border:1px solid #6688AA;padding:2px 4px;} .infobox-limited {max-height:200px;overflow:auto;overflow-x:hidden;} .broadcast-red {background-color:#AA5544;color:white;padding:2px 4px;} .message-learn-canlearn {font-weight:bold;color:#228822;text-decoration:underline;} .message-learn-cannotlearn {font-weight:bold;color:#CC2222;text-decoration:underline;} .message-effect-weak {font-weight:bold;color:#CC2222;} .message-effect-resist {font-weight:bold;color:#6688AA;} .message-effect-immune {font-weight:bold;color:#666666;} .message-learn-list {margin-top:0;margin-bottom:0;} .message-throttle-notice, .message-error {color:#992222;} .message-overflow, .chat small.message-overflow {font-size:0pt;} .message-overflow::before {font-size:9pt;content:'...';} .subtle {color:#3A4A66;}
</style>
<div class="wrapper replay-wrapper" style="max-width:1180px;margin:0 auto">
<input type="hidden" name="replayid" value="ru-498620289" />
<div class="battle"></div><div class="battle-log"></div><div class="replay-controls"></div><div class="replay-controls-2"></div>
<h1 style="font-weight:normal;text-align:center"><strong>RU</strong><br /><a href="http://pokemonshowdown.com/users/lcezasfuck" class="subtle" target="_blank">LCezasfuck</a> vs. <a href="http://pokemonshowdown.com/users/shieldofangels" class="subtle" target="_blank">ShieldOfAngels</a></h1>
<script type="text/plain" class="battle-log-data">|j|LCezasfuck
|j|ShieldOfAngels
|player|p1|LCezasfuck|184
|player|p2|ShieldOfAngels|101
|gametype|singles
|gen|6
|tier|RU
|rated
|seed|9253,372,46430,29062
|rule|Sleep Clause Mod: Limit one foe put to sleep
|rule|Species Clause: Limit one of each Pokémon
|rule|OHKO Clause: OHKO moves are banned
|rule|Moody Clause: Moody is banned
|rule|Evasion Moves Clause: Evasion moves are banned
|rule|Endless Battle Clause: Forcing endless battles is banned
|rule|HP Percentage Mod: HP is shown in percentages
|clearpoke
|poke|p1|Alomomola, M|item
|poke|p1|Togetic, M|item
|poke|p1|Uxie|item
|poke|p1|Virizion|item
|poke|p1|Glalie, M|item
|poke|p1|Hitmontop, M|item
|poke|p2|Drapion, F|item
|poke|p2|Sigilyph, F|item
|poke|p2|Ursaring, F|item
|poke|p2|Prinplup, F|item
|poke|p2|Lilligant, F|item
|poke|p2|Eelektross, M|item
|rule|Swagger Clause: Swagger is banned
|rule|Baton Pass Clause: Limit one Baton Passer, can't pass Spe and other stats simultaneously
|teampreview
|choice|team 1, team 2, team 3, team 4, team 5, team 6|team 2, team 1, team 3, team 4, team 5, team 6
|
|start
|switch|p1a: Alomomola|Alomomola, M|534\/534
|switch|p2a: Sigilyph|Sigilyph, F|348\/348
|turn|1
|choice|switch 5|move calmmind
|
|switch|p1a: Glalie|Glalie, M|301\/301
|move|p2a: Sigilyph|Calm Mind|p2a: Sigilyph
|-boost|p2a: Sigilyph|spa|1
|-boost|p2a: Sigilyph|spd|1
|
|-status|p2a: Sigilyph|brn|[from] item: Flame Orb
|upkeep
|turn|2
|choice|move doubleedge mega|move psychoshift
|
|detailschange|p1a: Glalie|Glalie-Mega, M
|-mega|p1a: Glalie|Glalie|Glalitite
|move|p2a: Sigilyph|Psycho Shift|p1a: Glalie
|-status|p1a: Glalie|brn
|-curestatus|p2a: Sigilyph|brn|[msg]
|move|p1a: Glalie|Double-Edge|p2a: Sigilyph
|-supereffective|p2a: Sigilyph
|-damage|p2a: Sigilyph|54\/348
|-damage|p1a: Glalie|204\/301 brn|[from] recoil|[of] p2a: Sigilyph
|
|-damage|p1a: Glalie|167\/301 brn|[from] brn
|-status|p2a: Sigilyph|brn|[from] item: Flame Orb
|upkeep
|turn|3
|choice|move doubleedge|move airslash
|
|move|p1a: Glalie|Double-Edge|p2a: Sigilyph
|-supereffective|p2a: Sigilyph
|-damage|p2a: Sigilyph|0 fnt
|-damage|p1a: Glalie|149\/301 brn|[from] recoil|[of] p2a: Sigilyph
|faint|p2a: Sigilyph
|
|-damage|p1a: Glalie|112\/301 brn|[from] brn
|upkeep
|choice||switch 2
|
|switch|p2a: Drapion|Drapion, F|344\/344
|turn|4
|choice|switch 6|move poisonjab
|
|switch|p1a: Hitmontop|Hitmontop, M|304\/304
|-ability|p1a: Hitmontop|Intimidate|boost
|-unboost|p2a: Drapion|atk|1
|move|p2a: Drapion|Poison Jab|p1a: Hitmontop
|-damage|p1a: Hitmontop|243\/304
|
|-heal|p1a: Hitmontop|262\/304|[from] item: Leftovers
|upkeep
|turn|5
|choice|switch 5|move swordsdance
|
|switch|p1a: Alomomola|Alomomola, M|534\/534
|move|p2a: Drapion|Swords Dance|p2a: Drapion
|-boost|p2a: Drapion|atk|2
|
|upkeep
|turn|6
|choice|move scald|move knockoff
|
|move|p2a: Drapion|Knock Off|p1a: Alomomola
|-damage|p1a: Alomomola|363\/534
|-damage|p2a: Drapion|287\/344|[from] item: Rocky Helmet|[of] p1a: Alomomola
|-enditem|p1a: Alomomola|Rocky Helmet|[from] move: Knock Off|[of] p2a: Drapion
|move|p1a: Alomomola|Scald|p2a: Drapion
|-damage|p2a: Drapion|224\/344
|-status|p2a: Drapion|brn
|
|-heal|p2a: Drapion|245\/344 brn|[from] item: Black Sludge
|-damage|p2a: Drapion|202\/344 brn|[from] brn
|upkeep
|turn|7
|choice|move wish|move swordsdance
|
|move|p2a: Drapion|Swords Dance|p2a: Drapion
|-boost|p2a: Drapion|atk|2
|move|p1a: Alomomola|Wish|p1a: Alomomola
|
|-heal|p2a: Drapion|223\/344 brn|[from] item: Black Sludge
|-damage|p2a: Drapion|180\/344 brn|[from] brn
|upkeep
|turn|8
|choice|switch 5|move swordsdance
|
|switch|p1a: Hitmontop|Hitmontop, M|262\/304
|-ability|p1a: Hitmontop|Intimidate|boost
|-unboost|p2a: Drapion|atk|1
|move|p2a: Drapion|Swords Dance|p2a: Drapion
|-boost|p2a: Drapion|atk|2
|
|-heal|p1a: Hitmontop|304\/304|[from] move: Wish|[wisher] Alomomola
|-heal|p2a: Drapion|201\/344 brn|[from] item: Black Sludge
|-damage|p2a: Drapion|158\/344 brn|[from] brn
|upkeep
|turn|9
|choice|move closecombat|move knockoff
|
|move|p2a: Drapion|Knock Off|p1a: Hitmontop
|-resisted|p1a: Hitmontop
|-damage|p1a: Hitmontop|223\/304
|-enditem|p1a: Hitmontop|Leftovers|[from] move: Knock Off|[of] p2a: Drapion
|move|p1a: Hitmontop|Close Combat|p2a: Drapion
|-damage|p2a: Drapion|25\/344 brn
|-unboost|p1a: Hitmontop|def|1
|-unboost|p1a: Hitmontop|spd|1
|
|-heal|p2a: Drapion|46\/344 brn|[from] item: Black Sludge
|-damage|p2a: Drapion|3\/344 brn|[from] brn
|upkeep
|turn|10
|choice|move suckerpunch|move aquatail
|
|move|p1a: Hitmontop|Sucker Punch|p2a: Drapion
|-resisted|p2a: Drapion
|-damage|p2a: Drapion|0 fnt
|faint|p2a: Drapion
|
|upkeep
|choice||switch 4
|
|switch|p2a: Prinplup|Prinplup, F|332\/332
|turn|11
|choice|move toxic|move scald
|
|move|p1a: Hitmontop|Toxic|p2a: Prinplup
|-status|p2a: Prinplup|tox
|move|p2a: Prinplup|Scald|p1a: Hitmontop
|-damage|p1a: Hitmontop|115\/304
|
|-damage|p2a: Prinplup|312\/332 tox|[from] psn
|upkeep
|turn|12
|choice|switch 2|move scald
|
|switch|p1a: Togetic|Togetic, M|314\/314
|move|p2a: Prinplup|Scald|p1a: Togetic
|-crit|p1a: Togetic
|-damage|p1a: Togetic|259\/314
|
|-damage|p2a: Prinplup|272\/332 tox|[from] psn
|upkeep
|turn|13
|choice|move healbell|move toxic
|
|move|p2a: Prinplup|Toxic|p1a: Togetic
|-status|p1a: Togetic|tox
|move|p1a: Togetic|Heal Bell|p1a: Togetic
|-activate|p1a: Togetic|move: Heal Bell
|-curestatus|p1a: Togetic|tox|[msg]
|-curestatus|p1: Glalie|brn|[msg]
|
|-damage|p2a: Prinplup|212\/332 tox|[from] psn
|upkeep
|turn|14
|choice|switch 5|move stealthrock
|
|switch|p1a: Alomomola|Alomomola, M|534\/534
|move|p2a: Prinplup|Stealth Rock|p1a: Alomomola
|-sidestart|p1: LCezasfuck|move: Stealth Rock
|
|-damage|p2a: Prinplup|132\/332 tox|[from] psn
|upkeep
|turn|15
|choice|move wish|move toxic
|
|move|p1a: Alomomola|Wish|p1a: Alomomola
|move|p2a: Prinplup|Toxic|p1a: Alomomola
|-status|p1a: Alomomola|tox
|
|-damage|p1a: Alomomola|501\/534 tox|[from] psn
|-damage|p2a: Prinplup|32\/332 tox|[from] psn
|upkeep
|turn|16
|choice|switch 2|switch 5
|
|switch|p1a: Hitmontop|Hitmontop, M|115\/304
|-damage|p1a: Hitmontop|96\/304|[from] Stealth Rock
|-ability|p1a: Hitmontop|Intimidate|boost
|-unboost|p2a: Prinplup|atk|1
|switch|p2a: Lilligant|Lilligant, F|281\/281
|
|-heal|p1a: Hitmontop|304\/304|[from] move: Wish|[wisher] Alomomola
|upkeep
|turn|17
|choice|move toxic|move quiverdance
|
|move|p2a: Lilligant|Quiver Dance|p2a: Lilligant
|-boost|p2a: Lilligant|spa|1
|-boost|p2a: Lilligant|spd|1
|-boost|p2a: Lilligant|spe|1
|move|p1a: Hitmontop|Toxic|p2a: Lilligant
|-status|p2a: Lilligant|tox
|
|-damage|p2a: Lilligant|264\/281 tox|[from] psn
|upkeep
|turn|18
|choice|move closecombat|move sleeppowder
|
|move|p2a: Lilligant|Sleep Powder|p1a: Hitmontop
|-status|p1a: Hitmontop|slp
|cant|p1a: Hitmontop|slp
|
|-damage|p2a: Lilligant|230\/281 tox|[from] psn
|upkeep
|turn|19
|choice|switch 5|move quiverdance
|
|switch|p1a: Togetic|Togetic, M|259\/314
|-damage|p1a: Togetic|181\/314|[from] Stealth Rock
|move|p2a: Lilligant|Quiver Dance|p2a: Lilligant
|-boost|p2a: Lilligant|spa|1
|-boost|p2a: Lilligant|spd|1
|-boost|p2a: Lilligant|spe|1
|
|-damage|p2a: Lilligant|179\/281 tox|[from] psn
|upkeep
|turn|20
|choice|move roost|move hiddenpower
|
|move|p2a: Lilligant|Hidden Power|p1a: Togetic
|-supereffective|p1a: Togetic
|-damage|p1a: Togetic|25\/314
|-damage|p2a: Lilligant|151\/281 tox|[from] item: Life Orb
|move|p1a: Togetic|Roost|p1a: Togetic
|-heal|p1a: Togetic|182\/314
|
|-damage|p2a: Lilligant|83\/281 tox|[from] psn
|upkeep
|turn|21
|choice|move roost|move hiddenpower
|
|move|p2a: Lilligant|Hidden Power|p1a: Togetic
|-supereffective|p1a: Togetic
|-damage|p1a: Togetic|18\/314
|-damage|p2a: Lilligant|55\/281 tox|[from] item: Life Orb
|move|p1a: Togetic|Roost|p1a: Togetic
|-heal|p1a: Togetic|175\/314
|
|-damage|p2a: Lilligant|0 fnt|[from] psn
|upkeep
|faint|p2a: Lilligant
|choice||switch 6
|
|switch|p2a: Eelektross|Eelektross, M|374\/374
|turn|22
|choice|move roost|move thunderbolt
|
|move|p2a: Eelektross|Thunderbolt|p1a: Togetic
|-supereffective|p1a: Togetic
|-damage|p1a: Togetic|25\/314
|move|p1a: Togetic|Roost|p1a: Togetic
|-heal|p1a: Togetic|182\/314
|
|upkeep
|turn|23
|choice|move roost|move thunderbolt
|
|move|p2a: Eelektross|Thunderbolt|p1a: Togetic
|-supereffective|p1a: Togetic
|-damage|p1a: Togetic|44\/314
|move|p1a: Togetic|Roost|p1a: Togetic
|-heal|p1a: Togetic|201\/314
|
|upkeep
|turn|24
|choice|move roost|switch 3
|
|switch|p2a: Ursaring|Ursaring, F|321\/321
|move|p1a: Togetic|Roost|p1a: Togetic
|-heal|p1a: Togetic|314\/314
|
|-status|p2a: Ursaring|tox|[from] item: Toxic Orb
|upkeep
|turn|25
|choice|move defog|move swordsdance
|
|move|p2a: Ursaring|Swords Dance|p2a: Ursaring
|-boost|p2a: Ursaring|atk|2
|move|p1a: Togetic|Defog|p2a: Ursaring
|-unboost|p2a: Ursaring|evasion|1
|-sideend|p1: LCezasfuck|Stealth Rock|[from] move: Defog|[of] p1a: Togetic
|
|-damage|p2a: Ursaring|301\/321 tox|[from] psn
|upkeep
|turn|26
|choice|switch 5|move swordsdance
|
|switch|p1a: Hitmontop|Hitmontop, M|304\/304 slp
|-ability|p1a: Hitmontop|Intimidate|boost
|-unboost|p2a: Ursaring|atk|1
|move|p2a: Ursaring|Swords Dance|p2a: Ursaring
|-boost|p2a: Ursaring|atk|2
|
|-damage|p2a: Ursaring|261\/321 tox|[from] psn
|upkeep
|turn|27
|choice|move closecombat|move facade
|
|move|p2a: Ursaring|Facade|p1a: Hitmontop
|-damage|p1a: Hitmontop|0 fnt
|faint|p1a: Hitmontop
|
|-damage|p2a: Ursaring|201\/321 tox|[from] psn
|upkeep
|c|★LCezasfuck|229*1.5
|c|★ShieldOfAngels|343
|c|★LCezasfuck|343.5
|choice|switch 4|
|
|switch|p1a: Virizion|Virizion|323\/323
|turn|28
|choice|move closecombat|move facade
|
|move|p1a: Virizion|Close Combat|p2a: Ursaring
|-supereffective|p2a: Ursaring
|-damage|p2a: Ursaring|0 fnt
|-unboost|p1a: Virizion|def|1
|-unboost|p1a: Virizion|spd|1
|faint|p2a: Ursaring
|
|upkeep
|c|★LCezasfuck|lol
|choice||switch 3
|
|switch|p2a: Eelektross|Eelektross, M|374\/374
|turn|29
|choice|move swordsdance|move flamethrower
|
|move|p1a: Virizion|Swords Dance|p1a: Virizion
|-boost|p1a: Virizion|atk|2
|move|p2a: Eelektross|Flamethrower|p1a: Virizion
|-supereffective|p1a: Virizion
|-damage|p1a: Virizion|73\/323
|
|upkeep
|turn|30
|choice|move closecombat|move flamethrower
|
|move|p1a: Virizion|Close Combat|p2a: Eelektross
|-damage|p2a: Eelektross|0 fnt
|-unboost|p1a: Virizion|def|1
|-unboost|p1a: Virizion|spd|1
|faint|p2a: Eelektross
|
|upkeep
|choice||switch 5
|
|switch|p2a: Prinplup|Prinplup, F|32\/332 tox
|turn|31
|choice|move closecombat|move scald
|
|move|p1a: Virizion|Close Combat|p2a: Prinplup
|-damage|p2a: Prinplup|0 fnt
|-unboost|p1a: Virizion|def|1
|-unboost|p1a: Virizion|spd|1
|faint|p2a: Prinplup
|
|win|LCezasfuck
|player|p1
|player|p2
|c|★ShieldOfAngels|damn</script>
</div>
<div class="battle-log battle-log-inline"><div class="inner"><div class="battle-options"></div><div class="inner"><div class="chat"><small>LCezasfuck joined.</small></div><div class="chat"><small>ShieldOfAngels joined.</small></div><div class=""><small>Format:</small> <br><strong>RU</strong></div><div class="rated"><strong>Rated battle</strong></div><div class=""><small><em>Sleep Clause Mod:</em> Limit one foe put to sleep</small></div><div class=""><small><em>Species Clause:</em> Limit one of each Pokémon</small></div><div class=""><small><em>OHKO Clause:</em> OHKO moves are banned</small></div><div class=""><small><em>Moody Clause:</em> Moody is banned</small></div><div class=""><small><em>Evasion Moves Clause:</em> Evasion moves are banned</small></div><div class=""><small><em>Endless Battle Clause:</em> Forcing endless battles is banned</small></div><div class=""><small><em>HP Percentage Mod:</em> HP is shown in percentages</small></div><div class=""><small><em>Swagger Clause:</em> Swagger is banned</small></div><div class=""><small><em>Baton Pass Clause:</em> Limit one Baton Passer, can't pass Spe and other stats simultaneously</small></div><div class="chat battle-history"><strong>LCezasfuck's team:</strong> <em style="color:#445566;display:block;">Alomomola / Togetic / Uxie / Virizion / Glalie / Hitmontop</em></div><div class="chat battle-history"><strong>ShieldOfAngels's team:</strong> <em style="color:#445566;display:block;">Drapion / Sigilyph / Ursaring / Prinplup / Lilligant / Eelektross</em></div><div class="spacer battle-history"><br></div><div class="battle-history">Battle started between LCezasfuck and ShieldOfAngels!<br></div><div class="spacer battle-history"><br></div><div class="battle-history">Go! <strong>Alomomola</strong>!<br></div><div class="spacer battle-history"><br></div><div class="battle-history">ShieldOfAngels sent out <strong>Sigilyph</strong>!<br></div><div class="spacer battle-history"><br></div><h2 class="battle-history">Turn 1</h2><div class="spacer battle-history"><br></div><div class="battle-history">Alomomola, come back!<br></div><div class="battle-history">Go! <strong>Glalie</strong>!<br></div><div class="spacer battle-history"><br></div><div class="battle-history">The opposing Sigilyph used <strong>Calm Mind</strong>!<br></div><div class="battle-history"><small>The opposing Sigilyph's Special Attack rose!</small><br></div><div class="battle-history"><small>The opposing Sigilyph's Special Defense rose!</small><br></div><div class="spacer battle-history"><br></div><div class="battle-history"><small>The opposing Sigilyph was burned!</small><br></div><div class="spacer battle-history"><br></div><h2 class="battle-history">Turn 2</h2><div class="spacer battle-history"><br></div><div class="battle-history"><small>Glalie's Glalitite is reacting to LCezasfuck's Mega Bracelet!</small><br>Glalie has Mega Evolved into Mega Glalie!<br></div><div class="spacer battle-history"><br></div><div class="battle-history">The opposing Sigilyph used <strong>Psycho Shift</strong>!<br></div><div class="battle-history"><small>Glalie was burned!</small><br></div><div class="battle-history"><small>The opposing Sigilyph's burn was healed.</small><br></div><div class="spacer battle-history"><br></div><div class="battle-history">Glalie used <strong>Double-Edge</strong>!<br></div><div class="battle-history"><small>It's super effective!</small><br></div><div class="battle-history"><small>(The opposing Sigilyph lost <abbr title="−294/348">84.5%</abbr> of its health!)</small><br></div><div class="battle-history"><small>Glalie is damaged by the recoil!</small><br></div><div class="spacer battle-history"><br></div><div class="battle-history"><small>Glalie was hurt by its burn!</small><br></div><div class="battle-history"><small>The opposing Sigilyph was burned!</small><br></div><div class="spacer battle-history"><br></div><h2 class="battle-history">Turn 3</h2><div class="spacer battle-history"><br></div><div class="battle-history">Glalie used <strong>Double-Edge</strong>!<br></div><div class="battle-history"><small>It's super effective!</small><br></div><div class="battle-history"><small>(The opposing Sigilyph lost <abbr title="−54/348">15.5%</abbr> of its health!)</small><br></div><div class="battle-history"><small>Glalie is damaged by the recoil!</small><br></div><div class="spacer battle-history"><br></div><div class="battle-history">The opposing Sigilyph fainted!<br></div><div class="spacer battle-history"><br></div><div class="battle-history"><small>Glalie was hurt by its burn!</small><br></div><div class="spacer battle-history"><br></div><div class="battle-history">ShieldOfAngels sent out <strong>Drapion</strong>!<br></div><div class="spacer battle-history"><br></div><h2 class="battle-history">Turn 4</h2><div class="spacer battle-history"><br></div><div class="battle-history">Glalie, come back!<br></div><div class="battle-history">Go! <strong>Hitmontop</strong>!<br></div><div class="battle-history"><small>[Hitmontop's Intimidate]</small><br></div><div class="battle-history"><small>The opposing Drapion's Attack fell!</small><br></div><div class="spacer battle-history"><br></div><div class="battle-history">The opposing Drapion used <strong>Poison Jab</strong>!<br></div><div class="battle-history"><small>(Hitmontop lost <abbr title="−61/304">20.1%</abbr> of its health!)</small><br></div><div class="spacer battle-history"><br></div><div class="battle-history"><small>Hitmontop restored a little HP using its Leftovers!</small><br></div><div class="spacer battle-history"><br></div><h2 class="battle-history">Turn 5</h2><div class="spacer battle-history"><br></div><div class="battle-history">Hitmontop, come back!<br></div><div class="battle-history">Go! <strong>Alomomola</strong>!<br></div><div class="spacer battle-history"><br></div><div class="battle-history">The opposing Drapion used <strong>Swords Dance</strong>!<br></div><div class="battle-history"><small>The opposing Drapion's Attack rose sharply!</small><br></div><div class="spacer battle-history"><br></div><h2 class="battle-history">Turn 6</h2><div class="spacer battle-history"><br></div><div class="battle-history">The opposing Drapion used <strong>Knock Off</strong>!<br></div><div class="battle-history"><small>(Alomomola lost <abbr title="−171/534">32.0%</abbr> of its health!)</small><br></div><div class="battle-history"><small>The opposing Drapion was hurt by the Rocky Helmet!</small><br></div><div class="battle-history"><small>The opposing Drapion knocked off Alomomola's Rocky Helmet!</small><br></div><div class="spacer battle-history"><br></div><div class="battle-history">Alomomola used <strong>Scald</strong>!<br></div><div class="battle-history"><small>(The opposing Drapion lost <abbr title="−63/344">18.3%</abbr> of its health!)</small><br></div><div class="battle-history"><small>The opposing Drapion was burned!</small><br></div><div class="spacer battle-history"><br></div><div class="battle-history"><small>The opposing Drapion restored a little HP using its Black Sludge!</small><br></div><div class="battle-history"><small>The opposing Drapion was hurt by its burn!</small><br></div><div class="spacer battle-history"><br></div><h2 class="battle-history">Turn 7</h2><div class="spacer battle-history"><br></div><div class="battle-history">The opposing Drapion used <strong>Swords Dance</strong>!<br></div><div class="battle-history"><small>The opposing Drapion's Attack rose sharply!</small><br></div><div class="spacer battle-history"><br></div><div class="battle-history">Alomomola used <strong>Wish</strong>!<br></div><div class="spacer battle-history"><br></div><div class="battle-history"><small>The opposing Drapion restored a little HP using its Black Sludge!</small><br></div><div class="battle-history"><small>The opposing Drapion was hurt by its burn!</small><br></div><div class="spacer battle-history"><br></div><h2 class="battle-history">Turn 8</h2><div class="spacer battle-history"><br></div><div class="battle-history">Alomomola, come back!<br></div><div class="battle-history">Go! <strong>Hitmontop</strong>!<br></div><div class="battle-history"><small>[Hitmontop's Intimidate]</small><br></div><div class="battle-history"><small>The opposing Drapion's Attack fell!</small><br></div><div class="spacer battle-history"><br></div><div class="battle-history">The opposing Drapion used <strong>Swords Dance</strong>!<br></div><div class="battle-history"><small>The opposing Drapion's Attack rose sharply!</small><br></div><div class="spacer battle-history"><br></div><div class="battle-history"><small>Alomomola's wish came true!</small><br></div><div class="battle-history"><small>The opposing Drapion restored a little HP using its Black Sludge!</small><br></div><div class="battle-history"><small>The opposing Drapion was hurt by its burn!</small><br></div><div class="spacer battle-history"><br></div><h2 class="battle-history">Turn 9</h2><div class="spacer battle-history"><br></div><div class="battle-history">The opposing Drapion used <strong>Knock Off</strong>!<br></div><div class="battle-history"><small>It's not very effective...</small><br></div><div class="battle-history"><small>(Hitmontop lost <abbr title="−81/304">26.6%</abbr> of its health!)</small><br></div><div class="battle-history"><small>The opposing Drapion knocked off Hitmontop's Leftovers!</small><br></div><div class="spacer battle-history"><br></div><div class="battle-history">Hitmontop used <strong>Close Combat</strong>!<br></div><div class="battle-history"><small>(The opposing Drapion lost <abbr title="−133/344">38.7%</abbr> of its health!)</small><br></div><div class="battle-history"><small>Hitmontop's Defense fell!</small><br></div><div class="battle-history"><small>Hitmontop's Special Defense fell!</small><br></div><div class="spacer battle-history"><br></div><div class="battle-history"><small>The opposing Drapion restored a little HP using its Black Sludge!</small><br></div><div class="battle-history"><small>The opposing Drapion was hurt by its burn!</small><br></div><div class="spacer battle-history"><br></div><h2 class="battle-history">Turn 10</h2><div class="spacer battle-history"><br></div><div class="battle-history">Hitmontop used <strong>Sucker Punch</strong>!<br></div><div class="battle-history"><small>It's not very effective...</small><br></div><div class="battle-history"><small>(The opposing Drapion lost <abbr title="−3/344">0.9%</abbr> of its health!)</small><br></div><div class="spacer battle-history"><br></div><div class="battle-history">The opposing Drapion fainted!<br></div><div class="spacer battle-history"><br></div><div class="battle-history">ShieldOfAngels sent out <strong>Prinplup</strong>!<br></div><div class="spacer battle-history"><br></div><h2 class="battle-history">Turn 11</h2><div class="spacer battle-history"><br></div><div class="battle-history">Hitmontop used <strong>Toxic</strong>!<br></div><div class="battle-history"><small>The opposing Prinplup was badly poisoned!</small><br></div><div class="spacer battle-history"><br></div><div class="battle-history">The opposing Prinplup used <strong>Scald</strong>!<br></div><div class="battle-history"><small>(Hitmontop lost <abbr title="−108/304">35.5%</abbr> of its health!)</small><br></div><div class="spacer battle-history"><br></div><div class="battle-history"><small>The opposing Prinplup was hurt by poison!</small><br></div><div class="spacer battle-history"><br></div><h2 class="battle-history">Turn 12</h2><div class="spacer battle-history"><br></div><div class="battle-history">Hitmontop, come back!<br></div><div class="battle-history">Go! <strong>Togetic</strong>!<br></div><div class="spacer battle-history"><br></div><div class="battle-history">The opposing Prinplup used <strong>Scald</strong>!<br></div><div class="battle-history"><small>A critical hit!</small><br></div><div class="battle-history"><small>(Togetic lost <abbr title="−55/314">17.5%</abbr> of its health!)</small><br></div><div class="spacer battle-history"><br></div><div class="battle-history"><small>The opposing Prinplup was hurt by poison!</small><br></div><div class="spacer battle-history"><br></div><h2 class="battle-history">Turn 13</h2><div class="spacer battle-history"><br></div><div class="battle-history">The opposing Prinplup used <strong>Toxic</strong>!<br></div><div class="battle-history"><small>Togetic was badly poisoned!</small><br></div><div class="spacer battle-history"><br></div><div class="battle-history">Togetic used <strong>Heal Bell</strong>!<br></div><div class="battle-history"><small>A bell chimed!</small><br></div><div class="battle-history"><small>Togetic was cured of its poisoning.</small><br></div><div class="battle-history"><small>Glalie's burn was healed.</small><br></div><div class="spacer battle-history"><br></div><div class="battle-history"><small>The opposing Prinplup was hurt by poison!</small><br></div><div class="spacer battle-history"><br></div><h2 class="battle-history">Turn 14</h2><div class="spacer battle-history"><br></div><div class="battle-history">Togetic, come back!<br></div><div class="battle-history">Go! <strong>Alomomola</strong>!<br></div><div class="spacer battle-history"><br></div><div class="battle-history">The opposing Prinplup used <strong>Stealth Rock</strong>!<br></div><div class="battle-history"><small>Pointed stones float in the air around your team!</small><br></div><div class="spacer battle-history"><br></div><div class="battle-history"><small>The opposing Prinplup was hurt by poison!</small><br></div><div class="spacer battle-history"><br></div><h2 class="battle-history">Turn 15</h2><div class="spacer battle-history"><br></div><div class="battle-history">Alomomola used <strong>Wish</strong>!<br></div><div class="spacer battle-history"><br></div><div class="battle-history">The opposing Prinplup used <strong>Toxic</strong>!<br></div><div class="battle-history"><small>Alomomola was badly poisoned!</small><br></div><div class="spacer battle-history"><br></div><div class="battle-history"><small>Alomomola was hurt by poison!</small><br></div><div class="battle-history"><small>The opposing Prinplup was hurt by poison!</small><br></div><div class="spacer battle-history"><br></div><h2 class="battle-history">Turn 16</h2><div class="spacer battle-history"><br></div><div class="battle-history">Alomomola, come back!<br></div><div class="battle-history">Go! <strong>Hitmontop</strong>!<br></div><div class="battle-history"><small>Pointed stones dug into Hitmontop!</small><br></div><div class="battle-history"><small>[Hitmontop's Intimidate]</small><br></div><div class="battle-history"><small>The opposing Prinplup's Attack fell!</small><br></div><div class="spacer battle-history"><br></div><div class="battle-history">ShieldOfAngels withdrew Prinplup!<br></div><div class="battle-history">ShieldOfAngels sent out <strong>Lilligant</strong>!<br></div><div class="spacer battle-history"><br></div><div class="battle-history"><small>Alomomola's wish came true!</small><br></div><div class="spacer battle-history"><br></div><h2 class="battle-history">Turn 17</h2><div class="spacer battle-history"><br></div><div class="battle-history">The opposing Lilligant used <strong>Quiver Dance</strong>!<br></div><div class="battle-history"><small>The opposing Lilligant's Special Attack rose!</small><br></div><div class="battle-history"><small>The opposing Lilligant's Special Defense rose!</small><br></div><div class="battle-history"><small>The opposing Lilligant's Speed rose!</small><br></div><div class="spacer battle-history"><br></div><div class="battle-history">Hitmontop used <strong>Toxic</strong>!<br></div><div class="battle-history"><small>The opposing Lilligant was badly poisoned!</small><br></div><div class="spacer battle-history"><br></div><div class="battle-history"><small>The opposing Lilligant was hurt by poison!</small><br></div><div class="spacer battle-history"><br></div><h2 class="battle-history">Turn 18</h2><div class="spacer battle-history"><br></div><div class="battle-history">The opposing Lilligant used <strong>Sleep Powder</strong>!<br></div><div class="battle-history"><small>Hitmontop fell asleep!</small><br></div><div class="spacer battle-history"><br></div><div class="battle-history">Hitmontop is fast asleep.<br></div><div class="spacer battle-history"><br></div><div class="battle-history"><small>The opposing Lilligant was hurt by poison!</small><br></div><div class="spacer battle-history"><br></div><h2 class="battle-history">Turn 19</h2><div class="spacer battle-history"><br></div><div class="battle-history">Hitmontop, come back!<br></div><div class="battle-history">Go! <strong>Togetic</strong>!<br></div><div class="battle-history"><small>Pointed stones dug into Togetic!</small><br></div><div class="spacer battle-history"><br></div><div class="battle-history">The opposing Lilligant used <strong>Quiver Dance</strong>!<br></div><div class="battle-history"><small>The opposing Lilligant's Special Attack rose!</small><br></div><div class="battle-history"><small>The opposing Lilligant's Special Defense rose!</small><br></div><div class="battle-history"><small>The opposing Lilligant's Speed rose!</small><br></div><div class="spacer battle-history"><br></div><div class="battle-history"><small>The opposing Lilligant was hurt by poison!</small><br></div><div class="spacer battle-history"><br></div><h2 class="battle-history">Turn 20</h2><div class="spacer battle-history"><br></div><div class="battle-history">The opposing Lilligant used <strong>Hidden Power</strong>!<br></div><div class="battle-history"><small>It's super effective!</small><br></div><div class="battle-history"><small>(Togetic lost <abbr title="−156/314">49.7%</abbr> of its health!)</small><br></div><div class="battle-history"><small>The opposing Lilligant lost some of its HP!</small><br></div><div class="spacer battle-history"><br></div><div class="battle-history">Togetic used <strong>Roost</strong>!<br></div><div class="battle-history"><small>Togetic restored its HP.</small><br></div><div class="spacer battle-history"><br></div><div class="battle-history"><small>The opposing Lilligant was hurt by poison!</small><br></div><div class="spacer battle-history"><br></div><h2 class="battle-history">Turn 21</h2><div class="spacer battle-history"><br></div><div class="battle-history">The opposing Lilligant used <strong>Hidden Power</strong>!<br></div><div class="battle-history"><small>It's super effective!</small><br></div><div class="battle-history"><small>(Togetic lost <abbr title="−164/314">52.2%</abbr> of its health!)</small><br></div><div class="battle-history"><small>The opposing Lilligant lost some of its HP!</small><br></div><div class="spacer battle-history"><br></div><div class="battle-history">Togetic used <strong>Roost</strong>!<br></div><div class="battle-history"><small>Togetic restored its HP.</small><br></div><div class="spacer battle-history"><br></div><div class="battle-history"><small>The opposing Lilligant was hurt by poison!</small><br></div><div class="spacer battle-history"><br></div><div class="battle-history">The opposing Lilligant fainted!<br></div><div class="spacer battle-history"><br></div><div class="battle-history">ShieldOfAngels sent out <strong>Eelektross</strong>!<br></div><div class="spacer battle-history"><br></div><h2 class="battle-history">Turn 22</h2><div class="spacer battle-history"><br></div><div class="battle-history">The opposing Eelektross used <strong>Thunderbolt</strong>!<br></div><div class="battle-history"><small>It's super effective!</small><br></div><div class="battle-history"><small>(Togetic lost <abbr title="−150/314">47.8%</abbr> of its health!)</small><br></div><div class="spacer battle-history"><br></div><div class="battle-history">Togetic used <strong>Roost</strong>!<br></div><div class="battle-history"><small>Togetic restored its HP.</small><br></div><div class="spacer battle-history"><br></div><h2 class="battle-history">Turn 23</h2><div class="spacer battle-history"><br></div><div class="battle-history">The opposing Eelektross used <strong>Thunderbolt</strong>!<br></div><div class="battle-history"><small>It's super effective!</small><br></div><div class="battle-history"><small>(Togetic lost <abbr title="−138/314">43.9%</abbr> of its health!)</small><br></div><div class="spacer battle-history"><br></div><div class="battle-history">Togetic used <strong>Roost</strong>!<br></div><div class="battle-history"><small>Togetic restored its HP.</small><br></div><div class="spacer battle-history"><br></div><h2 class="battle-history">Turn 24</h2><div class="spacer battle-history"><br></div><div class="battle-history">ShieldOfAngels withdrew Eelektross!<br></div><div class="battle-history">ShieldOfAngels sent out <strong>Ursaring</strong>!<br></div><div class="spacer battle-history"><br></div><div class="battle-history">Togetic used <strong>Roost</strong>!<br></div><div class="battle-history"><small>Togetic restored its HP.</small><br></div><div class="spacer battle-history"><br></div><div class="battle-history"><small>The opposing Ursaring was badly poisoned!</small><br></div><div class="spacer battle-history"><br></div><h2 class="battle-history">Turn 25</h2><div class="spacer battle-history"><br></div><div class="battle-history">The opposing Ursaring used <strong>Swords Dance</strong>!<br></div><div class="battle-history"><small>The opposing Ursaring's Attack rose sharply!</small><br></div><div class="spacer battle-history"><br></div><div class="battle-history">Togetic used <strong>Defog</strong>!<br></div><div class="battle-history"><small>The opposing Ursaring's evasiveness fell!</small><br></div><div class="battle-history"><small>The pointed stones disappeared from around your team!</small><br></div><div class="spacer battle-history"><br></div><div class="battle-history"><small>The opposing Ursaring was hurt by poison!</small><br></div><div class="spacer battle-history"><br></div><h2 class="battle-history">Turn 26</h2><div class="spacer battle-history"><br></div><div class="battle-history">Togetic, come back!<br></div><div class="battle-history">Go! <strong>Hitmontop</strong>!<br></div><div class="battle-history"><small>[Hitmontop's Intimidate]</small><br></div><div class="battle-history"><small>The opposing Ursaring's Attack fell!</small><br></div><div class="spacer battle-history"><br></div><div class="battle-history">The opposing Ursaring used <strong>Swords Dance</strong>!<br></div><div class="battle-history"><small>The opposing Ursaring's Attack rose sharply!</small><br></div><div class="spacer battle-history"><br></div><div class="battle-history"><small>The opposing Ursaring was hurt by poison!</small><br></div><div class="spacer battle-history"><br></div><h2 class="battle-history">Turn 27</h2><div class="spacer battle-history"><br></div><div class="battle-history">The opposing Ursaring used <strong>Facade</strong>!<br></div><div class="battle-history"><small>(Hitmontop lost <abbr title="−304/304">100%</abbr> of its health!)</small><br></div><div class="spacer battle-history"><br></div><div class="battle-history">Hitmontop fainted!<br></div><div class="spacer battle-history"><br></div><div class="battle-history"><small>The opposing Ursaring was hurt by poison!</small><br></div><div class="chat chatmessage-lcezasfuck"><strong style="color:hsl(63,60%,38.09380051909%)"><small>★</small><span class="username" data-name="LCezasfuck">LCezasfuck</span>:</strong> <em>229*1.5</em></div><div class="chat chatmessage-shieldofangels"><strong style="color:hsl(322,49%,45%)"><small>★</small><span class="username" data-name="ShieldOfAngels">ShieldOfAngels</span>:</strong> <em>343</em></div><div class="chat chatmessage-lcezasfuck"><strong style="color:hsl(63,60%,38.09380051909%)"><small>★</small><span class="username" data-name="LCezasfuck">LCezasfuck</span>:</strong> <em>343.5</em></div><div class="spacer battle-history"><br></div><div class="battle-history">Go! <strong>Virizion</strong>!<br></div><div class="spacer battle-history"><br></div><h2 class="battle-history">Turn 28</h2><div class="spacer battle-history"><br></div><div class="battle-history">Virizion used <strong>Close Combat</strong>!<br></div><div class="battle-history"><small>It's super effective!</small><br></div><div class="battle-history"><small>(The opposing Ursaring lost <abbr title="−201/321">62.6%</abbr> of its health!)</small><br></div><div class="battle-history"><small>Virizion's Defense fell!</small><br></div><div class="battle-history"><small>Virizion's Special Defense fell!</small><br></div><div class="spacer battle-history"><br></div><div class="battle-history">The opposing Ursaring fainted!<br></div><div class="chat chatmessage-lcezasfuck"><strong style="color:hsl(63,60%,38.09380051909%)"><small>★</small><span class="username" data-name="LCezasfuck">LCezasfuck</span>:</strong> <em>lol</em></div><div class="spacer battle-history"><br></div><div class="battle-history">ShieldOfAngels sent out <strong>Eelektross</strong>!<br></div><div class="spacer battle-history"><br></div><h2 class="battle-history">Turn 29</h2><div class="spacer battle-history"><br></div><div class="battle-history">Virizion used <strong>Swords Dance</strong>!<br></div><div class="battle-history"><small>Virizion's Attack rose sharply!</small><br></div><div class="spacer battle-history"><br></div><div class="battle-history">The opposing Eelektross used <strong>Flamethrower</strong>!<br></div><div class="battle-history"><small>It's super effective!</small><br></div><div class="battle-history"><small>(Virizion lost <abbr title="−250/323">77.4%</abbr> of its health!)</small><br></div><div class="spacer battle-history"><br></div><h2 class="battle-history">Turn 30</h2><div class="spacer battle-history"><br></div><div class="battle-history">Virizion used <strong>Close Combat</strong>!<br></div><div class="battle-history"><small>(The opposing Eelektross lost <abbr title="−374/374">100%</abbr> of its health!)</small><br></div><div class="battle-history"><small>Virizion's Defense fell!</small><br></div><div class="battle-history"><small>Virizion's Special Defense fell!</small><br></div><div class="spacer battle-history"><br></div><div class="battle-history">The opposing Eelektross fainted!<br></div><div class="spacer battle-history"><br></div><div class="battle-history">ShieldOfAngels sent out <strong>Prinplup</strong>!<br></div><div class="spacer battle-history"><br></div><h2 class="battle-history">Turn 31</h2><div class="spacer battle-history"><br></div><div class="battle-history">Virizion used <strong>Close Combat</strong>!<br></div><div class="battle-history"><small>(The opposing Prinplup lost <abbr title="−32/332">9.6%</abbr> of its health!)</small><br></div><div class="battle-history"><small>Virizion's Defense fell!</small><br></div><div class="battle-history"><small>Virizion's Special Defense fell!</small><br></div><div class="spacer battle-history"><br></div><div class="battle-history">The opposing Prinplup fainted!<br></div><div class="spacer battle-history"><br></div><div class="battle-history"><strong>LCezasfuck</strong> won the battle!<br></div><div class="chat chatmessage-shieldofangels"><strong style="color:hsl(322,49%,45%)"><small>★</small><span class="username" data-name="ShieldOfAngels">ShieldOfAngels</span>:</strong> <em>damn</em></div></div><div class="inner-preempt"></div></div></div>
</div>
<script>
let daily = Math.floor(Date.now()/1000/60/60/24);document.write('<script src="https://play.pokemonshowdown.com/js/replay-embed.js?version'+daily+'"></'+'script>');
</script>
