<!DOCTYPE html>
<meta charset="utf-8" />
<!-- version 1 -->
<title>RU replay: Zebulon13 vs. Neos1601</title>
<style>
html,body {font-family:Verdana, sans-serif;font-size:10pt;margin:0;padding:0;}body{padding:12px 0;} .battle-log {font-family:Verdana, sans-serif;font-size:10pt;} .battle-log-inline {border:1px solid #AAAAAA;background:#EEF2F5;color:black;max-width:640px;margin:0 auto 80px;padding-bottom:5px;} .battle-log .inner {padding:4px 8px 0px 8px;} .battle-log .inner-preempt {padding:0 8px 4px 8px;} .battle-log .inner-after {margin-top:0.5em;} .battle-log h2 {margin:0.5em -8px;padding:4px 8px;border:1px solid #AAAAAA;background:#E0E7EA;border-left:0;border-right:0;font-family:Verdana, sans-serif;font-size:13pt;} .battle-log .chat {vertical-align:middle;padding:3px 0 3px 0;font-size:8pt;} .battle-log .chat strong {color:#40576A;} .battle-log .chat em {padding:1px 4px 1px 3px;color:#000000;font-style:normal;} .chat.mine {background:rgba(0,0,0,0.05);margin-left:-8px;margin-right:-8px;padding-left:8px;padding-right:8px;} .spoiler {color:#BBBBBB;background:#BBBBBB;padding:0px 3px;} .spoiler:hover, .spoiler:active, .spoiler-shown {color:#000000;background:#E2E2E2;padding:0px 3px;} .spoiler a {color:#BBBBBB;} .spoiler:hover a, .spoiler:active a, .spoiler-shown a {color:#2288CC;} .chat code, .chat .spoiler:hover code, .chat .spoiler:active code, .chat .spoiler-shown code {border:1px solid #C0C0C0;background:#EEEEEE;color:black;padding:0 2px;} .chat .spoiler code {border:1px solid #CCCCCC;background:#CCCCCC;color:#CCCCCC;} .battle-log .rated {padding:3px 4px;} .battle-log .rated strong {color:white;background:#89A;padding:1px 4px;border-radius:4px;} .spacer {margin-top:0.5em;} .message-announce {background:#6688AA;color:white;padding:1px 4px 2px;} .message-announce a, .broadcast-green a, .broadcast-blue a, .broadcast-red a {color:#DDEEFF;} .broadcast-green {background-color:#559955;color:white;padding:2px 4px;} .broadcast-blue {background-color:#6688AA;color:white;padding:2px 4px;} .infobox {border:1px solid #6688AA;padding:2px 4px;} .infobox-limited {max-height:200px;overflow:auto;overflow-x:hidden;} .broadcast-red {background-color:#AA5544;color:white;padding:2px 4px;} .message-learn-canlearn {font-weight:bold;color:#228822;text-decoration:underline;} .message-learn-cannotlearn {font-weight:bold;color:#CC2222;text-decoration:underline;} .message-effect-weak {font-weight:bold;color:#CC2222;} .message-effect-resist {font-weight:bold;color:#6688AA;} .message-effect-immune {font-weight:bold;color:#666666;} .message-learn-list {margin-top:0;margin-bottom:0;} .message-throttle-notice, .message-error {color:#992222;} .message-overflow, .chat small.message-overflow {font-size:0pt;} .message-overflow::before {font-size:9pt;content:'...';} .subtle {color:#3A4A66;}
</style>
<div class="wrapper replay-wrapper" style="max-width:1180px;margin:0 auto">
<input type="hidden" name="replayid" value="pokestrat-ru-4986" />
<div class="battle"></div><div class="battle-log"></div><div class="replay-controls"></div><div class="replay-controls-2"></div>
<h1 style="font-weight:normal;text-align:center"><strong>RU</strong><br /><a href="http://pokemonshowdown.com/users/zebulon13" class="subtle" target="_blank">Zebulon13</a> vs. <a href="http://pokemonshowdown.com/users/neos1601" class="subtle" target="_blank">Neos1601</a></h1>
<script type="text/plain" class="battle-log-data">|j|Zebulon13
|j|Neos1601
|player|p1|Zebulon13|266
|player|p2|Neos1601|206
|gametype|singles
|gen|6
|tier|RU
|seed|28668,50353,17019,53915
|rule|Sleep Clause Mod: Limit one foe put to sleep
|rule|Species Clause: Limit one of each Pokémon
|rule|OHKO Clause: OHKO moves are banned
|rule|Moody Clause: Moody is banned
|rule|Evasion Moves Clause: Evasion moves are banned
|rule|Endless Battle Clause: Forcing endless battles is banned
|rule|HP Percentage Mod: HP is shown in percentages
|clearpoke
|poke|p1|Camerupt, M, shiny|item
|poke|p1|Virizion|item
|poke|p1|Aromatisse, F|item
|poke|p1|Qwilfish, M|item
|poke|p1|Scrafty, M|item
|poke|p1|Flygon, M|item
|poke|p2|Flygon, F|item
|poke|p2|Glalie, M|item
|poke|p2|Registeel|item
|poke|p2|Jolteon, M|item
|poke|p2|Malamar, F|item
|poke|p2|Togetic, F|item
|rule|Swagger Clause: Swagger is banned
|rule|Baton Pass Clause: Limit one Baton Passer, can't pass Spe and other stats simultaneously
|teampreview
|choice|team 1, team 2, team 3, team 4, team 5, team 6|team 3, team 2, team 1, team 4, team 5, team 6
|
|start
|switch|p1a: Camerupt|Camerupt, M, shiny|343\/343
|switch|p2a: Registeel|Registeel|364\/364
|turn|1
|choice|move stealthrock|move toxic
|
|move|p2a: Registeel|Toxic|p1a: Camerupt
|-status|p1a: Camerupt|tox
|move|p1a: Camerupt|Stealth Rock|p2a: Registeel
|-sidestart|p2: Neos1601|move: Stealth Rock
|
|-damage|p1a: Camerupt|322\/343 tox|[from] psn
|turn|2
|choice|move fireblast mega|move stealthrock
|
|detailschange|p1a: Camerupt|Camerupt-Mega, M, shiny
|-mega|p1a: Camerupt|Camerupt|Cameruptite
|move|p2a: Registeel|Stealth Rock|p1a: Camerupt
|-sidestart|p1: Zebulon13|move: Stealth Rock
|move|p1a: Camerupt|Fire Blast|p2a: Registeel
|-supereffective|p2a: Registeel
|-damage|p2a: Registeel|0 fnt
|faint|p2a: Registeel
|
|-damage|p1a: Camerupt|280\/343 tox|[from] psn
|choice||switch 3
|
|switch|p2a: Flygon|Flygon, F|364\/364
|-damage|p2a: Flygon|342\/364|[from] Stealth Rock
|turn|3
|choice|switch 4|move earthquake
|
|switch|p1a: Qwilfish|Qwilfish, M|334\/334
|-damage|p1a: Qwilfish|293\/334|[from] Stealth Rock
|-ability|p1a: Qwilfish|Intimidate|boost
|-unboost|p2a: Flygon|atk|1
|move|p2a: Flygon|Earthquake|p1a: Qwilfish
|-supereffective|p1a: Qwilfish
|-damage|p1a: Qwilfish|149\/334
|
|-heal|p2a: Flygon|364\/364|[from] item: Leftovers
|-heal|p1a: Qwilfish|169\/334|[from] item: Black Sludge
|turn|4
|choice|move toxic|move earthquake
|
|move|p2a: Flygon|Earthquake|p1a: Qwilfish
|-supereffective|p1a: Qwilfish
|-damage|p1a: Qwilfish|25\/334
|move|p1a: Qwilfish|Toxic|p2a: Flygon
|-status|p2a: Flygon|tox
|
|-heal|p1a: Qwilfish|45\/334|[from] item: Black Sludge
|-damage|p2a: Flygon|342\/364 tox|[from] psn
|turn|5
|choice|move painsplit|move uturn
|
|move|p2a: Flygon|U-turn|p1a: Qwilfish
|-resisted|p1a: Qwilfish
|-damage|p1a: Qwilfish|29\/334
|choice||switch 6
|
|switch|p2a: Togetic|Togetic, F|314\/314
|-damage|p2a: Togetic|236\/314|[from] Stealth Rock
|move|p1a: Qwilfish|Pain Split|p2a: Togetic
|-sethp|p2a: Togetic|132\/314|p1a: Qwilfish|132\/334|[from] move: Pain Split
|
|-heal|p1a: Qwilfish|152\/334|[from] item: Black Sludge
|turn|6
|choice|move toxicspikes|move thunderwave
|
|move|p1a: Qwilfish|Toxic Spikes|p2a: Togetic
|-sidestart|p2: Neos1601|move: Toxic Spikes
|move|p2a: Togetic|Thunder Wave|p1a: Qwilfish
|-status|p1a: Qwilfish|par
|
|-heal|p1a: Qwilfish|172\/334 par|[from] item: Black Sludge
|turn|7
|choice|move toxicspikes|switch 6
|
|switch|p2a: Flygon|Flygon, F|342\/364 tox
|-damage|p2a: Flygon|320\/364 tox|[from] Stealth Rock
|move|p1a: Qwilfish|Toxic Spikes|p2a: Flygon
|-sidestart|p2: Neos1601|move: Toxic Spikes
|
|-heal|p2a: Flygon|342\/364 tox|[from] item: Leftovers
|-heal|p1a: Qwilfish|192\/334 par|[from] item: Black Sludge
|-damage|p2a: Flygon|320\/364 tox|[from] psn
|turn|8
|choice|move waterfall|move earthquake
|
|move|p2a: Flygon|Earthquake|p1a: Qwilfish
|-supereffective|p1a: Qwilfish
|-damage|p1a: Qwilfish|0 fnt
|faint|p1a: Qwilfish
|
|-heal|p2a: Flygon|342\/364 tox|[from] item: Leftovers
|-damage|p2a: Flygon|298\/364 tox|[from] psn
|choice|switch 4|
|
|switch|p1a: Camerupt|Camerupt-Mega, M, shiny|280\/343 tox
|-damage|p1a: Camerupt|238\/343 tox|[from] Stealth Rock
|turn|9
|choice|move fireblast|move defog
|
|move|p2a: Flygon|Defog|p1a: Camerupt
|-unboost|p1a: Camerupt|evasion|1
|-sideend|p1: Zebulon13|Stealth Rock|[from] move: Defog|[of] p1a: Camerupt
|-sideend|p2: Neos1601|Toxic Spikes|[from] move: Defog|[of] p2a: Flygon
|-sideend|p2: Neos1601|Stealth Rock|[from] move: Defog|[of] p2a: Flygon
|move|p1a: Camerupt|Fire Blast|p2a: Flygon
|-resisted|p2a: Flygon
|-damage|p2a: Flygon|166\/364 tox
|
|-heal|p2a: Flygon|188\/364 tox|[from] item: Leftovers
|-damage|p2a: Flygon|122\/364 tox|[from] psn
|-damage|p1a: Camerupt|217\/343 tox|[from] psn
|turn|10
|choice|move fireblast|move earthquake
|
|move|p2a: Flygon|Earthquake|p1a: Camerupt
|-supereffective|p1a: Camerupt
|-damage|p1a: Camerupt|0 fnt
|faint|p1a: Camerupt
|
|-heal|p2a: Flygon|144\/364 tox|[from] item: Leftovers
|-damage|p2a: Flygon|56\/364 tox|[from] psn
|choice|switch 2|
|
|switch|p1a: Virizion|Virizion|323\/323
|turn|11
|choice|move swordsdance|move uturn
|
|move|p1a: Virizion|Swords Dance|p1a: Virizion
|-boost|p1a: Virizion|atk|2
|move|p2a: Flygon|U-turn|p1a: Virizion
|-damage|p1a: Virizion|256\/323
|choice||switch 2
|
|switch|p2a: Glalie|Glalie, M|301\/301
|
|turn|12
|choice|move swordsdance|move return mega
|
|detailschange|p2a: Glalie|Glalie-Mega, M
|-mega|p2a: Glalie|Glalie|Glalitite
|move|p1a: Virizion|Swords Dance|p1a: Virizion
|-boost|p1a: Virizion|atk|2
|move|p2a: Glalie|Return|p1a: Virizion
|-supereffective|p1a: Virizion
|-damage|p1a: Virizion|0 fnt
|faint|p1a: Virizion
|
|choice|switch 6|
|
|switch|p1a: Flygon|Flygon, M|364\/364
|turn|13
|choice|move earthquake|move iceshard
|
|move|p2a: Glalie|Ice Shard|p1a: Flygon
|-supereffective|p1a: Flygon
|-damage|p1a: Flygon|16\/364
|move|p1a: Flygon|Earthquake|p2a: Glalie
|-damage|p2a: Glalie|100\/301
|
|-heal|p1a: Flygon|38\/364|[from] item: Leftovers
|turn|14
|choice|move earthquake|move iceshard
|
|move|p2a: Glalie|Ice Shard|p1a: Flygon
|-supereffective|p1a: Flygon
|-damage|p1a: Flygon|0 fnt
|faint|p1a: Flygon
|
|choice|switch 5|
|
|switch|p1a: Scrafty|Scrafty, M|334\/334
|turn|15
|choice|move poweruppunch|move iceshard
|
|move|p2a: Glalie|Ice Shard|p1a: Scrafty
|-damage|p1a: Scrafty|274\/334
|move|p1a: Scrafty|Power-Up Punch|p2a: Glalie
|-supereffective|p2a: Glalie
|-crit|p2a: Glalie
|-damage|p2a: Glalie|0 fnt
|-boost|p1a: Scrafty|atk|1
|faint|p2a: Glalie
|
|choice||switch 6
|
|switch|p2a: Togetic|Togetic, F|132\/314
|turn|16
|choice|move poweruppunch|move dazzlinggleam
|
|move|p1a: Scrafty|Power-Up Punch|p2a: Togetic
|-resisted|p2a: Togetic
|-damage|p2a: Togetic|114\/314
|-boost|p1a: Scrafty|atk|1
|move|p2a: Togetic|Dazzling Gleam|p1a: Scrafty
|-supereffective|p1a: Scrafty
|-damage|p1a: Scrafty|82\/334
|
|turn|17
|choice|move poweruppunch|move dazzlinggleam
|
|move|p1a: Scrafty|Power-Up Punch|p2a: Togetic
|-resisted|p2a: Togetic
|-damage|p2a: Togetic|90\/314
|-boost|p1a: Scrafty|atk|1
|move|p2a: Togetic|Dazzling Gleam|p1a: Scrafty
|-supereffective|p1a: Scrafty
|-damage|p1a: Scrafty|0 fnt
|faint|p1a: Scrafty
|
|choice|switch 3|
|
|switch|p1a: Aromatisse|Aromatisse, F|406\/406
|turn|18
|choice|move moonblast|move thunderwave
|
|move|p2a: Togetic|Thunder Wave|p1a: Aromatisse
|-status|p1a: Aromatisse|par
|move|p1a: Aromatisse|Moonblast|p2a: Togetic
|-damage|p2a: Togetic|42\/314
|
|turn|19
|choice|move moonblast|move dazzlinggleam
|
|move|p2a: Togetic|Dazzling Gleam|p1a: Aromatisse
|-damage|p1a: Aromatisse|346\/406 par
|move|p1a: Aromatisse|Moonblast|p2a: Togetic
|-damage|p2a: Togetic|0 fnt
|faint|p2a: Togetic
|
|-heal|p1a: Aromatisse|371\/406 par|[from] item: Leftovers
|c|★Zebulon13|gg
|choice||switch 5
|
|switch|p2a: Malamar|Malamar, F|375\/375
|turn|20
|choice|move moonblast|move knockoff
|
|move|p2a: Malamar|Knock Off|p1a: Aromatisse
|-resisted|p1a: Aromatisse
|-damage|p1a: Aromatisse|280\/406 par
|-enditem|p1a: Aromatisse|Leftovers|[from] move: Knock Off|[of] p2a: Malamar
|move|p1a: Aromatisse|Moonblast|p2a: Malamar
|-supereffective|p2a: Malamar
|-damage|p2a: Malamar|177\/375
|
|turn|21
|choice|move wish|move superpower
|
|move|p2a: Malamar|Superpower|p1a: Aromatisse
|-resisted|p1a: Aromatisse
|-damage|p1a: Aromatisse|200\/406 par
|-boost|p2a: Malamar|atk|1
|-boost|p2a: Malamar|def|1
|cant|p1a: Aromatisse|par
|
|turn|22
|choice|move wish|move superpower
|
|move|p2a: Malamar|Superpower|p1a: Aromatisse
|-resisted|p1a: Aromatisse
|-damage|p1a: Aromatisse|72\/406 par
|-boost|p2a: Malamar|atk|1
|-boost|p2a: Malamar|def|1
|cant|p1a: Aromatisse|par
|
|turn|23
|choice|move wish|move superpower
|
|move|p2a: Malamar|Superpower|p1a: Aromatisse
|-resisted|p1a: Aromatisse
|-damage|p1a: Aromatisse|0 fnt
|-boost|p2a: Malamar|atk|1
|-boost|p2a: Malamar|def|1
|faint|p1a: Aromatisse
|
|win|Neos1601
|player|p1
|player|p2</script>
</div>
<div class="battle-log battle-log-inline"><div class="inner"><div class="battle-options"></div><div class="inner"><div class="chat"><small>Zebulon13 joined.</small></div><div class="chat"><small>Neos1601 joined.</small></div><div class=""><small>Format:</small> <br><strong>RU</strong></div><div class=""><small><em>Sleep Clause Mod:</em> Limit one foe put to sleep</small></div><div class=""><small><em>Species Clause:</em> Limit one of each Pokémon</small></div><div class=""><small><em>OHKO Clause:</em> OHKO moves are banned</small></div><div class=""><small><em>Moody Clause:</em> Moody is banned</small></div><div class=""><small><em>Evasion Moves Clause:</em> Evasion moves are banned</small></div><div class=""><small><em>Endless Battle Clause:</em> Forcing endless battles is banned</small></div><div class=""><small><em>HP Percentage Mod:</em> HP is shown in percentages</small></div><div class=""><small><em>Swagger Clause:</em> Swagger is banned</small></div><div class=""><small><em>Baton Pass Clause:</em> Limit one Baton Passer, can't pass Spe and other stats simultaneously</small></div><div class="chat battle-history"><strong>Zebulon13's team:</strong> <em style="color:#445566;display:block;">Camerupt / Virizion / Aromatisse / Qwilfish / Scrafty / Flygon</em></div><div class="chat battle-history"><strong>Neos1601's team:</strong> <em style="color:#445566;display:block;">Flygon / Glalie / Registeel / Jolteon / Malamar / Togetic</em></div><div class="spacer battle-history"><br></div><div class="battle-history">Battle started between Zebulon13 and Neos1601!<br></div><div class="spacer battle-history"><br></div><div class="battle-history">Go! <strong>Camerupt</strong>!<br></div><div class="spacer battle-history"><br></div><div class="battle-history">Neos1601 sent out <strong>Registeel</strong>!<br></div><div class="spacer battle-history"><br></div><h2 class="battle-history">Turn 1</h2><div class="spacer battle-history"><br></div><div class="battle-history">The opposing Registeel used <strong>Toxic</strong>!<br></div><div class="battle-history"><small>Camerupt was badly poisoned!</small><br></div><div class="spacer battle-history"><br></div><div class="battle-history">Camerupt used <strong>Stealth Rock</strong>!<br></div><div class="battle-history"><small>Pointed stones float in the air around the opposing team!</small><br></div><div class="spacer battle-history"><br></div><div class="battle-history"><small>Camerupt was hurt by poison!</small><br></div><div class="spacer battle-history"><br></div><h2 class="battle-history">Turn 2</h2><div class="spacer battle-history"><br></div><div class="battle-history"><small>Camerupt's Cameruptite is reacting to Zebulon13's Mega Bracelet!</small><br>Camerupt has Mega Evolved into Mega Camerupt!<br></div><div class="spacer battle-history"><br></div><div class="battle-history">The opposing Registeel used <strong>Stealth Rock</strong>!<br></div><div class="battle-history"><small>Pointed stones float in the air around your team!</small><br></div><div class="spacer battle-history"><br></div><div class="battle-history">Camerupt used <strong>Fire Blast</strong>!<br></div><div class="battle-history"><small>It's super effective!</small><br></div><div class="battle-history"><small>(The opposing Registeel lost <abbr title="−364/364">100%</abbr> of its health!)</small><br></div><div class="spacer battle-history"><br></div><div class="battle-history">The opposing Registeel fainted!<br></div><div class="spacer battle-history"><br></div><div class="battle-history"><small>Camerupt was hurt by poison!</small><br></div><div class="spacer battle-history"><br></div><div class="battle-history">Neos1601 sent out <strong>Flygon</strong>!<br></div><div class="battle-history"><small>Pointed stones dug into the opposing Flygon!</small><br></div><div class="spacer battle-history"><br></div><h2 class="battle-history">Turn 3</h2><div class="spacer battle-history"><br></div><div class="battle-history">Camerupt, come back!<br></div><div class="battle-history">Go! <strong>Qwilfish</strong>!<br></div><div class="battle-history"><small>Pointed stones dug into Qwilfish!</small><br></div><div class="battle-history"><small>[Qwilfish's Intimidate]</small><br></div><div class="battle-history"><small>The opposing Flygon's Attack fell!</small><br></div><div class="spacer battle-history"><br></div><div class="battle-history">The opposing Flygon used <strong>Earthquake</strong>!<br></div><div class="battle-history"><small>It's super effective!</small><br></div><div class="battle-history"><small>(Qwilfish lost <abbr title="−144/334">43.1%</abbr> of its health!)</small><br></div><div class="spacer battle-history"><br></div><div class="battle-history"><small>The opposing Flygon restored a little HP using its Leftovers!</small><br></div><div class="battle-history"><small>Qwilfish restored a little HP using its Black Sludge!</small><br></div><div class="spacer battle-history"><br></div><h2 class="battle-history">Turn 4</h2><div class="spacer battle-history"><br></div><div class="battle-history">The opposing Flygon used <strong>Earthquake</strong>!<br></div><div class="battle-history"><small>It's super effective!</small><br></div><div class="battle-history"><small>(Qwilfish lost <abbr title="−144/334">43.1%</abbr> of its health!)</small><br></div><div class="spacer battle-history"><br></div><div class="battle-history">Qwilfish used <strong>Toxic</strong>!<br></div><div class="battle-history"><small>The opposing Flygon was badly poisoned!</small><br></div><div class="spacer battle-history"><br></div><div class="battle-history"><small>Qwilfish restored a little HP using its Black Sludge!</small><br></div><div class="battle-history"><small>The opposing Flygon was hurt by poison!</small><br></div><div class="spacer battle-history"><br></div><h2 class="battle-history">Turn 5</h2><div class="spacer battle-history"><br></div><div class="battle-history">The opposing Flygon used <strong>U-turn</strong>!<br></div><div class="battle-history"><small>It's not very effective...</small><br></div><div class="battle-history"><small>(Qwilfish lost <abbr title="−16/334">4.8%</abbr> of its health!)</small><br></div><div class="spacer battle-history"><br></div><div class="battle-history">The opposing Flygon went back to Neos1601!<br></div><div class="battle-history">Neos1601 sent out <strong>Togetic</strong>!<br></div><div class="battle-history"><small>Pointed stones dug into the opposing Togetic!</small><br></div><div class="spacer battle-history"><br></div><div class="battle-history">Qwilfish used <strong>Pain Split</strong>!<br></div><div class="battle-history"><small>The battlers shared their pain!</small><br></div><div class="spacer battle-history"><br></div><div class="battle-history"><small>Qwilfish restored a little HP using its Black Sludge!</small><br></div><div class="spacer battle-history"><br></div><h2 class="battle-history">Turn 6</h2><div class="spacer battle-history"><br></div><div class="battle-history">Qwilfish used <strong>Toxic Spikes</strong>!<br></div><div class="battle-history"><small>Poison spikes were scattered on the ground all around the opposing team!</small><br></div><div class="spacer battle-history"><br></div><div class="battle-history">The opposing Togetic used <strong>Thunder Wave</strong>!<br></div><div class="battle-history"><small>Qwilfish is paralyzed! It may be unable to move!</small><br></div><div class="spacer battle-history"><br></div><div class="battle-history"><small>Qwilfish restored a little HP using its Black Sludge!</small><br></div><div class="spacer battle-history"><br></div><h2 class="battle-history">Turn 7</h2><div class="spacer battle-history"><br></div><div class="battle-history">Neos1601 withdrew Togetic!<br></div><div class="battle-history">Neos1601 sent out <strong>Flygon</strong>!<br></div><div class="battle-history"><small>Pointed stones dug into the opposing Flygon!</small><br></div><div class="spacer battle-history"><br></div><div class="battle-history">Qwilfish used <strong>Toxic Spikes</strong>!<br></div><div class="battle-history"><small>Poison spikes were scattered on the ground all around the opposing team!</small><br></div><div class="spacer battle-history"><br></div><div class="battle-history"><small>The opposing Flygon restored a little HP using its Leftovers!</small><br></div><div class="battle-history"><small>Qwilfish restored a little HP using its Black Sludge!</small><br></div><div class="battle-history"><small>The opposing Flygon was hurt by poison!</small><br></div><div class="spacer battle-history"><br></div><h2 class="battle-history">Turn 8</h2><div class="spacer battle-history"><br></div><div class="battle-history">The opposing Flygon used <strong>Earthquake</strong>!<br></div><div class="battle-history"><small>It's super effective!</small><br></div><div class="battle-history"><small>(Qwilfish lost <abbr title="−192/334">57.5%</abbr> of its health!)</small><br></div><div class="spacer battle-history"><br></div><div class="battle-history">Qwilfish fainted!<br></div><div class="spacer battle-history"><br></div><div class="battle-history"><small>The opposing Flygon restored a little HP using its Leftovers!</small><br></div><div class="battle-history"><small>The opposing Flygon was hurt by poison!</small><br></div><div class="spacer battle-history"><br></div><div class="battle-history">Go! Camerupt (<strong>Camerupt-Mega</strong>)!<br></div><div class="battle-history"><small>Pointed stones dug into Camerupt!</small><br></div><div class="spacer battle-history"><br></div><h2 class="battle-history">Turn 9</h2><div class="spacer battle-history"><br></div><div class="battle-history">The opposing Flygon used <strong>Defog</strong>!<br></div><div class="battle-history"><small>Camerupt's evasiveness fell!</small><br></div><div class="battle-history"><small>The pointed stones disappeared from around your team!</small><br></div><div class="battle-history"><small>The poison spikes disappeared from the ground around the opposing team!</small><br></div><div class="battle-history"><small>The pointed stones disappeared from around the opposing team!</small><br></div><div class="spacer battle-history"><br></div><div class="battle-history">Camerupt used <strong>Fire Blast</strong>!<br></div><div class="battle-history"><small>It's not very effective...</small><br></div><div class="battle-history"><small>(The opposing Flygon lost <abbr title="−132/364">36.3%</abbr> of its health!)</small><br></div><div class="spacer battle-history"><br></div><div class="battle-history"><small>The opposing Flygon restored a little HP using its Leftovers!</small><br></div><div class="battle-history"><small>The opposing Flygon was hurt by poison!</small><br></div><div class="battle-history"><small>Camerupt was hurt by poison!</small><br></div><div class="spacer battle-history"><br></div><h2 class="battle-history">Turn 10</h2><div class="spacer battle-history"><br></div><div class="battle-history">The opposing Flygon used <strong>Earthquake</strong>!<br></div><div class="battle-history"><small>It's super effective!</small><br></div><div class="battle-history"><small>(Camerupt lost <abbr title="−217/343">63.3%</abbr> of its health!)</small><br></div><div class="spacer battle-history"><br></div><div class="battle-history">Camerupt fainted!<br></div><div class="spacer battle-history"><br></div><div class="battle-history"><small>The opposing Flygon restored a little HP using its Leftovers!</small><br></div><div class="battle-history"><small>The opposing Flygon was hurt by poison!</small><br></div><div class="spacer battle-history"><br></div><div class="battle-history">Go! <strong>Virizion</strong>!<br></div><div class="spacer battle-history"><br></div><h2 class="battle-history">Turn 11</h2><div class="spacer battle-history"><br></div><div class="battle-history">Virizion used <strong>Swords Dance</strong>!<br></div><div class="battle-history"><small>Virizion's Attack rose sharply!</small><br></div><div class="spacer battle-history"><br></div><div class="battle-history">The opposing Flygon used <strong>U-turn</strong>!<br></div><div class="battle-history"><small>(Virizion lost <abbr title="−67/323">20.7%</abbr> of its health!)</small><br></div><div class="spacer battle-history"><br></div><div class="battle-history">The opposing Flygon went back to Neos1601!<br></div><div class="battle-history">Neos1601 sent out <strong>Glalie</strong>!<br></div><div class="spacer battle-history"><br></div><h2 class="battle-history">Turn 12</h2><div class="spacer battle-history"><br></div><div class="battle-history"><small>The opposing Glalie's Glalitite is reacting to Neos1601's Mega Bracelet!</small><br>The opposing Glalie has Mega Evolved into Mega Glalie!<br></div><div class="spacer battle-history"><br></div><div class="battle-history">Virizion used <strong>Swords Dance</strong>!<br></div><div class="battle-history"><small>Virizion's Attack rose sharply!</small><br></div><div class="spacer battle-history"><br></div><div class="battle-history">The opposing Glalie used <strong>Return</strong>!<br></div><div class="battle-history"><small>It's super effective!</small><br></div><div class="battle-history"><small>(Virizion lost <abbr title="−256/323">79.3%</abbr> of its health!)</small><br></div><div class="spacer battle-history"><br></div><div class="battle-history">Virizion fainted!<br></div><div class="spacer battle-history"><br></div><div class="battle-history">Go! <strong>Flygon</strong>!<br></div><div class="spacer battle-history"><br></div><h2 class="battle-history">Turn 13</h2><div class="spacer battle-history"><br></div><div class="battle-history">The opposing Glalie used <strong>Ice Shard</strong>!<br></div><div class="battle-history"><small>It's super effective!</small><br></div><div class="battle-history"><small>(Flygon lost <abbr title="−348/364">95.6%</abbr> of its health!)</small><br></div><div class="spacer battle-history"><br></div><div class="battle-history">Flygon used <strong>Earthquake</strong>!<br></div><div class="battle-history"><small>(The opposing Glalie lost <abbr title="−201/301">66.8%</abbr> of its health!)</small><br></div><div class="spacer battle-history"><br></div><div class="battle-history"><small>Flygon restored a little HP using its Leftovers!</small><br></div><div class="spacer battle-history"><br></div><h2 class="battle-history">Turn 14</h2><div class="spacer battle-history"><br></div><div class="battle-history">The opposing Glalie used <strong>Ice Shard</strong>!<br></div><div class="battle-history"><small>It's super effective!</small><br></div><div class="battle-history"><small>(Flygon lost <abbr title="−38/364">10.4%</abbr> of its health!)</small><br></div><div class="spacer battle-history"><br></div><div class="battle-history">Flygon fainted!<br></div><div class="spacer battle-history"><br></div><div class="battle-history">Go! <strong>Scrafty</strong>!<br></div><div class="spacer battle-history"><br></div><h2 class="battle-history">Turn 15</h2><div class="spacer battle-history"><br></div><div class="battle-history">The opposing Glalie used <strong>Ice Shard</strong>!<br></div><div class="battle-history"><small>(Scrafty lost <abbr title="−60/334">18.0%</abbr> of its health!)</small><br></div><div class="spacer battle-history"><br></div><div class="battle-history">Scrafty used <strong>Power-Up Punch</strong>!<br></div><div class="battle-history"><small>It's super effective!</small><br></div><div class="battle-history"><small>A critical hit!</small><br></div><div class="battle-history"><small>(The opposing Glalie lost <abbr title="−100/301">33.2%</abbr> of its health!)</small><br></div><div class="battle-history"><small>Scrafty's Attack rose!</small><br></div><div class="spacer battle-history"><br></div><div class="battle-history">The opposing Glalie fainted!<br></div><div class="spacer battle-history"><br></div><div class="battle-history">Neos1601 sent out <strong>Togetic</strong>!<br></div><div class="spacer battle-history"><br></div><h2 class="battle-history">Turn 16</h2><div class="spacer battle-history"><br></div><div class="battle-history">Scrafty used <strong>Power-Up Punch</strong>!<br></div><div class="battle-history"><small>It's not very effective...</small><br></div><div class="battle-history"><small>(The opposing Togetic lost <abbr title="−18/314">5.7%</abbr> of its health!)</small><br></div><div class="battle-history"><small>Scrafty's Attack rose!</small><br></div><div class="spacer battle-history"><br></div><div class="battle-history">The opposing Togetic used <strong>Dazzling Gleam</strong>!<br></div><div class="battle-history"><small>It's super effective!</small><br></div><div class="battle-history"><small>(Scrafty lost <abbr title="−192/334">57.5%</abbr> of its health!)</small><br></div><div class="spacer battle-history"><br></div><h2 class="battle-history">Turn 17</h2><div class="spacer battle-history"><br></div><div class="battle-history">Scrafty used <strong>Power-Up Punch</strong>!<br></div><div class="battle-history"><small>It's not very effective...</small><br></div><div class="battle-history"><small>(The opposing Togetic lost <abbr title="−24/314">7.6%</abbr> of its health!)</small><br></div><div class="battle-history"><small>Scrafty's Attack rose!</small><br></div><div class="spacer battle-history"><br></div><div class="battle-history">The opposing Togetic used <strong>Dazzling Gleam</strong>!<br></div><div class="battle-history"><small>It's super effective!</small><br></div><div class="battle-history"><small>(Scrafty lost <abbr title="−82/334">24.6%</abbr> of its health!)</small><br></div><div class="spacer battle-history"><br></div><div class="battle-history">Scrafty fainted!<br></div><div class="spacer battle-history"><br></div><div class="battle-history">Go! <strong>Aromatisse</strong>!<br></div><div class="spacer battle-history"><br></div><h2 class="battle-history">Turn 18</h2><div class="spacer battle-history"><br></div><div class="battle-history">The opposing Togetic used <strong>Thunder Wave</strong>!<br></div><div class="battle-history"><small>Aromatisse is paralyzed! It may be unable to move!</small><br></div><div class="spacer battle-history"><br></div><div class="battle-history">Aromatisse used <strong>Moonblast</strong>!<br></div><div class="battle-history"><small>(The opposing Togetic lost <abbr title="−48/314">15.3%</abbr> of its health!)</small><br></div><div class="spacer battle-history"><br></div><h2 class="battle-history">Turn 19</h2><div class="spacer battle-history"><br></div><div class="battle-history">The opposing Togetic used <strong>Dazzling Gleam</strong>!<br></div><div class="battle-history"><small>(Aromatisse lost <abbr title="−60/406">14.8%</abbr> of its health!)</small><br></div><div class="spacer battle-history"><br></div><div class="battle-history">Aromatisse used <strong>Moonblast</strong>!<br></div><div class="battle-history"><small>(The opposing Togetic lost <abbr title="−42/314">13.4%</abbr> of its health!)</small><br></div><div class="spacer battle-history"><br></div><div class="battle-history">The opposing Togetic fainted!<br></div><div class="spacer battle-history"><br></div><div class="battle-history"><small>Aromatisse restored a little HP using its Leftovers!</small><br></div><div class="chat chatmessage-zebulon13"><strong style="color:hsl(317,62%,47.92642418330758%)"><small>★</small><span class="username" data-name="Zebulon13">Zebulon13</span>:</strong> <em>gg</em></div><div class="spacer battle-history"><br></div><div class="battle-history">Neos1601 sent out <strong>Malamar</strong>!<br></div><div class="spacer battle-history"><br></div><h2 class="battle-history">Turn 20</h2><div class="spacer battle-history"><br></div><div class="battle-history">The opposing Malamar used <strong>Knock Off</strong>!<br></div><div class="battle-history"><small>It's not very effective...</small><br></div><div class="battle-history"><small>(Aromatisse lost <abbr title="−91/406">22.4%</abbr> of its health!)</small><br></div><div class="battle-history"><small>The opposing Malamar knocked off Aromatisse's Leftovers!</small><br></div><div class="spacer battle-history"><br></div><div class="battle-history">Aromatisse used <strong>Moonblast</strong>!<br></div><div class="battle-history"><small>It's super effective!</small><br></div><div class="battle-history"><small>(The opposing Malamar lost <abbr title="−198/375">52.8%</abbr> of its health!)</small><br></div><div class="spacer battle-history"><br></div><h2 class="battle-history">Turn 21</h2><div class="spacer battle-history"><br></div><div class="battle-history">The opposing Malamar used <strong>Superpower</strong>!<br></div><div class="battle-history"><small>It's not very effective...</small><br></div><div class="battle-history"><small>(Aromatisse lost <abbr title="−80/406">19.7%</abbr> of its health!)</small><br></div><div class="battle-history"><small>The opposing Malamar's Attack rose!</small><br></div><div class="battle-history"><small>The opposing Malamar's Defense rose!</small><br></div><div class="spacer battle-history"><br></div><div class="battle-history">Aromatisse is paralyzed! It can't move!<br></div><div class="spacer battle-history"><br></div><h2 class="battle-history">Turn 22</h2><div class="spacer battle-history"><br></div><div class="battle-history">The opposing Malamar used <strong>Superpower</strong>!<br></div><div class="battle-history"><small>It's not very effective...</small><br></div><div class="battle-history"><small>(Aromatisse lost <abbr title="−128/406">31.5%</abbr> of its health!)</small><br></div><div class="battle-history"><small>The opposing Malamar's Attack rose!</small><br></div><div class="battle-history"><small>The opposing Malamar's Defense rose!</small><br></div><div class="spacer battle-history"><br></div><div class="battle-history">Aromatisse is paralyzed! It can't move!<br></div><div class="spacer battle-history"><br></div><h2 class="battle-history">Turn 23</h2><div class="spacer battle-history"><br></div><div class="battle-history">The opposing Malamar used <strong>Superpower</strong>!<br></div><div class="battle-history"><small>It's not very effective...</small><br></div><div class="battle-history"><small>(Aromatisse lost <abbr title="−72/406">17.7%</abbr> of its health!)</small><br></div><div class="battle-history"><small>The opposing Malamar's Attack rose!</small><br></div><div class="battle-history"><small>The opposing Malamar's Defense rose!</small><br></div><div class="spacer battle-history"><br></div><div class="battle-history">Aromatisse fainted!<br></div><div class="spacer battle-history"><br></div><div class="battle-history"><strong>Neos1601</strong> won the battle!<br></div></div><div class="inner-preempt"></div></div></div>
</div>
<script>
let daily = Math.floor(Date.now()/1000/60/60/24);document.write('<script src="https://play.pokemonshowdown.com/js/replay-embed.js?version'+daily+'"></'+'script>');
</script>
