<!DOCTYPE html>
<meta charset="utf-8" />
<!-- version 1 -->
<title>RU replay: X4nd1 vs. valt junior</title>
<style>
html,body {font-family:Verdana, sans-serif;font-size:10pt;margin:0;padding:0;}body{padding:12px 0;} .battle-log {font-family:Verdana, sans-serif;font-size:10pt;} .battle-log-inline {border:1px solid #AAAAAA;background:#EEF2F5;color:black;max-width:640px;margin:0 auto 80px;padding-bottom:5px;} .battle-log .inner {padding:4px 8px 0px 8px;} .battle-log .inner-preempt {padding:0 8px 4px 8px;} .battle-log .inner-after {margin-top:0.5em;} .battle-log h2 {margin:0.5em -8px;padding:4px 8px;border:1px solid #AAAAAA;background:#E0E7EA;border-left:0;border-right:0;font-family:Verdana, sans-serif;font-size:13pt;} .battle-log .chat {vertical-align:middle;padding:3px 0 3px 0;font-size:8pt;} .battle-log .chat strong {color:#40576A;} .battle-log .chat em {padding:1px 4px 1px 3px;color:#000000;font-style:normal;} .chat.mine {background:rgba(0,0,0,0.05);margin-left:-8px;margin-right:-8px;padding-left:8px;padding-right:8px;} .spoiler {color:#BBBBBB;background:#BBBBBB;padding:0px 3px;} .spoiler:hover, .spoiler:active, .spoiler-shown {color:#000000;background:#E2E2E2;padding:0px 3px;} .spoiler a {color:#BBBBBB;} .spoiler:hover a, .spoiler:active a, .spoiler-shown a {color:#2288CC;} .chat code, .chat .spoiler:hover code, .chat .spoiler:active code, .chat .spoiler-shown code {border:1px solid #C0C0C0;background:#EEEEEE;color:black;padding:0 2px;} .chat .spoiler code {border:1px solid #CCCCCC;background:#CCCCCC;color:#CCCCCC;} .battle-log .rated {padding:3px 4px;} .battle-log .rated strong {color:white;background:#89A;padding:1px 4px;border-radius:4px;} .spacer {margin-top:0.5em;} .message-announce {background:#6688AA;color:white;padding:1px 4px 2px;} .message-announce a, .broadcast-green a, .broadcast-blue a, .broadcast-red a {color:#DDEEFF;} .broadcast-green {background-color:#559955;color:white;padding:2px 4px;} .broadcast-blue {background-color:#6688AA;color:white;padding:2px 4px;} .infobox {border:1px solid #6688AA;padding:2px 4px;} .infobox-limited {max-height:200px;overflow:auto;overflow-x:hidden;} .broadcast-red {background-color:#AA5544;color:white;padding:2px 4px;} .message-learn-canlearn {font-weight:bold;color:#228822;text-decoration:underline;} .message-learn-cannotlearn {font-weight:bold;color:#CC2222;text-decoration:underline;} .message-effect-weak {font-weight:bold;color:#CC2222;} .message-effect-resist {font-weight:bold;color:#6688AA;} .message-effect-immune {font-weight:bold;color:#666666;} .message-learn-list {margin-top:0;margin-bottom:0;} .message-throttle-notice, .message-error {color:#992222;} .message-overflow, .chat small.message-overflow {font-size:0pt;} .message-overflow::before {font-size:9pt;content:'...';} .subtle {color:#3A4A66;}
</style>
<div class="wrapper replay-wrapper" style="max-width:1180px;margin:0 auto">
<input type="hidden" name="replayid" value="ru-531338507" />
<div class="battle"></div><div class="battle-log"></div><div class="replay-controls"></div><div class="replay-controls-2"></div>
<h1 style="font-weight:normal;text-align:center"><strong>RU</strong><br /><a href="http://pokemonshowdown.com/users/x4nd1" class="subtle" target="_blank">X4nd1</a> vs. <a href="http://pokemonshowdown.com/users/valtjunior" class="subtle" target="_blank">valt junior</a></h1>
<script type="text/plain" class="battle-log-data">|j|X4nd1
|j|valt junior
|player|p1|X4nd1|30
|player|p2|valt junior|169
|gametype|singles
|gen|6
|tier|RU
|rated
|seed|62688,61599,59777,10828
|rule|Sleep Clause Mod: Limit one foe put to sleep
|rule|Species Clause: Limit one of each Pokémon
|rule|OHKO Clause: OHKO moves are banned
|rule|Moody Clause: Moody is banned
|rule|Evasion Moves Clause: Evasion moves are banned
|rule|Endless Battle Clause: Forcing endless battles is banned
|rule|HP Percentage Mod: HP is shown in percentages
|clearpoke
|poke|p1|Braviary, M, shiny|item
|poke|p1|Magneton, shiny|item
|poke|p1|Jellicent, M, shiny|item
|poke|p1|Hitmontop, M, shiny|item
|poke|p1|Quagsire, F|item
|poke|p1|Accelgor, F, shiny|item
|poke|p2|Magneton, shiny|item
|poke|p2|Druddigon, M, shiny|item
|poke|p2|Slowking, M|item
|poke|p2|Diancie|item
|poke|p2|Virizion|item
|poke|p2|Drapion, M, shiny|item
|rule|Swagger Clause: Swagger is banned
|rule|Baton Pass Clause: Limit one Baton Passer, can't pass Spe and other stats simultaneously
|teampreview
|c|★X4nd1|hi gl hf
|choice|team 6, team 2, team 3, team 4, team 5, team 1|team 4, team 2, team 3, team 1, team 5, team 6
|
|start
|switch|p1a: Ferrari|Accelgor, F, shiny|301\/301
|switch|p2a: Crazy D.|Diancie|304\/304
|turn|1
|choice|switch 2|move stealthrock
|
|switch|p1a: Three Small Bubble|Magneton, shiny|241\/241
|move|p2a: Crazy D.|Stealth Rock|p1a: Three Small Bubble
|-sidestart|p1: X4nd1|move: Stealth Rock
|
|upkeep
|turn|2
|choice|move flashcannon|switch 3
|
|switch|p2a: Maximillian|Slowking, M|392\/392
|move|p1a: Three Small Bubble|Flash Cannon|p2a: Maximillian
|-resisted|p2a: Maximillian
|-damage|p2a: Maximillian|296\/392
|-damage|p1a: Three Small Bubble|217\/241|[from] item: Life Orb
|
|-heal|p2a: Maximillian|320\/392|[from] item: Leftovers
|upkeep
|turn|3
|choice|move voltswitch|switch 4
|
|switch|p2a: Triforce|Magneton, shiny|241\/241
|move|p1a: Three Small Bubble|Volt Switch|p2a: Triforce
|-resisted|p2a: Triforce
|-damage|p2a: Triforce|129\/241
|-damage|p1a: Three Small Bubble|193\/241|[from] item: Life Orb
|choice|switch 2|
|
|switch|p1a: Ferrari|Accelgor, F, shiny|301\/301
|-damage|p1a: Ferrari|226\/301|[from] Stealth Rock
|
|upkeep
|turn|4
|choice|move focusblast|move voltswitch
|
|move|p1a: Ferrari|Focus Blast|p2a: Triforce
|-supereffective|p2a: Triforce
|-damage|p2a: Triforce|0 fnt
|-damage|p1a: Ferrari|196\/301|[from] item: Life Orb
|faint|p2a: Triforce
|
|upkeep
|choice||switch 2
|
|switch|p2a: BRAZIL|Druddigon, M, shiny|320\/320
|turn|5
|choice|switch 5|move firepunch
|
|switch|p1a: Quagmire|Quagsire, F|394\/394
|-damage|p1a: Quagmire|370\/394|[from] Stealth Rock
|move|p2a: BRAZIL|Fire Punch|p1a: Quagmire
|-resisted|p1a: Quagmire
|-damage|p1a: Quagmire|305\/394
|
|-heal|p1a: Quagmire|329\/394|[from] item: Leftovers
|upkeep
|turn|6
|choice|move toxic|switch 4
|
|switch|p2a: Maximillian|Slowking, M|392\/392
|move|p1a: Quagmire|Toxic|p2a: Maximillian
|-status|p2a: Maximillian|tox
|
|-heal|p1a: Quagmire|353\/394|[from] item: Leftovers
|-damage|p2a: Maximillian|368\/392 tox|[from] psn
|upkeep
|turn|7
|choice|switch 3|move scald
|
|switch|p1a: Big Green Bubble|Jellicent, M, shiny|404\/404
|-damage|p1a: Big Green Bubble|354\/404|[from] Stealth Rock
|move|p2a: Maximillian|Scald|p1a: Big Green Bubble
|-heal|p1a: Big Green Bubble|404\/404|[from] ability: Water Absorb|[of] p2a: Maximillian
|
|-heal|p2a: Maximillian|392\/392 tox|[from] item: Leftovers
|-damage|p2a: Maximillian|344\/392 tox|[from] psn
|upkeep
|turn|8
|choice|move willowisp|move thunderwave
|
|move|p1a: Big Green Bubble|Will-O-Wisp|p2a: Maximillian
|-fail|p2a: Maximillian
|move|p2a: Maximillian|Thunder Wave|p1a: Big Green Bubble
|-status|p1a: Big Green Bubble|par
|
|-heal|p2a: Maximillian|368\/392 tox|[from] item: Leftovers
|-damage|p2a: Maximillian|296\/392 tox|[from] psn
|upkeep
|turn|9
|choice|move willowisp|switch 4
|
|switch|p2a: BRAZIL|Druddigon, M, shiny|320\/320
|move|p1a: Big Green Bubble|Will-O-Wisp|p2a: BRAZIL
|-status|p2a: BRAZIL|brn
|
|-damage|p2a: BRAZIL|280\/320 brn|[from] brn
|upkeep
|turn|10
|choice|switch 3|move thunderpunch
|
|switch|p1a: Quagmire|Quagsire, F|353\/394
|-damage|p1a: Quagmire|329\/394|[from] Stealth Rock
|move|p2a: BRAZIL|Thunder Punch|p1a: Quagmire
|-immune|p1a: Quagmire|[msg]
|
|-heal|p1a: Quagmire|353\/394|[from] item: Leftovers
|-damage|p2a: BRAZIL|240\/320 brn|[from] brn
|upkeep
|turn|11
|choice|move earthquake|move dragonclaw
|
|move|p2a: BRAZIL|Dragon Claw|p1a: Quagmire
|-damage|p1a: Quagmire|270\/394
|-damage|p2a: BRAZIL|208\/320 brn|[from] item: Life Orb
|move|p1a: Quagmire|Earthquake|p2a: BRAZIL
|-crit|p2a: BRAZIL
|-damage|p2a: BRAZIL|30\/320 brn
|
|-heal|p1a: Quagmire|294\/394|[from] item: Leftovers
|-damage|p2a: BRAZIL|0 fnt|[from] brn
|upkeep
|faint|p2a: BRAZIL
|choice||switch 5
|
|switch|p2a: Locus|Virizion|323\/323
|turn|12
|choice|switch 4|move leafblade
|
|switch|p1a: HitMonBabyOneMoreT|Hitmontop, M, shiny|304\/304
|-damage|p1a: HitMonBabyOneMoreT|285\/304|[from] Stealth Rock
|-ability|p1a: HitMonBabyOneMoreT|Intimidate|boost
|-unboost|p2a: Locus|atk|1
|move|p2a: Locus|Leaf Blade|p1a: HitMonBabyOneMoreT
|-damage|p1a: HitMonBabyOneMoreT|198\/304
|
|upkeep
|turn|13
|choice|move closecombat|switch 4
|
|switch|p2a: Maximillian|Slowking, M|392\/392 tox
|move|p1a: HitMonBabyOneMoreT|Close Combat|p2a: Maximillian
|-resisted|p2a: Maximillian
|-damage|p2a: Maximillian|308\/392 tox
|-unboost|p1a: HitMonBabyOneMoreT|def|1
|-unboost|p1a: HitMonBabyOneMoreT|spd|1
|
|-heal|p2a: Maximillian|332\/392 tox|[from] item: Leftovers
|-damage|p2a: Maximillian|308\/392 tox|[from] psn
|upkeep
|turn|14
|choice|switch 4|move thunderwave
|
|switch|p1a: Quagmire|Quagsire, F|294\/394
|-damage|p1a: Quagmire|270\/394|[from] Stealth Rock
|move|p2a: Maximillian|Thunder Wave|p1a: Quagmire
|-immune|p1a: Quagmire|[msg]
|
|-heal|p2a: Maximillian|332\/392 tox|[from] item: Leftovers
|-heal|p1a: Quagmire|294\/394|[from] item: Leftovers
|-damage|p2a: Maximillian|284\/392 tox|[from] psn
|upkeep
|turn|15
|choice|move recover|switch 6
|
|switch|p2a: Snape|Drapion, M, shiny|281\/281
|move|p1a: Quagmire|Recover|p1a: Quagmire
|-heal|p1a: Quagmire|394\/394
|
|upkeep
|turn|16
|choice|move earthquake|move knockoff
|
|move|p2a: Snape|Knock Off|p1a: Quagmire
|-damage|p1a: Quagmire|288\/394
|-enditem|p1a: Quagmire|Leftovers|[from] move: Knock Off|[of] p2a: Snape
|move|p1a: Quagmire|Earthquake|p2a: Snape
|-supereffective|p2a: Snape
|-damage|p2a: Snape|75\/281
|
|upkeep
|turn|17
|choice|move earthquake|move knockoff
|
|move|p2a: Snape|Knock Off|p1a: Quagmire
|-crit|p1a: Quagmire
|-damage|p1a: Quagmire|129\/394
|move|p1a: Quagmire|Earthquake|p2a: Snape
|-supereffective|p2a: Snape
|-damage|p2a: Snape|0 fnt
|faint|p2a: Snape
|
|upkeep
|choice||switch 4
|
|switch|p2a: Locus|Virizion|323\/323
|turn|18
|choice|switch 4|move closecombat
|
|switch|p1a: HitMonBabyOneMoreT|Hitmontop, M, shiny|198\/304
|-damage|p1a: HitMonBabyOneMoreT|179\/304|[from] Stealth Rock
|-ability|p1a: HitMonBabyOneMoreT|Intimidate|boost
|-unboost|p2a: Locus|atk|1
|move|p2a: Locus|Close Combat|p1a: HitMonBabyOneMoreT
|-crit|p1a: HitMonBabyOneMoreT
|-damage|p1a: HitMonBabyOneMoreT|0 fnt
|-unboost|p2a: Locus|def|1
|-unboost|p2a: Locus|spd|1
|faint|p1a: HitMonBabyOneMoreT
|
|upkeep
|choice|switch 5|
|
|switch|p1a: Ferrari|Accelgor, F, shiny|196\/301
|-damage|p1a: Ferrari|121\/301|[from] Stealth Rock
|turn|19
|choice|move sludgebomb|switch 3
|
|switch|p2a: Crazy D.|Diancie|304\/304
|move|p1a: Ferrari|Sludge Bomb|p2a: Crazy D.
|-damage|p2a: Crazy D.|235\/304
|-damage|p1a: Ferrari|91\/301|[from] item: Life Orb
|
|-heal|p2a: Crazy D.|254\/304|[from] item: Leftovers
|upkeep
|turn|20
|choice|switch 2|move diamondstorm
|
|switch|p1a: Three Small Bubble|Magneton, shiny|193\/241
|-damage|p1a: Three Small Bubble|178\/241|[from] Stealth Rock
|move|p2a: Crazy D.|Diamond Storm|p1a: Three Small Bubble
|-resisted|p1a: Three Small Bubble
|-damage|p1a: Three Small Bubble|125\/241
|-boost|p2a: Crazy D.|def|1
|
|-heal|p2a: Crazy D.|273\/304|[from] item: Leftovers
|upkeep
|turn|21
|choice|move flashcannon|move diamondstorm
|
|move|p1a: Three Small Bubble|Flash Cannon|p2a: Crazy D.
|-supereffective|p2a: Crazy D.
|-damage|p2a: Crazy D.|0 fnt
|-damage|p1a: Three Small Bubble|101\/241|[from] item: Life Orb
|faint|p2a: Crazy D.
|
|upkeep
|choice||switch 3
|
|switch|p2a: Locus|Virizion|323\/323
|turn|22
|choice|switch 6|move closecombat
|
|switch|p1a: Braveheart|Braviary, M, shiny|342\/342
|-damage|p1a: Braveheart|257\/342|[from] Stealth Rock
|move|p2a: Locus|Close Combat|p1a: Braveheart
|-damage|p1a: Braveheart|61\/342
|-unboost|p2a: Locus|def|1
|-unboost|p2a: Locus|spd|1
|
|upkeep
|turn|23
|choice|move bravebird|switch 6
|
|switch|p2a: Maximillian|Slowking, M|392\/392 tox
|move|p1a: Braveheart|Brave Bird|p2a: Maximillian
|-damage|p2a: Maximillian|136\/392 tox
|-damage|p1a: Braveheart|0 fnt|[from] recoil|[of] p2a: Maximillian
|faint|p1a: Braveheart
|
|-heal|p2a: Maximillian|160\/392 tox|[from] item: Leftovers
|-damage|p2a: Maximillian|136\/392 tox|[from] psn
|upkeep
|choice|switch 4|
|
|switch|p1a: Quagmire|Quagsire, F|129\/394
|-damage|p1a: Quagmire|105\/394|[from] Stealth Rock
|turn|24
|choice|move recover|switch 6
|
|switch|p2a: Locus|Virizion|323\/323
|move|p1a: Quagmire|Recover|p1a: Quagmire
|-heal|p1a: Quagmire|302\/394
|
|upkeep
|turn|25
|choice|move scald|move leafblade
|
|move|p2a: Locus|Leaf Blade|p1a: Quagmire
|-supereffective|p1a: Quagmire
|-damage|p1a: Quagmire|0 fnt
|faint|p1a: Quagmire
|
|upkeep
|choice|switch 2|
|
|switch|p1a: Ferrari|Accelgor, F, shiny|91\/301
|-damage|p1a: Ferrari|16\/301|[from] Stealth Rock
|turn|26
|c|★X4nd1|oh man
|c|★X4nd1|virizion just sweeps my whole tea
|choice|move bugbuzz|switch 6
|
|switch|p2a: Maximillian|Slowking, M|266\/392 tox
|move|p1a: Ferrari|Bug Buzz|p2a: Maximillian
|-supereffective|p2a: Maximillian
|-damage|p2a: Maximillian|0 fnt
|-damage|p1a: Ferrari|0 fnt|[from] item: Life Orb
|faint|p2a: Maximillian
|faint|p1a: Ferrari
|
|upkeep
|choice|switch 6|switch 6
|
|switch|p2a: Locus|Virizion|323\/323
|switch|p1a: Three Small Bubble|Magneton, shiny|101\/241
|-damage|p1a: Three Small Bubble|86\/241|[from] Stealth Rock
|turn|27
|choice|switch 3|move leafblade
|
|switch|p1a: Big Green Bubble|Jellicent, M, shiny|404\/404 par
|-damage|p1a: Big Green Bubble|354\/404 par|[from] Stealth Rock
|move|p2a: Locus|Leaf Blade|p1a: Big Green Bubble
|-supereffective|p1a: Big Green Bubble
|-damage|p1a: Big Green Bubble|22\/404 par
|
|-heal|p1a: Big Green Bubble|47\/404 par|[from] item: Leftovers
|upkeep
|turn|28
|choice|move willowisp|move leafblade
|
|move|p2a: Locus|Leaf Blade|p1a: Big Green Bubble
|-supereffective|p1a: Big Green Bubble
|-damage|p1a: Big Green Bubble|0 fnt
|faint|p1a: Big Green Bubble
|
|upkeep
|choice|switch 3|
|
|switch|p1a: Three Small Bubble|Magneton, shiny|86\/241
|-damage|p1a: Three Small Bubble|71\/241|[from] Stealth Rock
|turn|29
|c|★valt junior|yes
|choice|move thunderbolt|move closecombat
|
|move|p2a: Locus|Close Combat|p1a: Three Small Bubble
|-supereffective|p1a: Three Small Bubble
|-damage|p1a: Three Small Bubble|0 fnt
|-unboost|p2a: Locus|def|1
|-unboost|p2a: Locus|spd|1
|faint|p1a: Three Small Bubble
|
|win|valt junior
|player|p1
|player|p2
|raw|X4nd1's rating: 1190 &rarr; <strong>1157<\/strong><br \/>(-33 for losing)
|raw|valt junior's rating: 1084 &rarr; <strong>1119<\/strong><br \/>(+35 for winning)</script>
</div>
<div class="battle-log battle-log-inline"><div class="inner"><div class="battle-options"></div><div class="inner"><div class="chat"><small>X4nd1 joined.</small></div><div class="chat"><small>valt junior joined.</small></div><div class=""><small>Format:</small> <br><strong>RU</strong></div><div class="rated"><strong>Rated battle</strong></div><div class=""><small><em>Sleep Clause Mod:</em> Limit one foe put to sleep</small></div><div class=""><small><em>Species Clause:</em> Limit one of each Pokémon</small></div><div class=""><small><em>OHKO Clause:</em> OHKO moves are banned</small></div><div class=""><small><em>Moody Clause:</em> Moody is banned</small></div><div class=""><small><em>Evasion Moves Clause:</em> Evasion moves are banned</small></div><div class=""><small><em>Endless Battle Clause:</em> Forcing endless battles is banned</small></div><div class=""><small><em>HP Percentage Mod:</em> HP is shown in percentages</small></div><div class=""><small><em>Swagger Clause:</em> Swagger is banned</small></div><div class=""><small><em>Baton Pass Clause:</em> Limit one Baton Passer, can't pass Spe and other stats simultaneously</small></div><div class="chat battle-history"><strong>X4nd1's team:</strong> <em style="color:#445566;display:block;">Braviary / Magneton / Jellicent / Hitmontop / Quagsire / Accelgor</em></div><div class="chat battle-history"><strong>valt junior's team:</strong> <em style="color:#445566;display:block;">Magneton / Druddigon / Slowking / Diancie / Virizion / Drapion</em></div><div class="chat chatmessage-x4nd1"><strong style="color:hsl(321,41%,49.15794587523118%)"><small>★</small><span class="username" data-name="X4nd1">X4nd1</span>:</strong> <em>hi gl hf</em></div><div class="spacer battle-history"><br></div><div class="battle-history">Battle started between X4nd1 and valt junior!<br></div><div class="spacer battle-history"><br></div><div class="battle-history">Go! Ferrari (<strong>Accelgor</strong>)!<br></div><div class="spacer battle-history"><br></div><div class="battle-history">valt junior sent out Crazy D. (<strong>Diancie</strong>)!<br></div><div class="spacer battle-history"><br></div><h2 class="battle-history">Turn 1</h2><div class="spacer battle-history"><br></div><div class="battle-history">Ferrari, come back!<br></div><div class="battle-history">Go! Three Small Bubble (<strong>Magneton</strong>)!<br></div><div class="spacer battle-history"><br></div><div class="battle-history">The opposing Crazy D. used <strong>Stealth Rock</strong>!<br></div><div class="battle-history"><small>Pointed stones float in the air around your team!</small><br></div><div class="spacer battle-history"><br></div><h2 class="battle-history">Turn 2</h2><div class="spacer battle-history"><br></div><div class="battle-history">valt junior withdrew Crazy D.!<br></div><div class="battle-history">valt junior sent out Maximillian (<strong>Slowking</strong>)!<br></div><div class="spacer battle-history"><br></div><div class="battle-history">Three Small Bubble used <strong>Flash Cannon</strong>!<br></div><div class="battle-history"><small>It's not very effective...</small><br></div><div class="battle-history"><small>(The opposing Maximillian lost <abbr title="−96/392">24.5%</abbr> of its health!)</small><br></div><div class="battle-history"><small>Three Small Bubble lost some of its HP!</small><br></div><div class="spacer battle-history"><br></div><div class="battle-history"><small>The opposing Maximillian restored a little HP using its Leftovers!</small><br></div><div class="spacer battle-history"><br></div><h2 class="battle-history">Turn 3</h2><div class="spacer battle-history"><br></div><div class="battle-history">valt junior withdrew Maximillian!<br></div><div class="battle-history">valt junior sent out Triforce (<strong>Magneton</strong>)!<br></div><div class="spacer battle-history"><br></div><div class="battle-history">Three Small Bubble used <strong>Volt Switch</strong>!<br></div><div class="battle-history"><small>It's not very effective...</small><br></div><div class="battle-history"><small>(The opposing Triforce lost <abbr title="−112/241">46.5%</abbr> of its health!)</small><br></div><div class="battle-history"><small>Three Small Bubble lost some of its HP!</small><br></div><div class="spacer battle-history"><br></div><div class="battle-history">Three Small Bubble went back to X4nd1!<br></div><div class="battle-history">Go! Ferrari (<strong>Accelgor</strong>)!<br></div><div class="battle-history"><small>Pointed stones dug into Ferrari!</small><br></div><div class="spacer battle-history"><br></div><h2 class="battle-history">Turn 4</h2><div class="spacer battle-history"><br></div><div class="battle-history">Ferrari used <strong>Focus Blast</strong>!<br></div><div class="battle-history"><small>It's super effective!</small><br></div><div class="battle-history"><small>(The opposing Triforce lost <abbr title="−129/241">53.5%</abbr> of its health!)</small><br></div><div class="battle-history"><small>Ferrari lost some of its HP!</small><br></div><div class="spacer battle-history"><br></div><div class="battle-history">The opposing Triforce fainted!<br></div><div class="spacer battle-history"><br></div><div class="battle-history">valt junior sent out BRAZIL (<strong>Druddigon</strong>)!<br></div><div class="spacer battle-history"><br></div><h2 class="battle-history">Turn 5</h2><div class="spacer battle-history"><br></div><div class="battle-history">Ferrari, come back!<br></div><div class="battle-history">Go! Quagmire (<strong>Quagsire</strong>)!<br></div><div class="battle-history"><small>Pointed stones dug into Quagmire!</small><br></div><div class="spacer battle-history"><br></div><div class="battle-history">The opposing BRAZIL used <strong>Fire Punch</strong>!<br></div><div class="battle-history"><small>It's not very effective...</small><br></div><div class="battle-history"><small>(Quagmire lost <abbr title="−65/394">16.5%</abbr> of its health!)</small><br></div><div class="spacer battle-history"><br></div><div class="battle-history"><small>Quagmire restored a little HP using its Leftovers!</small><br></div><div class="spacer battle-history"><br></div><h2 class="battle-history">Turn 6</h2><div class="spacer battle-history"><br></div><div class="battle-history">valt junior withdrew BRAZIL!<br></div><div class="battle-history">valt junior sent out Maximillian (<strong>Slowking</strong>)!<br></div><div class="spacer battle-history"><br></div><div class="battle-history">Quagmire used <strong>Toxic</strong>!<br></div><div class="battle-history"><small>The opposing Maximillian was badly poisoned!</small><br></div><div class="spacer battle-history"><br></div><div class="battle-history"><small>Quagmire restored a little HP using its Leftovers!</small><br></div><div class="battle-history"><small>The opposing Maximillian was hurt by poison!</small><br></div><div class="spacer battle-history"><br></div><h2 class="battle-history">Turn 7</h2><div class="spacer battle-history"><br></div><div class="battle-history">Quagmire, come back!<br></div><div class="battle-history">Go! Big Green Bubble (<strong>Jellicent</strong>)!<br></div><div class="battle-history"><small>Pointed stones dug into Big Green Bubble!</small><br></div><div class="spacer battle-history"><br></div><div class="battle-history">The opposing Maximillian used <strong>Scald</strong>!<br></div><div class="battle-history"><small>[Big Green Bubble's Water Absorb]</small><br><small>Big Green Bubble restored its HP.</small><br></div><div class="spacer battle-history"><br></div><div class="battle-history"><small>The opposing Maximillian restored a little HP using its Leftovers!</small><br></div><div class="battle-history"><small>The opposing Maximillian was hurt by poison!</small><br></div><div class="spacer battle-history"><br></div><h2 class="battle-history">Turn 8</h2><div class="spacer battle-history"><br></div><div class="battle-history">Big Green Bubble used <strong>Will-O-Wisp</strong>!<br></div><div class="battle-history"><small>But it failed!</small><br></div><div class="spacer battle-history"><br></div><div class="battle-history">The opposing Maximillian used <strong>Thunder Wave</strong>!<br></div><div class="battle-history"><small>Big Green Bubble is paralyzed! It may be unable to move!</small><br></div><div class="spacer battle-history"><br></div><div class="battle-history"><small>The opposing Maximillian restored a little HP using its Leftovers!</small><br></div><div class="battle-history"><small>The opposing Maximillian was hurt by poison!</small><br></div><div class="spacer battle-history"><br></div><h2 class="battle-history">Turn 9</h2><div class="spacer battle-history"><br></div><div class="battle-history">valt junior withdrew Maximillian!<br></div><div class="battle-history">valt junior sent out BRAZIL (<strong>Druddigon</strong>)!<br></div><div class="spacer battle-history"><br></div><div class="battle-history">Big Green Bubble used <strong>Will-O-Wisp</strong>!<br></div><div class="battle-history"><small>The opposing BRAZIL was burned!</small><br></div><div class="spacer battle-history"><br></div><div class="battle-history"><small>The opposing BRAZIL was hurt by its burn!</small><br></div><div class="spacer battle-history"><br></div><h2 class="battle-history">Turn 10</h2><div class="spacer battle-history"><br></div><div class="battle-history">Big Green Bubble, come back!<br></div><div class="battle-history">Go! Quagmire (<strong>Quagsire</strong>)!<br></div><div class="battle-history"><small>Pointed stones dug into Quagmire!</small><br></div><div class="spacer battle-history"><br></div><div class="battle-history">The opposing BRAZIL used <strong>Thunder Punch</strong>!<br></div><div class="battle-history"><small>It doesn't affect Quagmire...</small><br></div><div class="spacer battle-history"><br></div><div class="battle-history"><small>Quagmire restored a little HP using its Leftovers!</small><br></div><div class="battle-history"><small>The opposing BRAZIL was hurt by its burn!</small><br></div><div class="spacer battle-history"><br></div><h2 class="battle-history">Turn 11</h2><div class="spacer battle-history"><br></div><div class="battle-history">The opposing BRAZIL used <strong>Dragon Claw</strong>!<br></div><div class="battle-history"><small>(Quagmire lost <abbr title="−83/394">21.1%</abbr> of its health!)</small><br></div><div class="battle-history"><small>The opposing BRAZIL lost some of its HP!</small><br></div><div class="spacer battle-history"><br></div><div class="battle-history">Quagmire used <strong>Earthquake</strong>!<br></div><div class="battle-history"><small>A critical hit!</small><br></div><div class="battle-history"><small>(The opposing BRAZIL lost <abbr title="−178/320">55.6%</abbr> of its health!)</small><br></div><div class="spacer battle-history"><br></div><div class="battle-history"><small>Quagmire restored a little HP using its Leftovers!</small><br></div><div class="battle-history"><small>The opposing BRAZIL was hurt by its burn!</small><br></div><div class="spacer battle-history"><br></div><div class="battle-history">The opposing BRAZIL fainted!<br></div><div class="spacer battle-history"><br></div><div class="battle-history">valt junior sent out Locus (<strong>Virizion</strong>)!<br></div><div class="spacer battle-history"><br></div><h2 class="battle-history">Turn 12</h2><div class="spacer battle-history"><br></div><div class="battle-history">Quagmire, come back!<br></div><div class="battle-history">Go! HitMonBabyOneMoreT (<strong>Hitmontop</strong>)!<br></div><div class="battle-history"><small>Pointed stones dug into HitMonBabyOneMoreT!</small><br></div><div class="battle-history"><small>[HitMonBabyOneMoreT's Intimidate]</small><br></div><div class="battle-history"><small>The opposing Locus's Attack fell!</small><br></div><div class="spacer battle-history"><br></div><div class="battle-history">The opposing Locus used <strong>Leaf Blade</strong>!<br></div><div class="battle-history"><small>(HitMonBabyOneMoreT lost <abbr title="−87/304">28.6%</abbr> of its health!)</small><br></div><div class="spacer battle-history"><br></div><h2 class="battle-history">Turn 13</h2><div class="spacer battle-history"><br></div><div class="battle-history">valt junior withdrew Locus!<br></div><div class="battle-history">valt junior sent out Maximillian (<strong>Slowking</strong>)!<br></div><div class="spacer battle-history"><br></div><div class="battle-history">HitMonBabyOneMoreT used <strong>Close Combat</strong>!<br></div><div class="battle-history"><small>It's not very effective...</small><br></div><div class="battle-history"><small>(The opposing Maximillian lost <abbr title="−84/392">21.4%</abbr> of its health!)</small><br></div><div class="battle-history"><small>HitMonBabyOneMoreT's Defense fell!</small><br></div><div class="battle-history"><small>HitMonBabyOneMoreT's Special Defense fell!</small><br></div><div class="spacer battle-history"><br></div><div class="battle-history"><small>The opposing Maximillian restored a little HP using its Leftovers!</small><br></div><div class="battle-history"><small>The opposing Maximillian was hurt by poison!</small><br></div><div class="spacer battle-history"><br></div><h2 class="battle-history">Turn 14</h2><div class="spacer battle-history"><br></div><div class="battle-history">HitMonBabyOneMoreT, come back!<br></div><div class="battle-history">Go! Quagmire (<strong>Quagsire</strong>)!<br></div><div class="battle-history"><small>Pointed stones dug into Quagmire!</small><br></div><div class="spacer battle-history"><br></div><div class="battle-history">The opposing Maximillian used <strong>Thunder Wave</strong>!<br></div><div class="battle-history"><small>It doesn't affect Quagmire...</small><br></div><div class="spacer battle-history"><br></div><div class="battle-history"><small>The opposing Maximillian restored a little HP using its Leftovers!</small><br></div><div class="battle-history"><small>Quagmire restored a little HP using its Leftovers!</small><br></div><div class="battle-history"><small>The opposing Maximillian was hurt by poison!</small><br></div><div class="spacer battle-history"><br></div><h2 class="battle-history">Turn 15</h2><div class="spacer battle-history"><br></div><div class="battle-history">valt junior withdrew Maximillian!<br></div><div class="battle-history">valt junior sent out Snape (<strong>Drapion</strong>)!<br></div><div class="spacer battle-history"><br></div><div class="battle-history">Quagmire used <strong>Recover</strong>!<br></div><div class="battle-history"><small>Quagmire restored its HP.</small><br></div><div class="spacer battle-history"><br></div><h2 class="battle-history">Turn 16</h2><div class="spacer battle-history"><br></div><div class="battle-history">The opposing Snape used <strong>Knock Off</strong>!<br></div><div class="battle-history"><small>(Quagmire lost <abbr title="−106/394">26.9%</abbr> of its health!)</small><br></div><div class="battle-history"><small>The opposing Snape knocked off Quagmire's Leftovers!</small><br></div><div class="spacer battle-history"><br></div><div class="battle-history">Quagmire used <strong>Earthquake</strong>!<br></div><div class="battle-history"><small>It's super effective!</small><br></div><div class="battle-history"><small>(The opposing Snape lost <abbr title="−206/281">73.3%</abbr> of its health!)</small><br></div><div class="spacer battle-history"><br></div><h2 class="battle-history">Turn 17</h2><div class="spacer battle-history"><br></div><div class="battle-history">The opposing Snape used <strong>Knock Off</strong>!<br></div><div class="battle-history"><small>A critical hit!</small><br></div><div class="battle-history"><small>(Quagmire lost <abbr title="−159/394">40.4%</abbr> of its health!)</small><br></div><div class="spacer battle-history"><br></div><div class="battle-history">Quagmire used <strong>Earthquake</strong>!<br></div><div class="battle-history"><small>It's super effective!</small><br></div><div class="battle-history"><small>(The opposing Snape lost <abbr title="−75/281">26.7%</abbr> of its health!)</small><br></div><div class="spacer battle-history"><br></div><div class="battle-history">The opposing Snape fainted!<br></div><div class="spacer battle-history"><br></div><div class="battle-history">valt junior sent out Locus (<strong>Virizion</strong>)!<br></div><div class="spacer battle-history"><br></div><h2 class="battle-history">Turn 18</h2><div class="spacer battle-history"><br></div><div class="battle-history">Quagmire, come back!<br></div><div class="battle-history">Go! HitMonBabyOneMoreT (<strong>Hitmontop</strong>)!<br></div><div class="battle-history"><small>Pointed stones dug into HitMonBabyOneMoreT!</small><br></div><div class="battle-history"><small>[HitMonBabyOneMoreT's Intimidate]</small><br></div><div class="battle-history"><small>The opposing Locus's Attack fell!</small><br></div><div class="spacer battle-history"><br></div><div class="battle-history">The opposing Locus used <strong>Close Combat</strong>!<br></div><div class="battle-history"><small>A critical hit!</small><br></div><div class="battle-history"><small>(HitMonBabyOneMoreT lost <abbr title="−179/304">58.9%</abbr> of its health!)</small><br></div><div class="battle-history"><small>The opposing Locus's Defense fell!</small><br></div><div class="battle-history"><small>The opposing Locus's Special Defense fell!</small><br></div><div class="spacer battle-history"><br></div><div class="battle-history">HitMonBabyOneMoreT fainted!<br></div><div class="spacer battle-history"><br></div><div class="battle-history">Go! Ferrari (<strong>Accelgor</strong>)!<br></div><div class="battle-history"><small>Pointed stones dug into Ferrari!</small><br></div><div class="spacer battle-history"><br></div><h2 class="battle-history">Turn 19</h2><div class="spacer battle-history"><br></div><div class="battle-history">valt junior withdrew Locus!<br></div><div class="battle-history">valt junior sent out Crazy D. (<strong>Diancie</strong>)!<br></div><div class="spacer battle-history"><br></div><div class="battle-history">Ferrari used <strong>Sludge Bomb</strong>!<br></div><div class="battle-history"><small>(The opposing Crazy D. lost <abbr title="−69/304">22.7%</abbr> of its health!)</small><br></div><div class="battle-history"><small>Ferrari lost some of its HP!</small><br></div><div class="spacer battle-history"><br></div><div class="battle-history"><small>The opposing Crazy D. restored a little HP using its Leftovers!</small><br></div><div class="spacer battle-history"><br></div><h2 class="battle-history">Turn 20</h2><div class="spacer battle-history"><br></div><div class="battle-history">Ferrari, come back!<br></div><div class="battle-history">Go! Three Small Bubble (<strong>Magneton</strong>)!<br></div><div class="battle-history"><small>Pointed stones dug into Three Small Bubble!</small><br></div><div class="spacer battle-history"><br></div><div class="battle-history">The opposing Crazy D. used <strong>Diamond Storm</strong>!<br></div><div class="battle-history"><small>It's not very effective...</small><br></div><div class="battle-history"><small>(Three Small Bubble lost <abbr title="−53/241">22.0%</abbr> of its health!)</small><br></div><div class="battle-history"><small>The opposing Crazy D.'s Defense rose!</small><br></div><div class="spacer battle-history"><br></div><div class="battle-history"><small>The opposing Crazy D. restored a little HP using its Leftovers!</small><br></div><div class="spacer battle-history"><br></div><h2 class="battle-history">Turn 21</h2><div class="spacer battle-history"><br></div><div class="battle-history">Three Small Bubble used <strong>Flash Cannon</strong>!<br></div><div class="battle-history"><small>It's super effective!</small><br></div><div class="battle-history"><small>(The opposing Crazy D. lost <abbr title="−273/304">89.8%</abbr> of its health!)</small><br></div><div class="battle-history"><small>Three Small Bubble lost some of its HP!</small><br></div><div class="spacer battle-history"><br></div><div class="battle-history">The opposing Crazy D. fainted!<br></div><div class="spacer battle-history"><br></div><div class="battle-history">valt junior sent out Locus (<strong>Virizion</strong>)!<br></div><div class="spacer battle-history"><br></div><h2 class="battle-history">Turn 22</h2><div class="spacer battle-history"><br></div><div class="battle-history">Three Small Bubble, come back!<br></div><div class="battle-history">Go! Braveheart (<strong>Braviary</strong>)!<br></div><div class="battle-history"><small>Pointed stones dug into Braveheart!</small><br></div><div class="spacer battle-history"><br></div><div class="battle-history">The opposing Locus used <strong>Close Combat</strong>!<br></div><div class="battle-history"><small>(Braveheart lost <abbr title="−196/342">57.3%</abbr> of its health!)</small><br></div><div class="battle-history"><small>The opposing Locus's Defense fell!</small><br></div><div class="battle-history"><small>The opposing Locus's Special Defense fell!</small><br></div><div class="spacer battle-history"><br></div><h2 class="battle-history">Turn 23</h2><div class="spacer battle-history"><br></div><div class="battle-history">valt junior withdrew Locus!<br></div><div class="battle-history">valt junior sent out Maximillian (<strong>Slowking</strong>)!<br></div><div class="spacer battle-history"><br></div><div class="battle-history">Braveheart used <strong>Brave Bird</strong>!<br></div><div class="battle-history"><small>(The opposing Maximillian lost <abbr title="−256/392">65.3%</abbr> of its health!)</small><br></div><div class="battle-history"><small>Braveheart is damaged by the recoil!</small><br></div><div class="spacer battle-history"><br></div><div class="battle-history">Braveheart fainted!<br></div><div class="spacer battle-history"><br></div><div class="battle-history"><small>The opposing Maximillian restored a little HP using its Leftovers!</small><br></div><div class="battle-history"><small>The opposing Maximillian was hurt by poison!</small><br></div><div class="spacer battle-history"><br></div><div class="battle-history">Go! Quagmire (<strong>Quagsire</strong>)!<br></div><div class="battle-history"><small>Pointed stones dug into Quagmire!</small><br></div><div class="spacer battle-history"><br></div><h2 class="battle-history">Turn 24</h2><div class="spacer battle-history"><br></div><div class="battle-history">valt junior withdrew Maximillian!<br></div><div class="battle-history">valt junior sent out Locus (<strong>Virizion</strong>)!<br></div><div class="spacer battle-history"><br></div><div class="battle-history">Quagmire used <strong>Recover</strong>!<br></div><div class="battle-history"><small>Quagmire restored its HP.</small><br></div><div class="spacer battle-history"><br></div><h2 class="battle-history">Turn 25</h2><div class="spacer battle-history"><br></div><div class="battle-history">The opposing Locus used <strong>Leaf Blade</strong>!<br></div><div class="battle-history"><small>It's super effective!</small><br></div><div class="battle-history"><small>(Quagmire lost <abbr title="−302/394">76.6%</abbr> of its health!)</small><br></div><div class="spacer battle-history"><br></div><div class="battle-history">Quagmire fainted!<br></div><div class="spacer battle-history"><br></div><div class="battle-history">Go! Ferrari (<strong>Accelgor</strong>)!<br></div><div class="battle-history"><small>Pointed stones dug into Ferrari!</small><br></div><div class="spacer battle-history"><br></div><h2 class="battle-history">Turn 26</h2><div class="chat chatmessage-x4nd1"><strong style="color:hsl(321,41%,49.15794587523118%)"><small>★</small><span class="username" data-name="X4nd1">X4nd1</span>:</strong> <em>oh man</em></div><div class="chat chatmessage-x4nd1"><strong style="color:hsl(321,41%,49.15794587523118%)"><small>★</small><span class="username" data-name="X4nd1">X4nd1</span>:</strong> <em>virizion just sweeps my whole tea</em></div><div class="spacer battle-history"><br></div><div class="battle-history">valt junior withdrew Locus!<br></div><div class="battle-history">valt junior sent out Maximillian (<strong>Slowking</strong>)!<br></div><div class="spacer battle-history"><br></div><div class="battle-history">Ferrari used <strong>Bug Buzz</strong>!<br></div><div class="battle-history"><small>It's super effective!</small><br></div><div class="battle-history"><small>(The opposing Maximillian lost <abbr title="−266/392">67.9%</abbr> of its health!)</small><br></div><div class="battle-history"><small>Ferrari lost some of its HP!</small><br></div><div class="spacer battle-history"><br></div><div class="battle-history">The opposing Maximillian fainted!<br></div><div class="battle-history">Ferrari fainted!<br></div><div class="spacer battle-history"><br></div><div class="battle-history">valt junior sent out Locus (<strong>Virizion</strong>)!<br></div><div class="spacer battle-history"><br></div><div class="battle-history">Go! Three Small Bubble (<strong>Magneton</strong>)!<br></div><div class="battle-history"><small>Pointed stones dug into Three Small Bubble!</small><br></div><div class="spacer battle-history"><br></div><h2 class="battle-history">Turn 27</h2><div class="spacer battle-history"><br></div><div class="battle-history">Three Small Bubble, come back!<br></div><div class="battle-history">Go! Big Green Bubble (<strong>Jellicent</strong>)!<br></div><div class="battle-history"><small>Pointed stones dug into Big Green Bubble!</small><br></div><div class="spacer battle-history"><br></div><div class="battle-history">The opposing Locus used <strong>Leaf Blade</strong>!<br></div><div class="battle-history"><small>It's super effective!</small><br></div><div class="battle-history"><small>(Big Green Bubble lost <abbr title="−332/404">82.2%</abbr> of its health!)</small><br></div><div class="spacer battle-history"><br></div><div class="battle-history"><small>Big Green Bubble restored a little HP using its Leftovers!</small><br></div><div class="spacer battle-history"><br></div><h2 class="battle-history">Turn 28</h2><div class="spacer battle-history"><br></div><div class="battle-history">The opposing Locus used <strong>Leaf Blade</strong>!<br></div><div class="battle-history"><small>It's super effective!</small><br></div><div class="battle-history"><small>(Big Green Bubble lost <abbr title="−47/404">11.6%</abbr> of its health!)</small><br></div><div class="spacer battle-history"><br></div><div class="battle-history">Big Green Bubble fainted!<br></div><div class="spacer battle-history"><br></div><div class="battle-history">Go! Three Small Bubble (<strong>Magneton</strong>)!<br></div><div class="battle-history"><small>Pointed stones dug into Three Small Bubble!</small><br></div><div class="spacer battle-history"><br></div><h2 class="battle-history">Turn 29</h2><div class="chat chatmessage-valtjunior"><strong style="color:hsl(49,72%,39%)"><small>★</small><span class="username" data-name="valt junior">valt junior</span>:</strong> <em>yes</em></div><div class="spacer battle-history"><br></div><div class="battle-history">The opposing Locus used <strong>Close Combat</strong>!<br></div><div class="battle-history"><small>It's super effective!</small><br></div><div class="battle-history"><small>(Three Small Bubble lost <abbr title="−71/241">29.5%</abbr> of its health!)</small><br></div><div class="battle-history"><small>The opposing Locus's Defense fell!</small><br></div><div class="battle-history"><small>The opposing Locus's Special Defense fell!</small><br></div><div class="spacer battle-history"><br></div><div class="battle-history">Three Small Bubble fainted!<br></div><div class="spacer battle-history"><br></div><div class="battle-history"><strong>valt junior</strong> won the battle!<br></div><div class="chat">X4nd1's rating: 1190 → <strong>1157</strong><br>(-33 for losing)</div><div class="chat">valt junior's rating: 1084 → <strong>1119</strong><br>(+35 for winning)</div></div><div class="inner-preempt"></div></div></div>
</div>
<script>
let daily = Math.floor(Date.now()/1000/60/60/24);document.write('<script src="https://play.pokemonshowdown.com/js/replay-embed.js?version'+daily+'"></'+'script>');
</script>
