<!DOCTYPE html>
<meta charset="utf-8" />
<!-- version 1 -->
<title>RU replay: 2Ultra vs. FishFlax</title>
<style>
html,body {font-family:Verdana, sans-serif;font-size:10pt;margin:0;padding:0;}body{padding:12px 0;} .battle-log {font-family:Verdana, sans-serif;font-size:10pt;} .battle-log-inline {border:1px solid #AAAAAA;background:#EEF2F5;color:black;max-width:640px;margin:0 auto 80px;padding-bottom:5px;} .battle-log .inner {padding:4px 8px 0px 8px;} .battle-log .inner-preempt {padding:0 8px 4px 8px;} .battle-log .inner-after {margin-top:0.5em;} .battle-log h2 {margin:0.5em -8px;padding:4px 8px;border:1px solid #AAAAAA;background:#E0E7EA;border-left:0;border-right:0;font-family:Verdana, sans-serif;font-size:13pt;} .battle-log .chat {vertical-align:middle;padding:3px 0 3px 0;font-size:8pt;} .battle-log .chat strong {color:#40576A;} .battle-log .chat em {padding:1px 4px 1px 3px;color:#000000;font-style:normal;} .chat.mine {background:rgba(0,0,0,0.05);margin-left:-8px;margin-right:-8px;padding-left:8px;padding-right:8px;} .spoiler {color:#BBBBBB;background:#BBBBBB;padding:0px 3px;} .spoiler:hover, .spoiler:active, .spoiler-shown {color:#000000;background:#E2E2E2;padding:0px 3px;} .spoiler a {color:#BBBBBB;} .spoiler:hover a, .spoiler:active a, .spoiler-shown a {color:#2288CC;} .chat code, .chat .spoiler:hover code, .chat .spoiler:active code, .chat .spoiler-shown code {border:1px solid #C0C0C0;background:#EEEEEE;color:black;padding:0 2px;} .chat .spoiler code {border:1px solid #CCCCCC;background:#CCCCCC;color:#CCCCCC;} .battle-log .rated {padding:3px 4px;} .battle-log .rated strong {color:white;background:#89A;padding:1px 4px;border-radius:4px;} .spacer {margin-top:0.5em;} .message-announce {background:#6688AA;color:white;padding:1px 4px 2px;} .message-announce a, .broadcast-green a, .broadcast-blue a, .broadcast-red a {color:#DDEEFF;} .broadcast-green {background-color:#559955;color:white;padding:2px 4px;} .broadcast-blue {background-color:#6688AA;color:white;padding:2px 4px;} .infobox {border:1px solid #6688AA;padding:2px 4px;} .infobox-limited {max-height:200px;overflow:auto;overflow-x:hidden;} .broadcast-red {background-color:#AA5544;color:white;padding:2px 4px;} .message-learn-canlearn {font-weight:bold;color:#228822;text-decoration:underline;} .message-learn-cannotlearn {font-weight:bold;color:#CC2222;text-decoration:underline;} .message-effect-weak {font-weight:bold;color:#CC2222;} .message-effect-resist {font-weight:bold;color:#6688AA;} .message-effect-immune {font-weight:bold;color:#666666;} .message-learn-list {margin-top:0;margin-bottom:0;} .message-throttle-notice, .message-error {color:#992222;} .message-overflow, .chat small.message-overflow {font-size:0pt;} .message-overflow::before {font-size:9pt;content:'...';} .subtle {color:#3A4A66;}
</style>
<div class="wrapper replay-wrapper" style="max-width:1180px;margin:0 auto">
<input type="hidden" name="replayid" value="ru-487334788" />
<div class="battle"></div><div class="battle-log"></div><div class="replay-controls"></div><div class="replay-controls-2"></div>
<h1 style="font-weight:normal;text-align:center"><strong>RU</strong><br /><a href="http://pokemonshowdown.com/users/2ultra" class="subtle" target="_blank">2Ultra</a> vs. <a href="http://pokemonshowdown.com/users/fishflax" class="subtle" target="_blank">FishFlax</a></h1>
<script type="text/plain" class="battle-log-data">|j|2Ultra
|j|FishFlax
|player|p1|2Ultra|2
|player|p2|FishFlax|29
|gametype|singles
|gen|6
|tier|RU
|seed|55288,21093,38582,23800
|rule|Sleep Clause Mod: Limit one foe put to sleep
|rule|Species Clause: Limit one of each Pokémon
|rule|OHKO Clause: OHKO moves are banned
|rule|Moody Clause: Moody is banned
|rule|Evasion Moves Clause: Evasion moves are banned
|rule|Endless Battle Clause: Forcing endless battles is banned
|rule|HP Percentage Mod: HP is shown in percentages
|clearpoke
|poke|p1|Uxie|item
|poke|p1|Hitmonlee, M|item
|poke|p1|Fletchinder, F|item
|poke|p1|Eelektross, F|item
|poke|p1|Alomomola, F|item
|poke|p1|Glalie, F|item
|poke|p2|Jolteon, M|item
|poke|p2|Exploud, M|item
|poke|p2|Banette, M|item
|poke|p2|Sigilyph, M|item
|poke|p2|Venusaur, F|item
|poke|p2|Slaking, M|item
|rule|Swagger Clause: Swagger is banned
|rule|Baton Pass Clause: Limit one Baton Passer, can't pass Spe and other stats simultaneously
|teampreview
|choice|team 3, team 2, team 1, team 4, team 5, team 6|team 4, team 2, team 3, team 1, team 5, team 6
|
|start
|switch|p1a: Fletchinder|Fletchinder, F|265\/265
|switch|p2a: What Is This?|Sigilyph, M|286\/286
|turn|1
|choice|move swordsdance|move cosmicpower
|
|move|p1a: Fletchinder|Swords Dance|p1a: Fletchinder
|-boost|p1a: Fletchinder|atk|2
|move|p2a: What Is This?|Cosmic Power|p2a: What Is This?
|-boost|p2a: What Is This?|def|1
|-boost|p2a: What Is This?|spd|1
|
|-status|p2a: What Is This?|brn|[from] item: Flame Orb
|turn|2
|choice|move acrobatics|move cosmicpower
|
|move|p1a: Fletchinder|Acrobatics|p2a: What Is This?
|-damage|p2a: What Is This?|195\/286 brn
|move|p2a: What Is This?|Cosmic Power|p2a: What Is This?
|-boost|p2a: What Is This?|def|1
|-boost|p2a: What Is This?|spd|1
|
|turn|3
|choice|move acrobatics|move cosmicpower
|
|move|p1a: Fletchinder|Acrobatics|p2a: What Is This?
|-damage|p2a: What Is This?|126\/286 brn
|move|p2a: What Is This?|Cosmic Power|p2a: What Is This?
|-boost|p2a: What Is This?|def|1
|-boost|p2a: What Is This?|spd|1
|
|turn|4
|choice|move swordsdance|move roost
|
|move|p1a: Fletchinder|Swords Dance|p1a: Fletchinder
|-boost|p1a: Fletchinder|atk|2
|move|p2a: What Is This?|Roost|p2a: What Is This?
|-heal|p2a: What Is This?|269\/286 brn
|
|turn|5
|choice|move swordsdance|move storedpower
|
|move|p1a: Fletchinder|Swords Dance|p1a: Fletchinder
|-boost|p1a: Fletchinder|atk|2
|move|p2a: What Is This?|Stored Power|p1a: Fletchinder
|-damage|p1a: Fletchinder|72\/265
|
|turn|6
|choice|move acrobatics|move storedpower
|
|move|p1a: Fletchinder|Acrobatics|p2a: What Is This?
|-damage|p2a: What Is This?|157\/286 brn
|move|p2a: What Is This?|Stored Power|p1a: Fletchinder
|-damage|p1a: Fletchinder|0 fnt
|faint|p1a: Fletchinder
|
|choice|switch 6|
|
|switch|p1a: Glalie|Glalie, F|301\/301
|turn|7
|choice|move disable mega|move cosmicpower
|
|detailschange|p1a: Glalie|Glalie-Mega, F
|-mega|p1a: Glalie|Glalie|Glalitite
|move|p1a: Glalie|Disable|p2a: What Is This?
|-start|p2a: What Is This?|Disable|Stored Power
|move|p2a: What Is This?|Cosmic Power|p2a: What Is This?
|-boost|p2a: What Is This?|def|1
|-boost|p2a: What Is This?|spd|1
|
|turn|8
|choice|move freezedry|move psychoshift
|
|move|p1a: Glalie|Freeze-Dry|p2a: What Is This?
|-supereffective|p2a: What Is This?
|-damage|p2a: What Is This?|101\/286 brn
|move|p2a: What Is This?|Psycho Shift|p1a: Glalie
|-status|p1a: Glalie|brn
|-curestatus|p2a: What Is This?|brn|[msg]
|
|-damage|p1a: Glalie|264\/301 brn|[from] brn
|-status|p2a: What Is This?|brn|[from] item: Flame Orb
|turn|9
|choice|move freezedry|move roost
|
|move|p1a: Glalie|Freeze-Dry|p2a: What Is This?
|-supereffective|p2a: What Is This?
|-damage|p2a: What Is This?|47\/286 brn
|move|p2a: What Is This?|Roost|p2a: What Is This?
|-heal|p2a: What Is This?|190\/286 brn
|
|-damage|p1a: Glalie|227\/301 brn|[from] brn
|turn|10
|choice|move explosion|move roost
|
|move|p1a: Glalie|Explosion|p2a: What Is This?
|-supereffective|p2a: What Is This?
|-damage|p2a: What Is This?|36\/286 brn
|faint|p1a: Glalie
|move|p2a: What Is This?|Roost|p2a: What Is This?
|-heal|p2a: What Is This?|179\/286 brn
|
|-end|p2a: What Is This?|Disable
|choice|switch 4|
|
|switch|p1a: Eelektross|Eelektross, F|374\/374
|turn|11
|choice|move knockoff|move storedpower
|
|move|p2a: What Is This?|Stored Power|p1a: Eelektross
|-damage|p1a: Eelektross|188\/374
|move|p1a: Eelektross|Knock Off|p2a: What Is This?
|-supereffective|p2a: What Is This?
|-damage|p2a: What Is This?|123\/286 brn
|-enditem|p2a: What Is This?|Flame Orb|[from] move: Knock Off|[of] p1a: Eelektross
|
|turn|12
|choice|move voltswitch|move roost
|
|move|p2a: What Is This?|Roost|p2a: What Is This?
|-heal|p2a: What Is This?|266\/286 brn
|move|p1a: Eelektross|Volt Switch|p2a: What Is This?
|-damage|p2a: What Is This?|233\/286 brn
|choice|switch 5|
|
|switch|p1a: Alomomola|Alomomola, F|501\/501
|
|turn|13
|choice|move scald|move cosmicpower
|
|move|p2a: What Is This?|Cosmic Power|p2a: What Is This?
|-boost|p2a: What Is This?|def|1
|-boost|p2a: What Is This?|spd|1
|move|p1a: Alomomola|Scald|p2a: What Is This?
|-damage|p2a: What Is This?|221\/286 brn
|
|turn|14
|choice|move scald|move cosmicpower
|
|move|p2a: What Is This?|Cosmic Power|p2a: What Is This?
|-boost|p2a: What Is This?|def|1
|-boost|p2a: What Is This?|spd|1
|move|p1a: Alomomola|Scald|p2a: What Is This?
|-damage|p2a: What Is This?|211\/286 brn
|
|turn|15
|choice|move scald|move storedpower
|
|move|p2a: What Is This?|Stored Power|p1a: Alomomola
|-damage|p1a: Alomomola|105\/501
|move|p1a: Alomomola|Scald|p2a: What Is This?
|-damage|p2a: What Is This?|201\/286 brn
|
|-heal|p1a: Alomomola|136\/501|[from] item: Leftovers
|turn|16
|choice|move scald|move roost
|
|move|p2a: What Is This?|Roost|p2a: What Is This?
|-heal|p2a: What Is This?|286\/286 brn
|move|p1a: Alomomola|Scald|p2a: What Is This?
|-damage|p2a: What Is This?|276\/286 brn
|
|-heal|p1a: Alomomola|167\/501|[from] item: Leftovers
|turn|17
|choice|move scald|move storedpower
|
|move|p2a: What Is This?|Stored Power|p1a: Alomomola
|-damage|p1a: Alomomola|0 fnt
|faint|p1a: Alomomola
|
|choice|switch 2|
|
|switch|p1a: Hitmonlee|Hitmonlee, M|241\/241
|turn|18
|choice|move knockoff|move storedpower
|
|move|p1a: Hitmonlee|Knock Off|p2a: What Is This?
|-supereffective|p2a: What Is This?
|-damage|p2a: What Is This?|229\/286 brn
|-damage|p1a: Hitmonlee|217\/241|[from] item: Life Orb
|move|p2a: What Is This?|Stored Power|p1a: Hitmonlee
|-supereffective|p1a: Hitmonlee
|-damage|p1a: Hitmonlee|0 fnt
|faint|p1a: Hitmonlee
|
|choice|switch 5|
|
|switch|p1a: Eelektross|Eelektross, F|188\/374
|turn|19
|choice|move voltswitch|move storedpower
|
|move|p2a: What Is This?|Stored Power|p1a: Eelektross
|-damage|p1a: Eelektross|0 fnt
|faint|p1a: Eelektross
|
|choice|switch 3|
|
|switch|p1a: Uxie|Uxie|354\/354
|turn|20
|choice|move uturn|move storedpower
|
|move|p1a: Uxie|U-turn|p2a: What Is This?
|-damage|p2a: What Is This?|219\/286 brn
|move|p2a: What Is This?|Stored Power|p1a: Uxie
|-resisted|p1a: Uxie
|-damage|p1a: Uxie|226\/354
|
|-heal|p1a: Uxie|248\/354|[from] item: Leftovers
|turn|21
|choice|move uturn|move psychoshift
|
|move|p1a: Uxie|U-turn|p2a: What Is This?
|-damage|p2a: What Is This?|209\/286 brn
|move|p2a: What Is This?|Psycho Shift|p1a: Uxie
|-status|p1a: Uxie|brn
|-curestatus|p2a: What Is This?|brn|[msg]
|
|-heal|p1a: Uxie|270\/354 brn|[from] item: Leftovers
|-damage|p1a: Uxie|226\/354 brn|[from] brn
|turn|22
|choice|move psyshock|move roost
|
|move|p1a: Uxie|Psyshock|p2a: What Is This?
|-resisted|p2a: What Is This?
|-damage|p2a: What Is This?|200\/286
|move|p2a: What Is This?|Roost|p2a: What Is This?
|-heal|p2a: What Is This?|286\/286
|
|-heal|p1a: Uxie|248\/354 brn|[from] item: Leftovers
|-damage|p1a: Uxie|204\/354 brn|[from] brn
|turn|23
|choice|move psyshock|move storedpower
|
|move|p1a: Uxie|Psyshock|p2a: What Is This?
|-resisted|p2a: What Is This?
|-damage|p2a: What Is This?|277\/286
|move|p2a: What Is This?|Stored Power|p1a: Uxie
|-resisted|p1a: Uxie
|-damage|p1a: Uxie|84\/354 brn
|
|-heal|p1a: Uxie|106\/354 brn|[from] item: Leftovers
|-damage|p1a: Uxie|62\/354 brn|[from] brn
|turn|24
|choice|move psyshock|move storedpower
|
|move|p1a: Uxie|Psyshock|p2a: What Is This?
|-resisted|p2a: What Is This?
|-damage|p2a: What Is This?|268\/286
|move|p2a: What Is This?|Stored Power|p1a: Uxie
|-resisted|p1a: Uxie
|-damage|p1a: Uxie|0 fnt
|faint|p1a: Uxie
|
|win|FishFlax
|player|p1
|player|p2
|l|2Ultra</script>
</div>
<div class="battle-log battle-log-inline"><div class="inner"><div class="battle-options"></div><div class="inner"><div class="chat"><small>2Ultra joined.</small></div><div class="chat"><small>FishFlax joined.</small></div><div class=""><small>Format:</small> <br><strong>RU</strong></div><div class=""><small><em>Sleep Clause Mod:</em> Limit one foe put to sleep</small></div><div class=""><small><em>Species Clause:</em> Limit one of each Pokémon</small></div><div class=""><small><em>OHKO Clause:</em> OHKO moves are banned</small></div><div class=""><small><em>Moody Clause:</em> Moody is banned</small></div><div class=""><small><em>Evasion Moves Clause:</em> Evasion moves are banned</small></div><div class=""><small><em>Endless Battle Clause:</em> Forcing endless battles is banned</small></div><div class=""><small><em>HP Percentage Mod:</em> HP is shown in percentages</small></div><div class=""><small><em>Swagger Clause:</em> Swagger is banned</small></div><div class=""><small><em>Baton Pass Clause:</em> Limit one Baton Passer, can't pass Spe and other stats simultaneously</small></div><div class="chat battle-history"><strong>2Ultra's team:</strong> <em style="color:#445566;display:block;">Uxie / Hitmonlee / Fletchinder / Eelektross / Alomomola / Glalie</em></div><div class="chat battle-history"><strong>FishFlax's team:</strong> <em style="color:#445566;display:block;">Jolteon / Exploud / Banette / Sigilyph / Venusaur / Slaking</em></div><div class="spacer battle-history"><br></div><div class="battle-history">Battle started between 2Ultra and FishFlax!<br></div><div class="spacer battle-history"><br></div><div class="battle-history">Go! <strong>Fletchinder</strong>!<br></div><div class="spacer battle-history"><br></div><div class="battle-history">FishFlax sent out What Is This? (<strong>Sigilyph</strong>)!<br></div><div class="spacer battle-history"><br></div><h2 class="battle-history">Turn 1</h2><div class="spacer battle-history"><br></div><div class="battle-history">Fletchinder used <strong>Swords Dance</strong>!<br></div><div class="battle-history"><small>Fletchinder's Attack rose sharply!</small><br></div><div class="spacer battle-history"><br></div><div class="battle-history">The opposing What Is This? used <strong>Cosmic Power</strong>!<br></div><div class="battle-history"><small>The opposing What Is This?'s Defense rose!</small><br></div><div class="battle-history"><small>The opposing What Is This?'s Special Defense rose!</small><br></div><div class="spacer battle-history"><br></div><div class="battle-history"><small>The opposing What Is This? was burned!</small><br></div><div class="spacer battle-history"><br></div><h2 class="battle-history">Turn 2</h2><div class="spacer battle-history"><br></div><div class="battle-history">Fletchinder used <strong>Acrobatics</strong>!<br></div><div class="battle-history"><small>(The opposing What Is This? lost <abbr title="−91/286">31.8%</abbr> of its health!)</small><br></div><div class="spacer battle-history"><br></div><div class="battle-history">The opposing What Is This? used <strong>Cosmic Power</strong>!<br></div><div class="battle-history"><small>The opposing What Is This?'s Defense rose!</small><br></div><div class="battle-history"><small>The opposing What Is This?'s Special Defense rose!</small><br></div><div class="spacer battle-history"><br></div><h2 class="battle-history">Turn 3</h2><div class="spacer battle-history"><br></div><div class="battle-history">Fletchinder used <strong>Acrobatics</strong>!<br></div><div class="battle-history"><small>(The opposing What Is This? lost <abbr title="−69/286">24.1%</abbr> of its health!)</small><br></div><div class="spacer battle-history"><br></div><div class="battle-history">The opposing What Is This? used <strong>Cosmic Power</strong>!<br></div><div class="battle-history"><small>The opposing What Is This?'s Defense rose!</small><br></div><div class="battle-history"><small>The opposing What Is This?'s Special Defense rose!</small><br></div><div class="spacer battle-history"><br></div><h2 class="battle-history">Turn 4</h2><div class="spacer battle-history"><br></div><div class="battle-history">Fletchinder used <strong>Swords Dance</strong>!<br></div><div class="battle-history"><small>Fletchinder's Attack rose sharply!</small><br></div><div class="spacer battle-history"><br></div><div class="battle-history">The opposing What Is This? used <strong>Roost</strong>!<br></div><div class="battle-history"><small>The opposing What Is This? restored its HP.</small><br></div><div class="spacer battle-history"><br></div><h2 class="battle-history">Turn 5</h2><div class="spacer battle-history"><br></div><div class="battle-history">Fletchinder used <strong>Swords Dance</strong>!<br></div><div class="battle-history"><small>Fletchinder's Attack rose sharply!</small><br></div><div class="spacer battle-history"><br></div><div class="battle-history">The opposing What Is This? used <strong>Stored Power</strong>!<br></div><div class="battle-history"><small>(Fletchinder lost <abbr title="−193/265">72.8%</abbr> of its health!)</small><br></div><div class="spacer battle-history"><br></div><h2 class="battle-history">Turn 6</h2><div class="spacer battle-history"><br></div><div class="battle-history">Fletchinder used <strong>Acrobatics</strong>!<br></div><div class="battle-history"><small>(The opposing What Is This? lost <abbr title="−112/286">39.2%</abbr> of its health!)</small><br></div><div class="spacer battle-history"><br></div><div class="battle-history">The opposing What Is This? used <strong>Stored Power</strong>!<br></div><div class="battle-history"><small>(Fletchinder lost <abbr title="−72/265">27.2%</abbr> of its health!)</small><br></div><div class="spacer battle-history"><br></div><div class="battle-history">Fletchinder fainted!<br></div><div class="spacer battle-history"><br></div><div class="battle-history">Go! <strong>Glalie</strong>!<br></div><div class="spacer battle-history"><br></div><h2 class="battle-history">Turn 7</h2><div class="spacer battle-history"><br></div><div class="battle-history"><small>Glalie's Glalitite is reacting to 2Ultra's Mega Bracelet!</small><br>Glalie has Mega Evolved into Mega Glalie!<br></div><div class="spacer battle-history"><br></div><div class="battle-history">Glalie used <strong>Disable</strong>!<br></div><div class="battle-history"><small>The opposing What Is This?'s Stored Power was disabled!</small><br></div><div class="spacer battle-history"><br></div><div class="battle-history">The opposing What Is This? used <strong>Cosmic Power</strong>!<br></div><div class="battle-history"><small>The opposing What Is This?'s Defense rose!</small><br></div><div class="battle-history"><small>The opposing What Is This?'s Special Defense rose!</small><br></div><div class="spacer battle-history"><br></div><h2 class="battle-history">Turn 8</h2><div class="spacer battle-history"><br></div><div class="battle-history">Glalie used <strong>Freeze-Dry</strong>!<br></div><div class="battle-history"><small>It's super effective!</small><br></div><div class="battle-history"><small>(The opposing What Is This? lost <abbr title="−56/286">19.6%</abbr> of its health!)</small><br></div><div class="spacer battle-history"><br></div><div class="battle-history">The opposing What Is This? used <strong>Psycho Shift</strong>!<br></div><div class="battle-history"><small>Glalie was burned!</small><br></div><div class="battle-history"><small>The opposing What Is This?'s burn was healed.</small><br></div><div class="spacer battle-history"><br></div><div class="battle-history"><small>Glalie was hurt by its burn!</small><br></div><div class="battle-history"><small>The opposing What Is This? was burned!</small><br></div><div class="spacer battle-history"><br></div><h2 class="battle-history">Turn 9</h2><div class="spacer battle-history"><br></div><div class="battle-history">Glalie used <strong>Freeze-Dry</strong>!<br></div><div class="battle-history"><small>It's super effective!</small><br></div><div class="battle-history"><small>(The opposing What Is This? lost <abbr title="−54/286">18.9%</abbr> of its health!)</small><br></div><div class="spacer battle-history"><br></div><div class="battle-history">The opposing What Is This? used <strong>Roost</strong>!<br></div><div class="battle-history"><small>The opposing What Is This? restored its HP.</small><br></div><div class="spacer battle-history"><br></div><div class="battle-history"><small>Glalie was hurt by its burn!</small><br></div><div class="spacer battle-history"><br></div><h2 class="battle-history">Turn 10</h2><div class="spacer battle-history"><br></div><div class="battle-history">Glalie used <strong>Explosion</strong>!<br></div><div class="battle-history"><small>It's super effective!</small><br></div><div class="battle-history"><small>(The opposing What Is This? lost <abbr title="−154/286">53.8%</abbr> of its health!)</small><br></div><div class="spacer battle-history"><br></div><div class="battle-history">Glalie fainted!<br></div><div class="battle-history">The opposing What Is This? used <strong>Roost</strong>!<br></div><div class="battle-history"><small>The opposing What Is This? restored its HP.</small><br></div><div class="spacer battle-history"><br></div><div class="battle-history"><small>The opposing What Is This?'s move is no longer disabled!</small><br></div><div class="spacer battle-history"><br></div><div class="battle-history">Go! <strong>Eelektross</strong>!<br></div><div class="spacer battle-history"><br></div><h2 class="battle-history">Turn 11</h2><div class="spacer battle-history"><br></div><div class="battle-history">The opposing What Is This? used <strong>Stored Power</strong>!<br></div><div class="battle-history"><small>(Eelektross lost <abbr title="−186/374">49.7%</abbr> of its health!)</small><br></div><div class="spacer battle-history"><br></div><div class="battle-history">Eelektross used <strong>Knock Off</strong>!<br></div><div class="battle-history"><small>It's super effective!</small><br></div><div class="battle-history"><small>(The opposing What Is This? lost <abbr title="−56/286">19.6%</abbr> of its health!)</small><br></div><div class="battle-history"><small>Eelektross knocked off the opposing What Is This?'s Flame Orb!</small><br></div><div class="spacer battle-history"><br></div><h2 class="battle-history">Turn 12</h2><div class="spacer battle-history"><br></div><div class="battle-history">The opposing What Is This? used <strong>Roost</strong>!<br></div><div class="battle-history"><small>The opposing What Is This? restored its HP.</small><br></div><div class="spacer battle-history"><br></div><div class="battle-history">Eelektross used <strong>Volt Switch</strong>!<br></div><div class="battle-history"><small>(The opposing What Is This? lost <abbr title="−33/286">11.5%</abbr> of its health!)</small><br></div><div class="spacer battle-history"><br></div><div class="battle-history">Eelektross went back to 2Ultra!<br></div><div class="battle-history">Go! <strong>Alomomola</strong>!<br></div><div class="spacer battle-history"><br></div><h2 class="battle-history">Turn 13</h2><div class="spacer battle-history"><br></div><div class="battle-history">The opposing What Is This? used <strong>Cosmic Power</strong>!<br></div><div class="battle-history"><small>The opposing What Is This?'s Defense rose!</small><br></div><div class="battle-history"><small>The opposing What Is This?'s Special Defense rose!</small><br></div><div class="spacer battle-history"><br></div><div class="battle-history">Alomomola used <strong>Scald</strong>!<br></div><div class="battle-history"><small>(The opposing What Is This? lost <abbr title="−12/286">4.2%</abbr> of its health!)</small><br></div><div class="spacer battle-history"><br></div><h2 class="battle-history">Turn 14</h2><div class="spacer battle-history"><br></div><div class="battle-history">The opposing What Is This? used <strong>Cosmic Power</strong>!<br></div><div class="battle-history"><small>The opposing What Is This?'s Defense rose!</small><br></div><div class="battle-history"><small>The opposing What Is This?'s Special Defense rose!</small><br></div><div class="spacer battle-history"><br></div><div class="battle-history">Alomomola used <strong>Scald</strong>!<br></div><div class="battle-history"><small>(The opposing What Is This? lost <abbr title="−10/286">3.5%</abbr> of its health!)</small><br></div><div class="spacer battle-history"><br></div><h2 class="battle-history">Turn 15</h2><div class="spacer battle-history"><br></div><div class="battle-history">The opposing What Is This? used <strong>Stored Power</strong>!<br></div><div class="battle-history"><small>(Alomomola lost <abbr title="−396/501">79.0%</abbr> of its health!)</small><br></div><div class="spacer battle-history"><br></div><div class="battle-history">Alomomola used <strong>Scald</strong>!<br></div><div class="battle-history"><small>(The opposing What Is This? lost <abbr title="−10/286">3.5%</abbr> of its health!)</small><br></div><div class="spacer battle-history"><br></div><div class="battle-history"><small>Alomomola restored a little HP using its Leftovers!</small><br></div><div class="spacer battle-history"><br></div><h2 class="battle-history">Turn 16</h2><div class="spacer battle-history"><br></div><div class="battle-history">The opposing What Is This? used <strong>Roost</strong>!<br></div><div class="battle-history"><small>The opposing What Is This? restored its HP.</small><br></div><div class="spacer battle-history"><br></div><div class="battle-history">Alomomola used <strong>Scald</strong>!<br></div><div class="battle-history"><small>(The opposing What Is This? lost <abbr title="−10/286">3.5%</abbr> of its health!)</small><br></div><div class="spacer battle-history"><br></div><div class="battle-history"><small>Alomomola restored a little HP using its Leftovers!</small><br></div><div class="spacer battle-history"><br></div><h2 class="battle-history">Turn 17</h2><div class="spacer battle-history"><br></div><div class="battle-history">The opposing What Is This? used <strong>Stored Power</strong>!<br></div><div class="battle-history"><small>(Alomomola lost <abbr title="−167/501">33.3%</abbr> of its health!)</small><br></div><div class="spacer battle-history"><br></div><div class="battle-history">Alomomola fainted!<br></div><div class="spacer battle-history"><br></div><div class="battle-history">Go! <strong>Hitmonlee</strong>!<br></div><div class="spacer battle-history"><br></div><h2 class="battle-history">Turn 18</h2><div class="spacer battle-history"><br></div><div class="battle-history">Hitmonlee used <strong>Knock Off</strong>!<br></div><div class="battle-history"><small>It's super effective!</small><br></div><div class="battle-history"><small>(The opposing What Is This? lost <abbr title="−47/286">16.4%</abbr> of its health!)</small><br></div><div class="battle-history"><small>Hitmonlee lost some of its HP!</small><br></div><div class="spacer battle-history"><br></div><div class="battle-history">The opposing What Is This? used <strong>Stored Power</strong>!<br></div><div class="battle-history"><small>It's super effective!</small><br></div><div class="battle-history"><small>(Hitmonlee lost <abbr title="−217/241">90.0%</abbr> of its health!)</small><br></div><div class="spacer battle-history"><br></div><div class="battle-history">Hitmonlee fainted!<br></div><div class="spacer battle-history"><br></div><div class="battle-history">Go! <strong>Eelektross</strong>!<br></div><div class="spacer battle-history"><br></div><h2 class="battle-history">Turn 19</h2><div class="spacer battle-history"><br></div><div class="battle-history">The opposing What Is This? used <strong>Stored Power</strong>!<br></div><div class="battle-history"><small>(Eelektross lost <abbr title="−188/374">50.3%</abbr> of its health!)</small><br></div><div class="spacer battle-history"><br></div><div class="battle-history">Eelektross fainted!<br></div><div class="spacer battle-history"><br></div><div class="battle-history">Go! <strong>Uxie</strong>!<br></div><div class="spacer battle-history"><br></div><h2 class="battle-history">Turn 20</h2><div class="spacer battle-history"><br></div><div class="battle-history">Uxie used <strong>U-turn</strong>!<br></div><div class="battle-history"><small>(The opposing What Is This? lost <abbr title="−10/286">3.5%</abbr> of its health!)</small><br></div><div class="spacer battle-history"><br></div><div class="battle-history">The opposing What Is This? used <strong>Stored Power</strong>!<br></div><div class="battle-history"><small>It's not very effective...</small><br></div><div class="battle-history"><small>(Uxie lost <abbr title="−128/354">36.2%</abbr> of its health!)</small><br></div><div class="spacer battle-history"><br></div><div class="battle-history"><small>Uxie restored a little HP using its Leftovers!</small><br></div><div class="spacer battle-history"><br></div><h2 class="battle-history">Turn 21</h2><div class="spacer battle-history"><br></div><div class="battle-history">Uxie used <strong>U-turn</strong>!<br></div><div class="battle-history"><small>(The opposing What Is This? lost <abbr title="−10/286">3.5%</abbr> of its health!)</small><br></div><div class="spacer battle-history"><br></div><div class="battle-history">The opposing What Is This? used <strong>Psycho Shift</strong>!<br></div><div class="battle-history"><small>Uxie was burned!</small><br></div><div class="battle-history"><small>The opposing What Is This?'s burn was healed.</small><br></div><div class="spacer battle-history"><br></div><div class="battle-history"><small>Uxie restored a little HP using its Leftovers!</small><br></div><div class="battle-history"><small>Uxie was hurt by its burn!</small><br></div><div class="spacer battle-history"><br></div><h2 class="battle-history">Turn 22</h2><div class="spacer battle-history"><br></div><div class="battle-history">Uxie used <strong>Psyshock</strong>!<br></div><div class="battle-history"><small>It's not very effective...</small><br></div><div class="battle-history"><small>(The opposing What Is This? lost <abbr title="−9/286">3.1%</abbr> of its health!)</small><br></div><div class="spacer battle-history"><br></div><div class="battle-history">The opposing What Is This? used <strong>Roost</strong>!<br></div><div class="battle-history"><small>The opposing What Is This? restored its HP.</small><br></div><div class="spacer battle-history"><br></div><div class="battle-history"><small>Uxie restored a little HP using its Leftovers!</small><br></div><div class="battle-history"><small>Uxie was hurt by its burn!</small><br></div><div class="spacer battle-history"><br></div><h2 class="battle-history">Turn 23</h2><div class="spacer battle-history"><br></div><div class="battle-history">Uxie used <strong>Psyshock</strong>!<br></div><div class="battle-history"><small>It's not very effective...</small><br></div><div class="battle-history"><small>(The opposing What Is This? lost <abbr title="−9/286">3.1%</abbr> of its health!)</small><br></div><div class="spacer battle-history"><br></div><div class="battle-history">The opposing What Is This? used <strong>Stored Power</strong>!<br></div><div class="battle-history"><small>It's not very effective...</small><br></div><div class="battle-history"><small>(Uxie lost <abbr title="−120/354">33.9%</abbr> of its health!)</small><br></div><div class="spacer battle-history"><br></div><div class="battle-history"><small>Uxie restored a little HP using its Leftovers!</small><br></div><div class="battle-history"><small>Uxie was hurt by its burn!</small><br></div><div class="spacer battle-history"><br></div><h2 class="battle-history">Turn 24</h2><div class="spacer battle-history"><br></div><div class="battle-history">Uxie used <strong>Psyshock</strong>!<br></div><div class="battle-history"><small>It's not very effective...</small><br></div><div class="battle-history"><small>(The opposing What Is This? lost <abbr title="−9/286">3.1%</abbr> of its health!)</small><br></div><div class="spacer battle-history"><br></div><div class="battle-history">The opposing What Is This? used <strong>Stored Power</strong>!<br></div><div class="battle-history"><small>It's not very effective...</small><br></div><div class="battle-history"><small>(Uxie lost <abbr title="−62/354">17.5%</abbr> of its health!)</small><br></div><div class="spacer battle-history"><br></div><div class="battle-history">Uxie fainted!<br></div><div class="spacer battle-history"><br></div><div class="battle-history"><strong>FishFlax</strong> won the battle!<br></div><div class="chat"><small>2Ultra left.</small></div></div><div class="inner-preempt"></div></div></div>
</div>
<script>
let daily = Math.floor(Date.now()/1000/60/60/24);document.write('<script src="https://play.pokemonshowdown.com/js/replay-embed.js?version'+daily+'"></'+'script>');
</script>
