<!DOCTYPE html>
<meta charset="utf-8" />
<!-- version 1 -->
<title>RU replay: HelioFell vs. StellaStar</title>
<style>
html,body {font-family:Verdana, sans-serif;font-size:10pt;margin:0;padding:0;}body{padding:12px 0;} .battle-log {font-family:Verdana, sans-serif;font-size:10pt;} .battle-log-inline {border:1px solid #AAAAAA;background:#EEF2F5;color:black;max-width:640px;margin:0 auto 80px;padding-bottom:5px;} .battle-log .inner {padding:4px 8px 0px 8px;} .battle-log .inner-preempt {padding:0 8px 4px 8px;} .battle-log .inner-after {margin-top:0.5em;} .battle-log h2 {margin:0.5em -8px;padding:4px 8px;border:1px solid #AAAAAA;background:#E0E7EA;border-left:0;border-right:0;font-family:Verdana, sans-serif;font-size:13pt;} .battle-log .chat {vertical-align:middle;padding:3px 0 3px 0;font-size:8pt;} .battle-log .chat strong {color:#40576A;} .battle-log .chat em {padding:1px 4px 1px 3px;color:#000000;font-style:normal;} .chat.mine {background:rgba(0,0,0,0.05);margin-left:-8px;margin-right:-8px;padding-left:8px;padding-right:8px;} .spoiler {color:#BBBBBB;background:#BBBBBB;padding:0px 3px;} .spoiler:hover, .spoiler:active, .spoiler-shown {color:#000000;background:#E2E2E2;padding:0px 3px;} .spoiler a {color:#BBBBBB;} .spoiler:hover a, .spoiler:active a, .spoiler-shown a {color:#2288CC;} .chat code, .chat .spoiler:hover code, .chat .spoiler:active code, .chat .spoiler-shown code {border:1px solid #C0C0C0;background:#EEEEEE;color:black;padding:0 2px;} .chat .spoiler code {border:1px solid #CCCCCC;background:#CCCCCC;color:#CCCCCC;} .battle-log .rated {padding:3px 4px;} .battle-log .rated strong {color:white;background:#89A;padding:1px 4px;border-radius:4px;} .spacer {margin-top:0.5em;} .message-announce {background:#6688AA;color:white;padding:1px 4px 2px;} .message-announce a, .broadcast-green a, .broadcast-blue a, .broadcast-red a {color:#DDEEFF;} .broadcast-green {background-color:#559955;color:white;padding:2px 4px;} .broadcast-blue {background-color:#6688AA;color:white;padding:2px 4px;} .infobox {border:1px solid #6688AA;padding:2px 4px;} .infobox-limited {max-height:200px;overflow:auto;overflow-x:hidden;} .broadcast-red {background-color:#AA5544;color:white;padding:2px 4px;} .message-learn-canlearn {font-weight:bold;color:#228822;text-decoration:underline;} .message-learn-cannotlearn {font-weight:bold;color:#CC2222;text-decoration:underline;} .message-effect-weak {font-weight:bold;color:#CC2222;} .message-effect-resist {font-weight:bold;color:#6688AA;} .message-effect-immune {font-weight:bold;color:#666666;} .message-learn-list {margin-top:0;margin-bottom:0;} .message-throttle-notice, .message-error {color:#992222;} .message-overflow, .chat small.message-overflow {font-size:0pt;} .message-overflow::before {font-size:9pt;content:'...';} .subtle {color:#3A4A66;}
</style>
<div class="wrapper replay-wrapper" style="max-width:1180px;margin:0 auto">
<input type="hidden" name="replayid" value="ru-487827310" />
<div class="battle"></div><div class="battle-log"></div><div class="replay-controls"></div><div class="replay-controls-2"></div>
<h1 style="font-weight:normal;text-align:center"><strong>RU</strong><br /><a href="http://pokemonshowdown.com/users/heliofell" class="subtle" target="_blank">HelioFell</a> vs. <a href="http://pokemonshowdown.com/users/stellastar" class="subtle" target="_blank">StellaStar</a></h1>
<script type="text/plain" class="battle-log-data">|j|HelioFell
|j|StellaStar
|player|p1|HelioFell|137
|player|p2|StellaStar|15
|gametype|singles
|gen|6
|tier|RU
|rated
|seed|58245,24852,8587,15458
|rule|Sleep Clause Mod: Limit one foe put to sleep
|rule|Species Clause: Limit one of each Pokémon
|rule|OHKO Clause: OHKO moves are banned
|rule|Moody Clause: Moody is banned
|rule|Evasion Moves Clause: Evasion moves are banned
|rule|Endless Battle Clause: Forcing endless battles is banned
|rule|HP Percentage Mod: HP is shown in percentages
|clearpoke
|poke|p1|Drapion, M|item
|poke|p1|Gourgeist-*, F, shiny|item
|poke|p1|Gallade, M, shiny|item
|poke|p1|Claydol|item
|poke|p1|Miltank, F, shiny|item
|poke|p1|Alomomola, F|item
|poke|p2|Accelgor, M|item
|poke|p2|Ambipom, F|item
|poke|p2|Bronzong|item
|poke|p2|Clawitzer, F|item
|poke|p2|Alomomola, M|item
|poke|p2|Camerupt, M|item
|rule|Swagger Clause: Swagger is banned
|rule|Baton Pass Clause: Limit one Baton Passer, can't pass Spe and other stats simultaneously
|teampreview
|choice|team 4, team 2, team 3, team 1, team 5, team 6|team 2, team 1, team 3, team 4, team 5, team 6
|
|start
|switch|p1a: Claydol|Claydol|261\/261
|switch|p2a: Ambipom|Ambipom, F|291\/291
|turn|1
|choice|switch 2|move fakeout
|
|switch|p1a: Gourgeist|Gourgeist-Super, F, shiny|334\/334
|-item|p2a: Ambipom|Focus Sash|[from] ability: Frisk|[of] p1a: Gourgeist|[identify]
|move|p2a: Ambipom|Fake Out|p1a: Gourgeist
|-immune|p1a: Gourgeist|[msg]
|
|turn|2
|choice|move willowisp|switch 6
|
|switch|p2a: Camerupt|Camerupt, M|343\/343
|move|p1a: Gourgeist|Will-O-Wisp|p2a: Camerupt
|-immune|p2a: Camerupt|[msg]
|
|turn|3
|choice|switch 3|move stealthrock mega
|
|switch|p1a: Gallade|Gallade, M, shiny|277\/277
|detailschange|p2a: Camerupt|Camerupt-Mega, M
|-mega|p2a: Camerupt|Camerupt|Cameruptite
|move|p2a: Camerupt|Stealth Rock|p1a: Gallade
|-sidestart|p1: HelioFell|move: Stealth Rock
|
|turn|4
|choice|move drainpunch|switch 3
|
|switch|p2a: Bronzong|Bronzong|275\/275
|move|p1a: Gallade|Drain Punch|p2a: Bronzong
|-crit|p2a: Bronzong
|-damage|p2a: Bronzong|71\/275
|-damage|p1a: Gallade|231\/277|[from] item: Rocky Helmet|[of] p2a: Bronzong
|
|turn|5
|choice|move knockoff|move trickroom
|
|move|p1a: Gallade|Knock Off|p2a: Bronzong
|-supereffective|p2a: Bronzong
|-damage|p2a: Bronzong|0 fnt
|-damage|p1a: Gallade|185\/277|[from] item: Rocky Helmet|[of] p2a: Bronzong
|-enditem|p2a: Bronzong|Rocky Helmet|[from] move: Knock Off|[of] p1a: Gallade
|faint|p2a: Bronzong
|
|choice||switch 2
|
|switch|p2a: Accelgor|Accelgor, M|301\/301
|turn|6
|choice|move drainpunch|move bugbuzz
|
|move|p2a: Accelgor|Bug Buzz|p1a: Gallade
|-damage|p1a: Gallade|94\/277
|-unboost|p1a: Gallade|spd|1
|-damage|p2a: Accelgor|271\/301|[from] item: Life Orb
|move|p1a: Gallade|Drain Punch|p2a: Accelgor
|-resisted|p2a: Accelgor
|-damage|p2a: Accelgor|136\/301
|-heal|p1a: Gallade|162\/277|[from] drain|[of] p2a: Accelgor
|
|turn|7
|choice|move drainpunch|switch 5
|
|switch|p2a: Alomomola|Alomomola, M|501\/501
|move|p1a: Gallade|Drain Punch|p2a: Alomomola
|-damage|p2a: Alomomola|363\/501
|-heal|p1a: Gallade|231\/277|[from] drain|[of] p2a: Alomomola
|
|-heal|p2a: Alomomola|394\/501|[from] item: Leftovers
|turn|8
|choice|move knockoff|move wish
|
|move|p1a: Gallade|Knock Off|p2a: Alomomola
|-damage|p2a: Alomomola|271\/501
|-enditem|p2a: Alomomola|Leftovers|[from] move: Knock Off|[of] p1a: Gallade
|move|p2a: Alomomola|Wish|p2a: Alomomola
|
|turn|9
|choice|move psychocut|move scald
|
|move|p1a: Gallade|Psycho Cut|p2a: Alomomola
|-damage|p2a: Alomomola|145\/501
|move|p2a: Alomomola|Scald|p1a: Gallade
|-damage|p1a: Gallade|192\/277
|
|-heal|p2a: Alomomola|395\/501|[from] move: Wish|[wisher] Alomomola
|turn|10
|choice|move drainpunch|move wish
|
|move|p1a: Gallade|Drain Punch|p2a: Alomomola
|-damage|p2a: Alomomola|256\/501
|-heal|p1a: Gallade|262\/277|[from] drain|[of] p2a: Alomomola
|move|p2a: Alomomola|Wish|p2a: Alomomola
|
|turn|11
|choice|switch 3|move toxic
|
|switch|p1a: Gourgeist|Gourgeist-Super, F, shiny|334\/334
|-damage|p1a: Gourgeist|293\/334|[from] Stealth Rock
|move|p2a: Alomomola|Toxic|p1a: Gourgeist
|-status|p1a: Gourgeist|tox
|
|-heal|p2a: Alomomola|501\/501|[from] move: Wish|[wisher] Alomomola
|-damage|p1a: Gourgeist|273\/334 tox|[from] psn
|turn|12
|choice|move leechseed|move protect
|
|move|p2a: Alomomola|Protect|p2a: Alomomola
|-singleturn|p2a: Alomomola|Protect
|move|p1a: Gourgeist|Leech Seed|p2a: Alomomola
|-activate|p2a: Alomomola|move: Protect
|
|-damage|p1a: Gourgeist|233\/334 tox|[from] psn
|turn|13
|choice|switch 5|switch 5
|
|switch|p2a: Accelgor|Accelgor, M|136\/301
|switch|p1a: Miltank|Miltank, F, shiny|394\/394
|-damage|p1a: Miltank|345\/394|[from] Stealth Rock
|
|turn|14
|choice|move bodyslam|move focusblast
|
|move|p2a: Accelgor|Focus Blast|p1a: Miltank
|-supereffective|p1a: Miltank
|-damage|p1a: Miltank|0 fnt
|-damage|p2a: Accelgor|106\/301|[from] item: Life Orb
|faint|p1a: Miltank
|
|choice|switch 6|
|
|switch|p1a: Alomomola|Alomomola, F|534\/534
|-damage|p1a: Alomomola|468\/534|[from] Stealth Rock
|turn|15
|choice|move waterfall|move energyball
|
|move|p2a: Accelgor|Energy Ball|p1a: Alomomola
|-supereffective|p1a: Alomomola
|-damage|p1a: Alomomola|13\/534
|-damage|p2a: Accelgor|76\/301|[from] item: Life Orb
|move|p1a: Alomomola|Waterfall|p2a: Accelgor
|-damage|p2a: Accelgor|0 fnt
|faint|p2a: Accelgor
|
|-heal|p1a: Alomomola|46\/534|[from] item: Leftovers
|choice||switch 4
|
|switch|p2a: Clawitzer|Clawitzer, F|283\/283
|turn|16
|choice|switch 5|move scald
|
|switch|p1a: Gourgeist|Gourgeist-Super, F, shiny|233\/334 tox
|-damage|p1a: Gourgeist|192\/334 tox|[from] Stealth Rock
|-item|p2a: Clawitzer|Choice Scarf|[from] ability: Frisk|[of] p1a: Gourgeist|[identify]
|move|p2a: Clawitzer|Scald|p1a: Gourgeist
|-resisted|p1a: Gourgeist
|-damage|p1a: Gourgeist|120\/334 tox
|
|-damage|p1a: Gourgeist|100\/334 tox|[from] psn
|turn|17
|choice|move leechseed|switch 3
|
|switch|p2a: Camerupt|Camerupt-Mega, M|343\/343
|move|p1a: Gourgeist|Leech Seed|p2a: Camerupt
|-start|p2a: Camerupt|move: Leech Seed
|
|-damage|p2a: Camerupt|301\/343|[from] Leech Seed|[of] p1a: Gourgeist
|-heal|p1a: Gourgeist|142\/334 tox|[silent]
|-damage|p1a: Gourgeist|102\/334 tox|[from] psn
|turn|18
|choice|move phantomforce|move earthpower
|
|move|p1a: Gourgeist|Phantom Force|p2a: Camerupt|[still]
|-prepare|p1a: Gourgeist|Phantom Force|p2a: Camerupt
|move|p2a: Camerupt|Earth Power|p1a: Gourgeist|[miss]
|-miss|p2a: Camerupt|p1a: Gourgeist
|
|-damage|p2a: Camerupt|259\/343|[from] Leech Seed|[of] p1a: Gourgeist
|-heal|p1a: Gourgeist|144\/334 tox|[silent]
|-damage|p1a: Gourgeist|84\/334 tox|[from] psn
|turn|19
|choice|move phantomforce 1|switch 6
|
|switch|p2a: Ambipom|Ambipom, F|291\/291
|move|p1a: Gourgeist|Phantom Force|p2a: Ambipom|[from]lockedmove
|-immune|p2a: Ambipom|[msg]
|
|-damage|p1a: Gourgeist|4\/334 tox|[from] psn
|turn|20
|choice|move willowisp|switch 6
|
|switch|p2a: Camerupt|Camerupt-Mega, M|259\/343
|move|p1a: Gourgeist|Will-O-Wisp|p2a: Camerupt
|-immune|p2a: Camerupt|[msg]
|
|-damage|p1a: Gourgeist|0 fnt|[from] psn
|faint|p1a: Gourgeist
|choice|switch 2|
|
|switch|p1a: Claydol|Claydol|261\/261
|-damage|p1a: Claydol|245\/261|[from] Stealth Rock
|turn|21
|choice|move earthpower|move toxic
|
|move|p1a: Claydol|Earth Power|p2a: Camerupt
|-supereffective|p2a: Camerupt
|-damage|p2a: Camerupt|121\/343
|move|p2a: Camerupt|Toxic|p1a: Claydol|[miss]
|-miss|p2a: Camerupt|p1a: Claydol
|
|-heal|p1a: Claydol|261\/261|[from] item: Leftovers
|turn|22
|choice|move earthpower|move toxic
|
|move|p1a: Claydol|Earth Power|p2a: Camerupt
|-supereffective|p2a: Camerupt
|-damage|p2a: Camerupt|0 fnt
|faint|p2a: Camerupt
|
|choice||switch 5
|
|switch|p2a: Alomomola|Alomomola, M|501\/501
|turn|23
|choice|move stealthrock|move toxic
|
|move|p1a: Claydol|Stealth Rock|p2a: Alomomola
|-sidestart|p2: StellaStar|move: Stealth Rock
|move|p2a: Alomomola|Toxic|p1a: Claydol
|-status|p1a: Claydol|tox
|
|-damage|p1a: Claydol|245\/261 tox|[from] psn
|turn|24
|choice|move rapidspin|move scald
|
|move|p1a: Claydol|Rapid Spin|p2a: Alomomola
|-damage|p2a: Alomomola|492\/501
|-sideend|p1: HelioFell|Stealth Rock|[from] move: Rapid Spin|[of] p1a: Claydol
|move|p2a: Alomomola|Scald|p1a: Claydol
|-supereffective|p1a: Claydol
|-damage|p1a: Claydol|173\/261 tox
|
|-heal|p1a: Claydol|189\/261 tox|[from] item: Leftovers
|-damage|p1a: Claydol|157\/261 tox|[from] psn
|turn|25
|choice|move psychic|switch 6
|
|switch|p2a: Ambipom|Ambipom, F|291\/291
|-damage|p2a: Ambipom|255\/291|[from] Stealth Rock
|move|p1a: Claydol|Psychic|p2a: Ambipom
|-damage|p2a: Ambipom|99\/291
|-unboost|p2a: Ambipom|spd|1
|
|-heal|p1a: Claydol|173\/261 tox|[from] item: Leftovers
|-damage|p1a: Claydol|125\/261 tox|[from] psn
|turn|26
|choice|switch 3|move fakeout
|
|switch|p1a: Gallade|Gallade, M, shiny|262\/277
|move|p2a: Ambipom|Fake Out|p1a: Gallade
|-damage|p1a: Gallade|162\/277
|
|turn|27
|choice|move drainpunch|move poweruppunch
|
|move|p2a: Ambipom|Power-Up Punch|p1a: Gallade
|-resisted|p1a: Gallade
|-damage|p1a: Gallade|128\/277
|-boost|p2a: Ambipom|atk|1
|move|p1a: Gallade|Drain Punch|p2a: Ambipom
|-supereffective|p2a: Ambipom
|-damage|p2a: Ambipom|0 fnt
|-heal|p1a: Gallade|178\/277|[from] drain|[of] p2a: Ambipom
|faint|p2a: Ambipom
|
|choice||switch 3
|
|switch|p2a: Clawitzer|Clawitzer, F|283\/283
|-damage|p2a: Clawitzer|248\/283|[from] Stealth Rock
|turn|28
|choice|move drainpunch|move scald
|
|move|p2a: Clawitzer|Scald|p1a: Gallade
|-damage|p1a: Gallade|103\/277
|move|p1a: Gallade|Drain Punch|p2a: Clawitzer
|-damage|p2a: Clawitzer|80\/283
|-heal|p1a: Gallade|187\/277|[from] drain|[of] p2a: Clawitzer
|
|turn|29
|choice|move drainpunch|move scald
|
|move|p2a: Clawitzer|Scald|p1a: Gallade
|-damage|p1a: Gallade|117\/277
|move|p1a: Gallade|Drain Punch|p2a: Clawitzer
|-damage|p2a: Clawitzer|0 fnt
|-heal|p1a: Gallade|157\/277|[from] drain|[of] p2a: Clawitzer
|faint|p2a: Clawitzer
|
|choice||switch 6
|
|switch|p2a: Alomomola|Alomomola, M|501\/501
|-damage|p2a: Alomomola|439\/501|[from] Stealth Rock
|turn|30
|choice|move drainpunch|move wish
|
|move|p1a: Gallade|Drain Punch|p2a: Alomomola
|-damage|p2a: Alomomola|298\/501
|-heal|p1a: Gallade|228\/277|[from] drain|[of] p2a: Alomomola
|move|p2a: Alomomola|Wish|p2a: Alomomola
|
|turn|31
|choice|move psychocut|move toxic
|
|move|p1a: Gallade|Psycho Cut|p2a: Alomomola
|-damage|p2a: Alomomola|163\/501
|move|p2a: Alomomola|Toxic|p1a: Gallade
|-status|p1a: Gallade|tox
|
|-heal|p2a: Alomomola|413\/501|[from] move: Wish|[wisher] Alomomola
|-damage|p1a: Gallade|211\/277 tox|[from] psn
|turn|32
|choice|move drainpunch|move wish
|
|move|p1a: Gallade|Drain Punch|p2a: Alomomola
|-damage|p2a: Alomomola|269\/501
|-heal|p1a: Gallade|277\/277 tox|[from] drain|[of] p2a: Alomomola
|move|p2a: Alomomola|Wish|p2a: Alomomola
|
|-damage|p1a: Gallade|243\/277 tox|[from] psn
|turn|33
|choice|move drainpunch|move scald
|
|move|p1a: Gallade|Drain Punch|p2a: Alomomola
|-damage|p2a: Alomomola|137\/501
|-heal|p1a: Gallade|277\/277 tox|[from] drain|[of] p2a: Alomomola
|move|p2a: Alomomola|Scald|p1a: Gallade
|-crit|p1a: Gallade
|-damage|p1a: Gallade|237\/277 tox
|
|-heal|p2a: Alomomola|387\/501|[from] move: Wish|[wisher] Alomomola
|-damage|p1a: Gallade|186\/277 tox|[from] psn
|turn|34
|choice|move drainpunch|move wish
|
|move|p1a: Gallade|Drain Punch|p2a: Alomomola
|-damage|p2a: Alomomola|263\/501
|-heal|p1a: Gallade|248\/277 tox|[from] drain|[of] p2a: Alomomola
|move|p2a: Alomomola|Wish|p2a: Alomomola
|
|-damage|p1a: Gallade|180\/277 tox|[from] psn
|turn|35
|choice|move drainpunch|move protect
|
|move|p2a: Alomomola|Protect|p2a: Alomomola
|-singleturn|p2a: Alomomola|Protect
|move|p1a: Gallade|Drain Punch|p2a: Alomomola
|-activate|p2a: Alomomola|move: Protect
|
|-heal|p2a: Alomomola|501\/501|[from] move: Wish|[wisher] Alomomola
|-damage|p1a: Gallade|95\/277 tox|[from] psn
|turn|36
|choice|switch 4|move wish
|
|switch|p1a: Drapion|Drapion, M|281\/281
|move|p2a: Alomomola|Wish|p2a: Alomomola
|
|turn|37
|choice|move swordsdance|move scald
|
|move|p1a: Drapion|Swords Dance|p1a: Drapion
|-boost|p1a: Drapion|atk|2
|move|p2a: Alomomola|Scald|p1a: Drapion
|-damage|p1a: Drapion|217\/281
|
|turn|38
|choice|move crosspoison|move scald
|
|move|p1a: Drapion|Cross Poison|p2a: Alomomola
|-crit|p2a: Alomomola
|-damage|p2a: Alomomola|180\/501
|move|p2a: Alomomola|Scald|p1a: Drapion
|-damage|p1a: Drapion|154\/281
|-status|p1a: Drapion|brn
|
|-damage|p1a: Drapion|119\/281 brn|[from] brn
|turn|39
|choice|move crosspoison|move wish
|
|move|p1a: Drapion|Cross Poison|p2a: Alomomola
|-crit|p2a: Alomomola
|-damage|p2a: Alomomola|24\/501
|move|p2a: Alomomola|Wish|p2a: Alomomola
|
|-damage|p1a: Drapion|84\/281 brn|[from] brn
|turn|40
|choice|move swordsdance|move protect
|
|move|p2a: Alomomola|Protect|p2a: Alomomola
|-singleturn|p2a: Alomomola|Protect
|move|p1a: Drapion|Swords Dance|p1a: Drapion
|-boost|p1a: Drapion|atk|2
|
|-heal|p2a: Alomomola|274\/501|[from] move: Wish|[wisher] Alomomola
|-damage|p1a: Drapion|49\/281 brn|[from] brn
|turn|41
|choice|move crosspoison|move wish
|
|move|p1a: Drapion|Cross Poison|p2a: Alomomola
|-crit|p2a: Alomomola
|-damage|p2a: Alomomola|54\/501
|-status|p2a: Alomomola|psn
|move|p2a: Alomomola|Wish|p2a: Alomomola
|
|-damage|p1a: Drapion|14\/281 brn|[from] brn
|-damage|p2a: Alomomola|0 fnt|[from] psn
|faint|p2a: Alomomola
|
|win|HelioFell
|player|p1
|player|p2
|raw|HelioFell's rating: 1141 &rarr; <strong>1160<\/strong><br \/>(+19 for winning)
|raw|StellaStar's rating: 1064 &rarr; <strong>1049<\/strong><br \/>(-15 for losing)
|c|★StellaStar|3 fucking crits + poison ofc</script>
</div>
<div class="battle-log battle-log-inline"><div class="inner"><div class="battle-options"></div><div class="inner"><div class="chat"><small>HelioFell joined.</small></div><div class="chat"><small>StellaStar joined.</small></div><div class=""><small>Format:</small> <br><strong>RU</strong></div><div class="rated"><strong>Rated battle</strong></div><div class=""><small><em>Sleep Clause Mod:</em> Limit one foe put to sleep</small></div><div class=""><small><em>Species Clause:</em> Limit one of each Pokémon</small></div><div class=""><small><em>OHKO Clause:</em> OHKO moves are banned</small></div><div class=""><small><em>Moody Clause:</em> Moody is banned</small></div><div class=""><small><em>Evasion Moves Clause:</em> Evasion moves are banned</small></div><div class=""><small><em>Endless Battle Clause:</em> Forcing endless battles is banned</small></div><div class=""><small><em>HP Percentage Mod:</em> HP is shown in percentages</small></div><div class=""><small><em>Swagger Clause:</em> Swagger is banned</small></div><div class=""><small><em>Baton Pass Clause:</em> Limit one Baton Passer, can't pass Spe and other stats simultaneously</small></div><div class="chat battle-history"><strong>HelioFell's team:</strong> <em style="color:#445566;display:block;">Drapion / Gourgeist-* / Gallade / Claydol / Miltank / Alomomola</em></div><div class="chat battle-history"><strong>StellaStar's team:</strong> <em style="color:#445566;display:block;">Accelgor / Ambipom / Bronzong / Clawitzer / Alomomola / Camerupt</em></div><div class="spacer battle-history"><br></div><div class="battle-history">Battle started between HelioFell and StellaStar!<br></div><div class="spacer battle-history"><br></div><div class="battle-history">Go! <strong>Claydol</strong>!<br></div><div class="spacer battle-history"><br></div><div class="battle-history">StellaStar sent out <strong>Ambipom</strong>!<br></div><div class="spacer battle-history"><br></div><h2 class="battle-history">Turn 1</h2><div class="spacer battle-history"><br></div><div class="battle-history">Claydol, come back!<br></div><div class="battle-history">Go! Gourgeist (<strong>Gourgeist-Super</strong>)!<br></div><div class="battle-history"><small>[Gourgeist's Frisk]</small><br><small>Gourgeist frisked the opposing Ambipom and found its Focus Sash!</small><br></div><div class="spacer battle-history"><br></div><div class="battle-history">The opposing Ambipom used <strong>Fake Out</strong>!<br></div><div class="battle-history"><small>It doesn't affect Gourgeist...</small><br></div><div class="spacer battle-history"><br></div><h2 class="battle-history">Turn 2</h2><div class="spacer battle-history"><br></div><div class="battle-history">StellaStar withdrew Ambipom!<br></div><div class="battle-history">StellaStar sent out <strong>Camerupt</strong>!<br></div><div class="spacer battle-history"><br></div><div class="battle-history">Gourgeist used <strong>Will-O-Wisp</strong>!<br></div><div class="battle-history"><small>It doesn't affect the opposing Camerupt...</small><br></div><div class="spacer battle-history"><br></div><h2 class="battle-history">Turn 3</h2><div class="spacer battle-history"><br></div><div class="battle-history">Gourgeist, come back!<br></div><div class="battle-history">Go! <strong>Gallade</strong>!<br></div><div class="spacer battle-history"><br></div><div class="battle-history"><small>The opposing Camerupt's Cameruptite is reacting to StellaStar's Mega Bracelet!</small><br>The opposing Camerupt has Mega Evolved into Mega Camerupt!<br></div><div class="spacer battle-history"><br></div><div class="battle-history">The opposing Camerupt used <strong>Stealth Rock</strong>!<br></div><div class="battle-history"><small>Pointed stones float in the air around your team!</small><br></div><div class="spacer battle-history"><br></div><h2 class="battle-history">Turn 4</h2><div class="spacer battle-history"><br></div><div class="battle-history">StellaStar withdrew Camerupt!<br></div><div class="battle-history">StellaStar sent out <strong>Bronzong</strong>!<br></div><div class="spacer battle-history"><br></div><div class="battle-history">Gallade used <strong>Drain Punch</strong>!<br></div><div class="battle-history"><small>A critical hit!</small><br></div><div class="battle-history"><small>(The opposing Bronzong lost <abbr title="−204/275">74.2%</abbr> of its health!)</small><br></div><div class="battle-history"><small>Gallade was hurt by the Rocky Helmet!</small><br></div><div class="spacer battle-history"><br></div><h2 class="battle-history">Turn 5</h2><div class="spacer battle-history"><br></div><div class="battle-history">Gallade used <strong>Knock Off</strong>!<br></div><div class="battle-history"><small>It's super effective!</small><br></div><div class="battle-history"><small>(The opposing Bronzong lost <abbr title="−71/275">25.8%</abbr> of its health!)</small><br></div><div class="battle-history"><small>Gallade was hurt by the Rocky Helmet!</small><br></div><div class="battle-history"><small>Gallade knocked off the opposing Bronzong's Rocky Helmet!</small><br></div><div class="spacer battle-history"><br></div><div class="battle-history">The opposing Bronzong fainted!<br></div><div class="spacer battle-history"><br></div><div class="battle-history">StellaStar sent out <strong>Accelgor</strong>!<br></div><div class="spacer battle-history"><br></div><h2 class="battle-history">Turn 6</h2><div class="spacer battle-history"><br></div><div class="battle-history">The opposing Accelgor used <strong>Bug Buzz</strong>!<br></div><div class="battle-history"><small>(Gallade lost <abbr title="−91/277">32.9%</abbr> of its health!)</small><br></div><div class="battle-history"><small>Gallade's Special Defense fell!</small><br></div><div class="battle-history"><small>The opposing Accelgor lost some of its HP!</small><br></div><div class="spacer battle-history"><br></div><div class="battle-history">Gallade used <strong>Drain Punch</strong>!<br></div><div class="battle-history"><small>It's not very effective...</small><br></div><div class="battle-history"><small>(The opposing Accelgor lost <abbr title="−135/301">44.9%</abbr> of its health!)</small><br></div><div class="battle-history"><small>The opposing Accelgor had its energy drained!</small><br></div><div class="spacer battle-history"><br></div><h2 class="battle-history">Turn 7</h2><div class="spacer battle-history"><br></div><div class="battle-history">StellaStar withdrew Accelgor!<br></div><div class="battle-history">StellaStar sent out <strong>Alomomola</strong>!<br></div><div class="spacer battle-history"><br></div><div class="battle-history">Gallade used <strong>Drain Punch</strong>!<br></div><div class="battle-history"><small>(The opposing Alomomola lost <abbr title="−138/501">27.5%</abbr> of its health!)</small><br></div><div class="battle-history"><small>The opposing Alomomola had its energy drained!</small><br></div><div class="spacer battle-history"><br></div><div class="battle-history"><small>The opposing Alomomola restored a little HP using its Leftovers!</small><br></div><div class="spacer battle-history"><br></div><h2 class="battle-history">Turn 8</h2><div class="spacer battle-history"><br></div><div class="battle-history">Gallade used <strong>Knock Off</strong>!<br></div><div class="battle-history"><small>(The opposing Alomomola lost <abbr title="−123/501">24.6%</abbr> of its health!)</small><br></div><div class="battle-history"><small>Gallade knocked off the opposing Alomomola's Leftovers!</small><br></div><div class="spacer battle-history"><br></div><div class="battle-history">The opposing Alomomola used <strong>Wish</strong>!<br></div><div class="spacer battle-history"><br></div><h2 class="battle-history">Turn 9</h2><div class="spacer battle-history"><br></div><div class="battle-history">Gallade used <strong>Psycho Cut</strong>!<br></div><div class="battle-history"><small>(The opposing Alomomola lost <abbr title="−126/501">25.1%</abbr> of its health!)</small><br></div><div class="spacer battle-history"><br></div><div class="battle-history">The opposing Alomomola used <strong>Scald</strong>!<br></div><div class="battle-history"><small>(Gallade lost <abbr title="−39/277">14.1%</abbr> of its health!)</small><br></div><div class="spacer battle-history"><br></div><div class="battle-history"><small>Alomomola's wish came true!</small><br></div><div class="spacer battle-history"><br></div><h2 class="battle-history">Turn 10</h2><div class="spacer battle-history"><br></div><div class="battle-history">Gallade used <strong>Drain Punch</strong>!<br></div><div class="battle-history"><small>(The opposing Alomomola lost <abbr title="−139/501">27.7%</abbr> of its health!)</small><br></div><div class="battle-history"><small>The opposing Alomomola had its energy drained!</small><br></div><div class="spacer battle-history"><br></div><div class="battle-history">The opposing Alomomola used <strong>Wish</strong>!<br></div><div class="spacer battle-history"><br></div><h2 class="battle-history">Turn 11</h2><div class="spacer battle-history"><br></div><div class="battle-history">Gallade, come back!<br></div><div class="battle-history">Go! Gourgeist (<strong>Gourgeist-Super</strong>)!<br></div><div class="battle-history"><small>Pointed stones dug into Gourgeist!</small><br></div><div class="spacer battle-history"><br></div><div class="battle-history">The opposing Alomomola used <strong>Toxic</strong>!<br></div><div class="battle-history"><small>Gourgeist was badly poisoned!</small><br></div><div class="spacer battle-history"><br></div><div class="battle-history"><small>Alomomola's wish came true!</small><br></div><div class="battle-history"><small>Gourgeist was hurt by poison!</small><br></div><div class="spacer battle-history"><br></div><h2 class="battle-history">Turn 12</h2><div class="spacer battle-history"><br></div><div class="battle-history">The opposing Alomomola used <strong>Protect</strong>!<br></div><div class="battle-history"><small>The opposing Alomomola protected itself!</small><br></div><div class="spacer battle-history"><br></div><div class="battle-history">Gourgeist used <strong>Leech Seed</strong>!<br></div><div class="battle-history"><small>The opposing Alomomola protected itself!</small><br></div><div class="spacer battle-history"><br></div><div class="battle-history"><small>Gourgeist was hurt by poison!</small><br></div><div class="spacer battle-history"><br></div><h2 class="battle-history">Turn 13</h2><div class="spacer battle-history"><br></div><div class="battle-history">StellaStar withdrew Alomomola!<br></div><div class="battle-history">StellaStar sent out <strong>Accelgor</strong>!<br></div><div class="spacer battle-history"><br></div><div class="battle-history">Gourgeist, come back!<br></div><div class="battle-history">Go! <strong>Miltank</strong>!<br></div><div class="battle-history"><small>Pointed stones dug into Miltank!</small><br></div><div class="spacer battle-history"><br></div><h2 class="battle-history">Turn 14</h2><div class="spacer battle-history"><br></div><div class="battle-history">The opposing Accelgor used <strong>Focus Blast</strong>!<br></div><div class="battle-history"><small>It's super effective!</small><br></div><div class="battle-history"><small>(Miltank lost <abbr title="−345/394">87.6%</abbr> of its health!)</small><br></div><div class="battle-history"><small>The opposing Accelgor lost some of its HP!</small><br></div><div class="spacer battle-history"><br></div><div class="battle-history">Miltank fainted!<br></div><div class="spacer battle-history"><br></div><div class="battle-history">Go! <strong>Alomomola</strong>!<br></div><div class="battle-history"><small>Pointed stones dug into Alomomola!</small><br></div><div class="spacer battle-history"><br></div><h2 class="battle-history">Turn 15</h2><div class="spacer battle-history"><br></div><div class="battle-history">The opposing Accelgor used <strong>Energy Ball</strong>!<br></div><div class="battle-history"><small>It's super effective!</small><br></div><div class="battle-history"><small>(Alomomola lost <abbr title="−455/534">85.2%</abbr> of its health!)</small><br></div><div class="battle-history"><small>The opposing Accelgor lost some of its HP!</small><br></div><div class="spacer battle-history"><br></div><div class="battle-history">Alomomola used <strong>Waterfall</strong>!<br></div><div class="battle-history"><small>(The opposing Accelgor lost <abbr title="−76/301">25.2%</abbr> of its health!)</small><br></div><div class="spacer battle-history"><br></div><div class="battle-history">The opposing Accelgor fainted!<br></div><div class="spacer battle-history"><br></div><div class="battle-history"><small>Alomomola restored a little HP using its Leftovers!</small><br></div><div class="spacer battle-history"><br></div><div class="battle-history">StellaStar sent out <strong>Clawitzer</strong>!<br></div><div class="spacer battle-history"><br></div><h2 class="battle-history">Turn 16</h2><div class="spacer battle-history"><br></div><div class="battle-history">Alomomola, come back!<br></div><div class="battle-history">Go! Gourgeist (<strong>Gourgeist-Super</strong>)!<br></div><div class="battle-history"><small>Pointed stones dug into Gourgeist!</small><br></div><div class="battle-history"><small>[Gourgeist's Frisk]</small><br><small>Gourgeist frisked the opposing Clawitzer and found its Choice Scarf!</small><br></div><div class="spacer battle-history"><br></div><div class="battle-history">The opposing Clawitzer used <strong>Scald</strong>!<br></div><div class="battle-history"><small>It's not very effective...</small><br></div><div class="battle-history"><small>(Gourgeist lost <abbr title="−72/334">21.6%</abbr> of its health!)</small><br></div><div class="spacer battle-history"><br></div><div class="battle-history"><small>Gourgeist was hurt by poison!</small><br></div><div class="spacer battle-history"><br></div><h2 class="battle-history">Turn 17</h2><div class="spacer battle-history"><br></div><div class="battle-history">StellaStar withdrew Clawitzer!<br></div><div class="battle-history">StellaStar sent out Camerupt (<strong>Camerupt-Mega</strong>)!<br></div><div class="spacer battle-history"><br></div><div class="battle-history">Gourgeist used <strong>Leech Seed</strong>!<br></div><div class="battle-history"><small>The opposing Camerupt was seeded!</small><br></div><div class="spacer battle-history"><br></div><div class="battle-history"><small>The opposing Camerupt's health is sapped by Leech Seed!</small><br></div><div class="battle-history"><small>Gourgeist was hurt by poison!</small><br></div><div class="spacer battle-history"><br></div><h2 class="battle-history">Turn 18</h2><div class="spacer battle-history"><br></div><div class="battle-history">Gourgeist used <strong>Phantom Force</strong>!<br></div><div class="battle-history">Gourgeist vanished instantly!<br></div><div class="spacer battle-history"><br></div><div class="battle-history">The opposing Camerupt used <strong>Earth Power</strong>!<br></div><div class="battle-history"><small>Gourgeist avoided the attack!</small><br></div><div class="spacer battle-history"><br></div><div class="battle-history"><small>The opposing Camerupt's health is sapped by Leech Seed!</small><br></div><div class="battle-history"><small>Gourgeist was hurt by poison!</small><br></div><div class="spacer battle-history"><br></div><h2 class="battle-history">Turn 19</h2><div class="spacer battle-history"><br></div><div class="battle-history">StellaStar withdrew Camerupt!<br></div><div class="battle-history">StellaStar sent out <strong>Ambipom</strong>!<br></div><div class="spacer battle-history"><br></div><div class="battle-history">Gourgeist used <strong>Phantom Force</strong>!<br></div><div class="battle-history"><small>It doesn't affect the opposing Ambipom...</small><br></div><div class="spacer battle-history"><br></div><div class="battle-history"><small>Gourgeist was hurt by poison!</small><br></div><div class="spacer battle-history"><br></div><h2 class="battle-history">Turn 20</h2><div class="spacer battle-history"><br></div><div class="battle-history">StellaStar withdrew Ambipom!<br></div><div class="battle-history">StellaStar sent out Camerupt (<strong>Camerupt-Mega</strong>)!<br></div><div class="spacer battle-history"><br></div><div class="battle-history">Gourgeist used <strong>Will-O-Wisp</strong>!<br></div><div class="battle-history"><small>It doesn't affect the opposing Camerupt...</small><br></div><div class="spacer battle-history"><br></div><div class="battle-history"><small>Gourgeist was hurt by poison!</small><br></div><div class="spacer battle-history"><br></div><div class="battle-history">Gourgeist fainted!<br></div><div class="spacer battle-history"><br></div><div class="battle-history">Go! <strong>Claydol</strong>!<br></div><div class="battle-history"><small>Pointed stones dug into Claydol!</small><br></div><div class="spacer battle-history"><br></div><h2 class="battle-history">Turn 21</h2><div class="spacer battle-history"><br></div><div class="battle-history">Claydol used <strong>Earth Power</strong>!<br></div><div class="battle-history"><small>It's super effective!</small><br></div><div class="battle-history"><small>(The opposing Camerupt lost <abbr title="−138/343">40.2%</abbr> of its health!)</small><br></div><div class="spacer battle-history"><br></div><div class="battle-history">The opposing Camerupt used <strong>Toxic</strong>!<br></div><div class="battle-history"><small>Claydol avoided the attack!</small><br></div><div class="spacer battle-history"><br></div><div class="battle-history"><small>Claydol restored a little HP using its Leftovers!</small><br></div><div class="spacer battle-history"><br></div><h2 class="battle-history">Turn 22</h2><div class="spacer battle-history"><br></div><div class="battle-history">Claydol used <strong>Earth Power</strong>!<br></div><div class="battle-history"><small>It's super effective!</small><br></div><div class="battle-history"><small>(The opposing Camerupt lost <abbr title="−121/343">35.3%</abbr> of its health!)</small><br></div><div class="spacer battle-history"><br></div><div class="battle-history">The opposing Camerupt fainted!<br></div><div class="spacer battle-history"><br></div><div class="battle-history">StellaStar sent out <strong>Alomomola</strong>!<br></div><div class="spacer battle-history"><br></div><h2 class="battle-history">Turn 23</h2><div class="spacer battle-history"><br></div><div class="battle-history">Claydol used <strong>Stealth Rock</strong>!<br></div><div class="battle-history"><small>Pointed stones float in the air around the opposing team!</small><br></div><div class="spacer battle-history"><br></div><div class="battle-history">The opposing Alomomola used <strong>Toxic</strong>!<br></div><div class="battle-history"><small>Claydol was badly poisoned!</small><br></div><div class="spacer battle-history"><br></div><div class="battle-history"><small>Claydol was hurt by poison!</small><br></div><div class="spacer battle-history"><br></div><h2 class="battle-history">Turn 24</h2><div class="spacer battle-history"><br></div><div class="battle-history">Claydol used <strong>Rapid Spin</strong>!<br></div><div class="battle-history"><small>(The opposing Alomomola lost <abbr title="−9/501">1.8%</abbr> of its health!)</small><br></div><div class="battle-history"><small>The pointed stones disappeared from around your team!</small><br></div><div class="spacer battle-history"><br></div><div class="battle-history">The opposing Alomomola used <strong>Scald</strong>!<br></div><div class="battle-history"><small>It's super effective!</small><br></div><div class="battle-history"><small>(Claydol lost <abbr title="−72/261">27.6%</abbr> of its health!)</small><br></div><div class="spacer battle-history"><br></div><div class="battle-history"><small>Claydol restored a little HP using its Leftovers!</small><br></div><div class="battle-history"><small>Claydol was hurt by poison!</small><br></div><div class="spacer battle-history"><br></div><h2 class="battle-history">Turn 25</h2><div class="spacer battle-history"><br></div><div class="battle-history">StellaStar withdrew Alomomola!<br></div><div class="battle-history">StellaStar sent out <strong>Ambipom</strong>!<br></div><div class="battle-history"><small>Pointed stones dug into the opposing Ambipom!</small><br></div><div class="spacer battle-history"><br></div><div class="battle-history">Claydol used <strong>Psychic</strong>!<br></div><div class="battle-history"><small>(The opposing Ambipom lost <abbr title="−156/291">53.6%</abbr> of its health!)</small><br></div><div class="battle-history"><small>The opposing Ambipom's Special Defense fell!</small><br></div><div class="spacer battle-history"><br></div><div class="battle-history"><small>Claydol restored a little HP using its Leftovers!</small><br></div><div class="battle-history"><small>Claydol was hurt by poison!</small><br></div><div class="spacer battle-history"><br></div><h2 class="battle-history">Turn 26</h2><div class="spacer battle-history"><br></div><div class="battle-history">Claydol, come back!<br></div><div class="battle-history">Go! <strong>Gallade</strong>!<br></div><div class="spacer battle-history"><br></div><div class="battle-history">The opposing Ambipom used <strong>Fake Out</strong>!<br></div><div class="battle-history"><small>(Gallade lost <abbr title="−100/277">36.1%</abbr> of its health!)</small><br></div><div class="spacer battle-history"><br></div><h2 class="battle-history">Turn 27</h2><div class="spacer battle-history"><br></div><div class="battle-history">The opposing Ambipom used <strong>Power-Up Punch</strong>!<br></div><div class="battle-history"><small>It's not very effective...</small><br></div><div class="battle-history"><small>(Gallade lost <abbr title="−34/277">12.3%</abbr> of its health!)</small><br></div><div class="battle-history"><small>The opposing Ambipom's Attack rose!</small><br></div><div class="spacer battle-history"><br></div><div class="battle-history">Gallade used <strong>Drain Punch</strong>!<br></div><div class="battle-history"><small>It's super effective!</small><br></div><div class="battle-history"><small>(The opposing Ambipom lost <abbr title="−99/291">34.0%</abbr> of its health!)</small><br></div><div class="battle-history"><small>The opposing Ambipom had its energy drained!</small><br></div><div class="spacer battle-history"><br></div><div class="battle-history">The opposing Ambipom fainted!<br></div><div class="spacer battle-history"><br></div><div class="battle-history">StellaStar sent out <strong>Clawitzer</strong>!<br></div><div class="battle-history"><small>Pointed stones dug into the opposing Clawitzer!</small><br></div><div class="spacer battle-history"><br></div><h2 class="battle-history">Turn 28</h2><div class="spacer battle-history"><br></div><div class="battle-history">The opposing Clawitzer used <strong>Scald</strong>!<br></div><div class="battle-history"><small>(Gallade lost <abbr title="−75/277">27.1%</abbr> of its health!)</small><br></div><div class="spacer battle-history"><br></div><div class="battle-history">Gallade used <strong>Drain Punch</strong>!<br></div><div class="battle-history"><small>(The opposing Clawitzer lost <abbr title="−168/283">59.4%</abbr> of its health!)</small><br></div><div class="battle-history"><small>The opposing Clawitzer had its energy drained!</small><br></div><div class="spacer battle-history"><br></div><h2 class="battle-history">Turn 29</h2><div class="spacer battle-history"><br></div><div class="battle-history">The opposing Clawitzer used <strong>Scald</strong>!<br></div><div class="battle-history"><small>(Gallade lost <abbr title="−70/277">25.3%</abbr> of its health!)</small><br></div><div class="spacer battle-history"><br></div><div class="battle-history">Gallade used <strong>Drain Punch</strong>!<br></div><div class="battle-history"><small>(The opposing Clawitzer lost <abbr title="−80/283">28.3%</abbr> of its health!)</small><br></div><div class="battle-history"><small>The opposing Clawitzer had its energy drained!</small><br></div><div class="spacer battle-history"><br></div><div class="battle-history">The opposing Clawitzer fainted!<br></div><div class="spacer battle-history"><br></div><div class="battle-history">StellaStar sent out <strong>Alomomola</strong>!<br></div><div class="battle-history"><small>Pointed stones dug into the opposing Alomomola!</small><br></div><div class="spacer battle-history"><br></div><h2 class="battle-history">Turn 30</h2><div class="spacer battle-history"><br></div><div class="battle-history">Gallade used <strong>Drain Punch</strong>!<br></div><div class="battle-history"><small>(The opposing Alomomola lost <abbr title="−141/501">28.1%</abbr> of its health!)</small><br></div><div class="battle-history"><small>The opposing Alomomola had its energy drained!</small><br></div><div class="spacer battle-history"><br></div><div class="battle-history">The opposing Alomomola used <strong>Wish</strong>!<br></div><div class="spacer battle-history"><br></div><h2 class="battle-history">Turn 31</h2><div class="spacer battle-history"><br></div><div class="battle-history">Gallade used <strong>Psycho Cut</strong>!<br></div><div class="battle-history"><small>(The opposing Alomomola lost <abbr title="−135/501">26.9%</abbr> of its health!)</small><br></div><div class="spacer battle-history"><br></div><div class="battle-history">The opposing Alomomola used <strong>Toxic</strong>!<br></div><div class="battle-history"><small>Gallade was badly poisoned!</small><br></div><div class="spacer battle-history"><br></div><div class="battle-history"><small>Alomomola's wish came true!</small><br></div><div class="battle-history"><small>Gallade was hurt by poison!</small><br></div><div class="spacer battle-history"><br></div><h2 class="battle-history">Turn 32</h2><div class="spacer battle-history"><br></div><div class="battle-history">Gallade used <strong>Drain Punch</strong>!<br></div><div class="battle-history"><small>(The opposing Alomomola lost <abbr title="−144/501">28.7%</abbr> of its health!)</small><br></div><div class="battle-history"><small>The opposing Alomomola had its energy drained!</small><br></div><div class="spacer battle-history"><br></div><div class="battle-history">The opposing Alomomola used <strong>Wish</strong>!<br></div><div class="spacer battle-history"><br></div><div class="battle-history"><small>Gallade was hurt by poison!</small><br></div><div class="spacer battle-history"><br></div><h2 class="battle-history">Turn 33</h2><div class="spacer battle-history"><br></div><div class="battle-history">Gallade used <strong>Drain Punch</strong>!<br></div><div class="battle-history"><small>(The opposing Alomomola lost <abbr title="−132/501">26.3%</abbr> of its health!)</small><br></div><div class="battle-history"><small>The opposing Alomomola had its energy drained!</small><br></div><div class="spacer battle-history"><br></div><div class="battle-history">The opposing Alomomola used <strong>Scald</strong>!<br></div><div class="battle-history"><small>A critical hit!</small><br></div><div class="battle-history"><small>(Gallade lost <abbr title="−40/277">14.4%</abbr> of its health!)</small><br></div><div class="spacer battle-history"><br></div><div class="battle-history"><small>Alomomola's wish came true!</small><br></div><div class="battle-history"><small>Gallade was hurt by poison!</small><br></div><div class="spacer battle-history"><br></div><h2 class="battle-history">Turn 34</h2><div class="spacer battle-history"><br></div><div class="battle-history">Gallade used <strong>Drain Punch</strong>!<br></div><div class="battle-history"><small>(The opposing Alomomola lost <abbr title="−124/501">24.8%</abbr> of its health!)</small><br></div><div class="battle-history"><small>The opposing Alomomola had its energy drained!</small><br></div><div class="spacer battle-history"><br></div><div class="battle-history">The opposing Alomomola used <strong>Wish</strong>!<br></div><div class="spacer battle-history"><br></div><div class="battle-history"><small>Gallade was hurt by poison!</small><br></div><div class="spacer battle-history"><br></div><h2 class="battle-history">Turn 35</h2><div class="spacer battle-history"><br></div><div class="battle-history">The opposing Alomomola used <strong>Protect</strong>!<br></div><div class="battle-history"><small>The opposing Alomomola protected itself!</small><br></div><div class="spacer battle-history"><br></div><div class="battle-history">Gallade used <strong>Drain Punch</strong>!<br></div><div class="battle-history"><small>The opposing Alomomola protected itself!</small><br></div><div class="spacer battle-history"><br></div><div class="battle-history"><small>Alomomola's wish came true!</small><br></div><div class="battle-history"><small>Gallade was hurt by poison!</small><br></div><div class="spacer battle-history"><br></div><h2 class="battle-history">Turn 36</h2><div class="spacer battle-history"><br></div><div class="battle-history">Gallade, come back!<br></div><div class="battle-history">Go! <strong>Drapion</strong>!<br></div><div class="spacer battle-history"><br></div><div class="battle-history">The opposing Alomomola used <strong>Wish</strong>!<br></div><div class="spacer battle-history"><br></div><h2 class="battle-history">Turn 37</h2><div class="spacer battle-history"><br></div><div class="battle-history">Drapion used <strong>Swords Dance</strong>!<br></div><div class="battle-history"><small>Drapion's Attack rose sharply!</small><br></div><div class="spacer battle-history"><br></div><div class="battle-history">The opposing Alomomola used <strong>Scald</strong>!<br></div><div class="battle-history"><small>(Drapion lost <abbr title="−64/281">22.8%</abbr> of its health!)</small><br></div><div class="spacer battle-history"><br></div><h2 class="battle-history">Turn 38</h2><div class="spacer battle-history"><br></div><div class="battle-history">Drapion used <strong>Cross Poison</strong>!<br></div><div class="battle-history"><small>A critical hit!</small><br></div><div class="battle-history"><small>(The opposing Alomomola lost <abbr title="−321/501">64.1%</abbr> of its health!)</small><br></div><div class="spacer battle-history"><br></div><div class="battle-history">The opposing Alomomola used <strong>Scald</strong>!<br></div><div class="battle-history"><small>(Drapion lost <abbr title="−63/281">22.4%</abbr> of its health!)</small><br></div><div class="battle-history"><small>Drapion was burned!</small><br></div><div class="spacer battle-history"><br></div><div class="battle-history"><small>Drapion was hurt by its burn!</small><br></div><div class="spacer battle-history"><br></div><h2 class="battle-history">Turn 39</h2><div class="spacer battle-history"><br></div><div class="battle-history">Drapion used <strong>Cross Poison</strong>!<br></div><div class="battle-history"><small>A critical hit!</small><br></div><div class="battle-history"><small>(The opposing Alomomola lost <abbr title="−156/501">31.1%</abbr> of its health!)</small><br></div><div class="spacer battle-history"><br></div><div class="battle-history">The opposing Alomomola used <strong>Wish</strong>!<br></div><div class="spacer battle-history"><br></div><div class="battle-history"><small>Drapion was hurt by its burn!</small><br></div><div class="spacer battle-history"><br></div><h2 class="battle-history">Turn 40</h2><div class="spacer battle-history"><br></div><div class="battle-history">The opposing Alomomola used <strong>Protect</strong>!<br></div><div class="battle-history"><small>The opposing Alomomola protected itself!</small><br></div><div class="spacer battle-history"><br></div><div class="battle-history">Drapion used <strong>Swords Dance</strong>!<br></div><div class="battle-history"><small>Drapion's Attack rose sharply!</small><br></div><div class="spacer battle-history"><br></div><div class="battle-history"><small>Alomomola's wish came true!</small><br></div><div class="battle-history"><small>Drapion was hurt by its burn!</small><br></div><div class="spacer battle-history"><br></div><h2 class="battle-history">Turn 41</h2><div class="spacer battle-history"><br></div><div class="battle-history">Drapion used <strong>Cross Poison</strong>!<br></div><div class="battle-history"><small>A critical hit!</small><br></div><div class="battle-history"><small>(The opposing Alomomola lost <abbr title="−220/501">43.9%</abbr> of its health!)</small><br></div><div class="battle-history"><small>The opposing Alomomola was poisoned!</small><br></div><div class="spacer battle-history"><br></div><div class="battle-history">The opposing Alomomola used <strong>Wish</strong>!<br></div><div class="spacer battle-history"><br></div><div class="battle-history"><small>Drapion was hurt by its burn!</small><br></div><div class="battle-history"><small>The opposing Alomomola was hurt by poison!</small><br></div><div class="spacer battle-history"><br></div><div class="battle-history">The opposing Alomomola fainted!<br></div><div class="spacer battle-history"><br></div><div class="battle-history"><strong>HelioFell</strong> won the battle!<br></div><div class="chat">HelioFell's rating: 1141 → <strong>1160</strong><br>(+19 for winning)</div><div class="chat">StellaStar's rating: 1064 → <strong>1049</strong><br>(-15 for losing)</div><div class="chat chatmessage-stellastar"><strong style="color:hsl(71,72%,35.91768330386886%)"><small>★</small><span class="username" data-name="StellaStar">StellaStar</span>:</strong> <em>3 fucking crits + poison ofc</em></div></div><div class="inner-preempt"></div></div></div>
</div>
<script>
let daily = Math.floor(Date.now()/1000/60/60/24);document.write('<script src="https://play.pokemonshowdown.com/js/replay-embed.js?version'+daily+'"></'+'script>');
</script>
