<!DOCTYPE html>
<meta charset="utf-8" />
<!-- version 1 -->
<title>RU replay: parivard☎☀️ vs. emptybottle</title>
<style>
html,body {font-family:Verdana, sans-serif;font-size:10pt;margin:0;padding:0;}body{padding:12px 0;} .battle-log {font-family:Verdana, sans-serif;font-size:10pt;} .battle-log-inline {border:1px solid #AAAAAA;background:#EEF2F5;color:black;max-width:640px;margin:0 auto 80px;padding-bottom:5px;} .battle-log .inner {padding:4px 8px 0px 8px;} .battle-log .inner-preempt {padding:0 8px 4px 8px;} .battle-log .inner-after {margin-top:0.5em;} .battle-log h2 {margin:0.5em -8px;padding:4px 8px;border:1px solid #AAAAAA;background:#E0E7EA;border-left:0;border-right:0;font-family:Verdana, sans-serif;font-size:13pt;} .battle-log .chat {vertical-align:middle;padding:3px 0 3px 0;font-size:8pt;} .battle-log .chat strong {color:#40576A;} .battle-log .chat em {padding:1px 4px 1px 3px;color:#000000;font-style:normal;} .chat.mine {background:rgba(0,0,0,0.05);margin-left:-8px;margin-right:-8px;padding-left:8px;padding-right:8px;} .spoiler {color:#BBBBBB;background:#BBBBBB;padding:0px 3px;} .spoiler:hover, .spoiler:active, .spoiler-shown {color:#000000;background:#E2E2E2;padding:0px 3px;} .spoiler a {color:#BBBBBB;} .spoiler:hover a, .spoiler:active a, .spoiler-shown a {color:#2288CC;} .chat code, .chat .spoiler:hover code, .chat .spoiler:active code, .chat .spoiler-shown code {border:1px solid #C0C0C0;background:#EEEEEE;color:black;padding:0 2px;} .chat .spoiler code {border:1px solid #CCCCCC;background:#CCCCCC;color:#CCCCCC;} .battle-log .rated {padding:3px 4px;} .battle-log .rated strong {color:white;background:#89A;padding:1px 4px;border-radius:4px;} .spacer {margin-top:0.5em;} .message-announce {background:#6688AA;color:white;padding:1px 4px 2px;} .message-announce a, .broadcast-green a, .broadcast-blue a, .broadcast-red a {color:#DDEEFF;} .broadcast-green {background-color:#559955;color:white;padding:2px 4px;} .broadcast-blue {background-color:#6688AA;color:white;padding:2px 4px;} .infobox {border:1px solid #6688AA;padding:2px 4px;} .infobox-limited {max-height:200px;overflow:auto;overflow-x:hidden;} .broadcast-red {background-color:#AA5544;color:white;padding:2px 4px;} .message-learn-canlearn {font-weight:bold;color:#228822;text-decoration:underline;} .message-learn-cannotlearn {font-weight:bold;color:#CC2222;text-decoration:underline;} .message-effect-weak {font-weight:bold;color:#CC2222;} .message-effect-resist {font-weight:bold;color:#6688AA;} .message-effect-immune {font-weight:bold;color:#666666;} .message-learn-list {margin-top:0;margin-bottom:0;} .message-throttle-notice, .message-error {color:#992222;} .message-overflow, .chat small.message-overflow {font-size:0pt;} .message-overflow::before {font-size:9pt;content:'...';} .subtle {color:#3A4A66;}
</style>
<div class="wrapper replay-wrapper" style="max-width:1180px;margin:0 auto">
<input type="hidden" name="replayid" value="ru-499384747" />
<div class="battle"></div><div class="battle-log"></div><div class="replay-controls"></div><div class="replay-controls-2"></div>
<h1 style="font-weight:normal;text-align:center"><strong>RU</strong><br /><a href="http://pokemonshowdown.com/users/parivard" class="subtle" target="_blank">parivard☎☀️</a> vs. <a href="http://pokemonshowdown.com/users/emptybottle" class="subtle" target="_blank">emptybottle</a></h1>
<script type="text/plain" class="battle-log-data">|j|parivard☎☀️
|j|emptybottle
|j|Stats Bot
|player|p1|parivard☎☀️|143
|player|p2|emptybottle|150
|gametype|singles
|gen|6
|tier|RU
|seed|13649,3890,54501,41943
|rule|Sleep Clause Mod: Limit one foe put to sleep
|rule|Species Clause: Limit one of each Pokémon
|rule|OHKO Clause: OHKO moves are banned
|rule|Moody Clause: Moody is banned
|rule|Evasion Moves Clause: Evasion moves are banned
|rule|Endless Battle Clause: Forcing endless battles is banned
|rule|HP Percentage Mod: HP is shown in percentages
|clearpoke
|poke|p1|Sawk, M|item
|poke|p1|Sneasel, F|item
|poke|p1|Venusaur, F|item
|poke|p1|Diancie|item
|poke|p1|Flygon, F|item
|poke|p1|Slowking, F|item
|poke|p2|Druddigon, M|item
|poke|p2|Liepard, F|item
|poke|p2|Banette, M|item
|poke|p2|Diancie|item
|poke|p2|Hitmontop, M|item
|poke|p2|Qwilfish, M, shiny|item
|rule|Swagger Clause: Swagger is banned
|rule|Baton Pass Clause: Limit one Baton Passer, can't pass Spe and other stats simultaneously
|teampreview
|l|Stats Bot
|j|Eney189
|j|da hawtdawg
|j|Heyimdeath
|j|Azurai_Ototsuki
|j|northnapty
|j|vietanhnk
|j|jujose
|j|BernMoses
|c| Azurai_Ototsuki|Ah.
|j|Goitya
|j|BrunoD173
|c| Eney189|go parivard☎☀️! I know you can win again!
|j|Chorenn
|j|xlv
|l|vietanhnk
|j|PokeTrainerTarioE
|j|Kakashi4
|j|Sebas4906
|c|★parivard☎☀️|\/log Eney189 was promoted to Room Voice by parivard☎☀️.
|c| Heyimdeath|Go parivard
|c| PokeTrainerTarioE|gl
|c| Sebas4906|Go pari!!
|l|BrunoD173
|c|★parivard☎☀️|\/log Heyimdeath was promoted to Room Voice by parivard☎☀️.
|j|Vaporeon = Moist
|j|5ho.0
|c|★parivard☎☀️|\/log Sebas4906 was promoted to Room Voice by parivard☎☀️.
|c|★emptybottle|go parivard
|c| PokeTrainerTarioE|YOU CAN DO IT PARI!
|c| Azurai_Ototsuki|You got this,Pari!
|j|sezuru
|c|+Eney189|whoa
|c| BernMoses|pari seems to have a better team
|c|★parivard☎☀️|\/log PokeTrainerTarioE was promoted to Room Voice by parivard☎☀️.
|j|Hell Rayquaza1
|j|XKIDJAYX20
|j|Marc Kelvin
|c|★parivard☎☀️|\/log Azurai_Ototsuki was promoted to Room Voice by parivard☎☀️.
|j|100y
|j|Elder SaiBot
|c|★parivard☎☀️|\/log BernMoses was promoted to Room Voice by parivard☎☀️.
|j|Texas Football
|choice|team 1, team 2, team 3, team 4, team 5, team 6|team 1, team 2, team 3, team 4, team 5, team 6
|
|start
|switch|p1a: Sawk|Sawk, M|291\/291
|switch|p2a: Druddigon|Druddigon, M|296\/296
|turn|1
|j|Mr.Jeffary
|j|MerekBG
|c| 5ho.0|you know by rooting for one guy you are demotivating the other?
|c|+Eney189|I feel like a role model XDD
|choice|move closecombat|switch 3
|
|switch|p2a: Banette|Banette, M|270\/270
|-item|p1a: Sawk|Choice Band|[from] ability: Frisk|[of] p2a: Banette|[identify]
|move|p1a: Sawk|Close Combat|p2a: Banette
|-immune|p2a: Banette|[msg]
|
|upkeep
|turn|2
|c|+Azurai_Ototsuki|Good choice.
|j|DJCHOZLEY
|c| Marc Kelvin|parizard U CAN DO IT!!!!!!!!!!!!!!!!!!!!!!!!!!!!!!!!!!!!!!!!1111
|c|+Azurai_Ototsuki|..Bad choice.
|c|★parivard☎☀️|\/log Marc Kelvin was promoted to Room Voice by parivard☎☀️.
|choice|switch 4|switch 5
|
|switch|p1a: Diancie|Diancie|304\/304
|switch|p2a: Hitmontop|Hitmontop, M|300\/300
|-ability|p2a: Hitmontop|Intimidate|boost
|-fail|p1a: Diancie|unboost|[from] ability: Clear Body|[of] p1a: Diancie
|
|upkeep
|turn|3
|c|+Heyimdeath|Lol
|j|Garagesale
|j|maltazar
|j|Dawn505
|c|+Azurai_Ototsuki|!Weak Hitmontop
|html|<div class="infobox">Hitmontop (ignoring abilities):<br \/><span class="message-effect-weak">Weaknesses<\/span>: Fairy, Flying, Psychic<br \/><span class="message-effect-resist">Resistances<\/span>: Bug, Dark, Rock<br \/><span class="message-effect-immune">Immunities<\/span>: <font color=#999999>None<\/font><\/div>
|choice|move stealthrock|move closecombat
|
|move|p2a: Hitmontop|Close Combat|p1a: Diancie
|-damage|p1a: Diancie|160\/304
|-unboost|p2a: Hitmontop|def|1
|-unboost|p2a: Hitmontop|spd|1
|move|p1a: Diancie|Stealth Rock|p2a: Hitmontop
|-sidestart|p2: emptybottle|move: Stealth Rock
|
|-heal|p1a: Diancie|179\/304|[from] item: Leftovers
|upkeep
|turn|4
|l|Goitya
|c|+Azurai_Ototsuki|o.
|c|+Sebas4906|People just getting promoted for rooting Pari xD
|j|NinjaKid Bro
|c|+Azurai_Ototsuki|OH.
|choice|move moonblast|move rapidspin
|
|move|p2a: Hitmontop|Rapid Spin|p1a: Diancie
|-resisted|p1a: Diancie
|-damage|p1a: Diancie|171\/304
|-sideend|p2: emptybottle|Stealth Rock|[from] move: Rapid Spin|[of] p2a: Hitmontop
|move|p1a: Diancie|Moonblast|p2a: Hitmontop
|-supereffective|p2a: Hitmontop
|-damage|p2a: Hitmontop|108\/300
|
|-heal|p1a: Diancie|190\/304|[from] item: Leftovers
|upkeep
|turn|5
|l|NinjaKid Bro
|c|+Eney189|MOONBLAST HIM
|j|24 Rajorshi Das
|choice|switch 3|move closecombat
|
|switch|p1a: Venusaur|Venusaur, F|301\/301
|move|p2a: Hitmontop|Close Combat|p1a: Venusaur
|-resisted|p1a: Venusaur
|-damage|p1a: Venusaur|199\/301
|-unboost|p2a: Hitmontop|def|1
|-unboost|p2a: Hitmontop|spd|1
|
|-heal|p1a: Venusaur|217\/301|[from] item: Black Sludge
|upkeep
|turn|6
|c| Hell Rayquaza1|somehow he lived
|c|+Azurai_Ototsuki|KEEP SPAMMING MOON-
|c| Texas Football|getem pari
|l|jujose
|c| Hell Rayquaza1|like a pro
|c| Hell Rayquaza1|man
|c|+Azurai_Ototsuki|Cmon Pari!
|choice|move sludgebomb|switch 3
|
|switch|p2a: Druddigon|Druddigon, M|296\/296
|move|p1a: Venusaur|Sludge Bomb|p2a: Druddigon
|-damage|p2a: Druddigon|140\/296
|
|-heal|p1a: Venusaur|235\/301|[from] item: Black Sludge
|upkeep
|turn|7
|c|★parivard☎☀️|\/log Texas Football was promoted to Room Voice by parivard☎☀️.
|j|Tommy12346
|choice|move sludgebomb|move firepunch
|
|move|p1a: Venusaur|Sludge Bomb|p2a: Druddigon
|-damage|p2a: Druddigon|0 fnt
|faint|p2a: Druddigon
|
|-heal|p1a: Venusaur|253\/301|[from] item: Black Sludge
|upkeep
|c| Hell Rayquaza1|slugde
|c|★parivard☎☀️|\/log Stats Bot was promoted to Room Voice by parivard☎☀️.
|c|+Eney189|stats bot was promoted XDDD
|c| Hell Rayquaza1|bluh
|c|+Texas Football|lol
|l|xlv
|l|maltazar
|j|Wantmyar
|c| Hell Rayquaza1|lol
|c| 5ho.0|stats bot happy
|c| Tommy12346|hellow
|c| Hell Rayquaza1|lol
|c|+Sebas4906|stats bot lol
|c|+Texas Football|lady monita
|c|+Azurai_Ototsuki|Cmon,pari!
|choice||switch 5
|
|switch|p2a: Banette|Banette, M|270\/270
|-item|p1a: Venusaur|Black Sludge|[from] ability: Frisk|[of] p2a: Banette|[identify]
|turn|8
|c| da hawtdawg|how to get info about a move,ability or pokemon?
|c| 5ho.0|she's crying in a corner Texas Football
|choice|move leafstorm|move knockoff mega
|
|detailschange|p2a: Banette|Banette-Mega, M
|-mega|p2a: Banette|Banette|Banettite
|move|p1a: Venusaur|Leaf Storm|p2a: Banette
|-damage|p2a: Banette|60\/270
|-unboost|p1a: Venusaur|spa|2
|move|p2a: Banette|Knock Off|p1a: Venusaur
|-damage|p1a: Venusaur|84\/301
|-enditem|p1a: Venusaur|Black Sludge|[from] move: Knock Off|[of] p2a: Banette
|
|upkeep
|turn|9
|c| iHateTuesdays|.\/dt -move-
|j|Goitya
|c|+Azurai_Ototsuki|!Weak Banette
|html|<div class="infobox">Banette (ignoring abilities):<br \/><span class="message-effect-weak">Weaknesses<\/span>: Dark, Ghost<br \/><span class="message-effect-resist">Resistances<\/span>: Bug, Poison<br \/><span class="message-effect-immune">Immunities<\/span>: Fighting, Normal<\/div>
|choice|move synthesis|switch 3
|
|switch|p2a: Hitmontop|Hitmontop, M|108\/300
|-ability|p2a: Hitmontop|Intimidate|boost
|-unboost|p1a: Venusaur|atk|1
|move|p1a: Venusaur|Synthesis|p1a: Venusaur
|-heal|p1a: Venusaur|234\/301
|
|upkeep
|turn|10
|j|KCstar
|c|+Azurai_Ototsuki|Ah..
|c|+Texas Football|!weak Hitmontop
|html|<div class="infobox">Hitmontop (ignoring abilities):<br \/><span class="message-effect-weak">Weaknesses<\/span>: Fairy, Flying, Psychic<br \/><span class="message-effect-resist">Resistances<\/span>: Bug, Dark, Rock<br \/><span class="message-effect-immune">Immunities<\/span>: <font color=#999999>None<\/font><\/div>
|choice|switch 6|switch 4
|
|switch|p1a: Slowking|Slowking, F|393\/393
|switch|p2a: Diancie|Diancie|271\/271
|
|upkeep
|turn|11
|choice|move scald|move stealthrock
|
|move|p2a: Diancie|Stealth Rock|p1a: Slowking
|-sidestart|p1: parivard☎☀️|move: Stealth Rock
|move|p1a: Slowking|Scald|p2a: Diancie
|-supereffective|p2a: Diancie
|-damage|p2a: Diancie|157\/271
|
|-heal|p2a: Diancie|173\/271|[from] item: Leftovers
|upkeep
|turn|12
|c| 24 Rajorshi Das|pari
|c| 24 Rajorshi Das|pari
|c| 24 Rajorshi Das|pari
|c|+Azurai_Ototsuki|!Weak Slowking
|html|<div class="infobox">Slowking (ignoring abilities):<br \/><span class="message-effect-weak">Weaknesses<\/span>: Bug, Dark, Electric, Ghost, Grass<br \/><span class="message-effect-resist">Resistances<\/span>: Fighting, Fire, Ice, Psychic, Steel, Water<br \/><span class="message-effect-immune">Immunities<\/span>: <font color=#999999>None<\/font><\/div>
|l|da hawtdawg
|c|★parivard☎☀️|\/log 24 Rajorshi Das was promoted to Room Voice by parivard☎☀️.
|choice|move scald|switch 3
|
|switch|p2a: Banette|Banette-Mega, M|60\/270
|move|p1a: Slowking|Scald|p2a: Banette
|-damage|p2a: Banette|0 fnt
|faint|p2a: Banette
|
|upkeep
|c|+Azurai_Ototsuki|Oh thank god
|c|+24 Rajorshi Das|lol
|j|Dennis Rommedahl
|choice||switch 2
|
|switch|p2a: Liepard|Liepard, F|269\/269
|turn|13
|c|★parivard☎☀️|Can I get 6-0?
|c|+Heyimdeath|!weak diance
|html|<div class="infobox">diance isn't a recognized type or pokemon.<\/div>
|c|+Texas Football|lets set to modchat shall we?
|choice|move thunderwave|move darkpulse
|
|move|p2a: Liepard|Dark Pulse|p1a: Slowking
|-supereffective|p1a: Slowking
|-damage|p1a: Slowking|151\/393
|move|p1a: Slowking|Thunder Wave|p2a: Liepard
|-status|p2a: Liepard|par
|
|-heal|p1a: Slowking|175\/393|[from] item: Leftovers
|upkeep
|turn|14
|c|+24 Rajorshi Das|how can u promote?
|c|+Azurai_Ototsuki|Ehue
|choice|switch 3|move darkpulse
|
|switch|p1a: Diancie|Diancie|190\/304
|-damage|p1a: Diancie|152\/304|[from] Stealth Rock
|move|p2a: Liepard|Dark Pulse|p1a: Diancie
|-resisted|p1a: Diancie
|-crit|p1a: Diancie
|-damage|p1a: Diancie|106\/304
|
|-heal|p1a: Diancie|125\/304|[from] item: Leftovers
|upkeep
|turn|15
|raw|<div class="broadcast-red"><b>Moderated chat was set to +!<\/b><br \/>Only users of rank + and higher can talk.<\/div>
|choice|move moonblast|switch 4
|
|switch|p2a: Hitmontop|Hitmontop, M|108\/300
|-ability|p2a: Hitmontop|Intimidate|boost
|-fail|p1a: Diancie|unboost|[from] ability: Clear Body|[of] p1a: Diancie
|move|p1a: Diancie|Moonblast|p2a: Hitmontop
|-supereffective|p2a: Hitmontop
|-damage|p2a: Hitmontop|0 fnt
|faint|p2a: Hitmontop
|
|-heal|p1a: Diancie|144\/304|[from] item: Leftovers
|upkeep
|c|+Eney189|SIX-OH HIM
|c|+24 Rajorshi Das|LOL
|choice||switch 6
|
|switch|p2a: Qwilfish|Qwilfish, M, shiny|301\/301
|-ability|p2a: Qwilfish|Intimidate|boost
|-fail|p1a: Diancie|unboost|[from] ability: Clear Body|[of] p1a: Diancie
|turn|16
|j|Cheese_Dip
|c|+Azurai_Ototsuki|USE VENASAUR
|c|+Texas Football|party time bois
|c|+Sebas4906|I love how pari activates mod chat when he promoted everyone
|c|+Azurai_Ototsuki|DO IT
|choice|switch 6|move scald
|
|switch|p1a: Venusaur|Venusaur, F|234\/301
|-damage|p1a: Venusaur|197\/301|[from] Stealth Rock
|move|p2a: Qwilfish|Scald|p1a: Venusaur
|-resisted|p1a: Venusaur
|-damage|p1a: Venusaur|162\/301
|
|upkeep
|turn|17
|c|+Sebas4906|lol
|c|+Heyimdeath|!weak Quilfish
|html|<div class="infobox">Quilfish isn't a recognized type or pokemon.<\/div>
|c|+24 Rajorshi Das|pari deserves to win
|choice|move synthesis|move scald
|
|move|p2a: Qwilfish|Scald|p1a: Venusaur
|-resisted|p1a: Venusaur
|-damage|p1a: Venusaur|125\/301
|move|p1a: Venusaur|Synthesis|p1a: Venusaur
|-heal|p1a: Venusaur|275\/301
|
|upkeep
|turn|18
|c|+24 Rajorshi Das|he's the best
|c|+Eney189|YAS
|choice|move sleeppowder|switch 3
|
|switch|p2a: Diancie|Diancie|173\/271
|move|p1a: Venusaur|Sleep Powder|p2a: Diancie
|-status|p2a: Diancie|slp
|
|-heal|p2a: Diancie|189\/271 slp|[from] item: Leftovers
|upkeep
|turn|19
|c|+Azurai_Ototsuki|She's*
|c|+Sebas4906|Crrs and Pari are the best anyways
|choice|move leafstorm|move healbell
|
|move|p1a: Venusaur|Leaf Storm|p2a: Diancie
|-supereffective|p2a: Diancie
|-damage|p2a: Diancie|0 fnt
|-unboost|p1a: Venusaur|spa|2
|faint|p2a: Diancie
|
|upkeep
|c|+Heyimdeath|!weak Diance
|html|<div class="infobox">Diance isn't a recognized type or pokemon.<\/div>
|c|+Azurai_Ototsuki|o.o
|c|+24 Rajorshi Das|!weak qwilfish
|html|<div class="infobox">Qwilfish (ignoring abilities):<br \/><span class="message-effect-weak">Weaknesses<\/span>: Electric, Ground, Psychic<br \/><span class="message-effect-resist">Resistances<\/span>: Bug, Fairy, Fighting, Fire, Ice, Poison, Steel, Water<br \/><span class="message-effect-immune">Immunities<\/span>: <font color=#999999>None<\/font><\/div>
|c|+Azurai_Ototsuki|!Weak Diancie
|html|<div class="infobox">Diancie (ignoring abilities):<br \/><span class="message-effect-weak">Weaknesses<\/span>: Grass, Ground, <b>Steel<\/b>, Water<br \/><span class="message-effect-resist">Resistances<\/span>: Bug, Dark, Fire, Flying, Normal<br \/><span class="message-effect-immune">Immunities<\/span>: Dragon<\/div>
|j|peckerrhead
|choice||switch 4
|
|switch|p2a: Liepard|Liepard, F|269\/269 par
|turn|20
|c|+Eney189|!weak diancie
|html|<div class="infobox">Diancie (ignoring abilities):<br \/><span class="message-effect-weak">Weaknesses<\/span>: Grass, Ground, <b>Steel<\/b>, Water<br \/><span class="message-effect-resist">Resistances<\/span>: Bug, Dark, Fire, Flying, Normal<br \/><span class="message-effect-immune">Immunities<\/span>: Dragon<\/div>
|c|+Sebas4906|Ive had this doubt is Pari a she or a he
|c|+Eney189|!dt liepard
|c|~|\/data-pokemon Liepard
|raw|<font size="1"><font color="#686868">Dex#:<\/font> 510&nbsp;|&ThickSpace;<font color="#686868">Gen:<\/font> 5&nbsp;|&ThickSpace;<font color="#686868">Height:<\/font> 1.1 m&nbsp;|&ThickSpace;<font color="#686868">Weight:<\/font> 37.5 kg <em>(60 BP)<\/em>&nbsp;|&ThickSpace;<font color="#686868">Dex Colour:<\/font> Purple&nbsp;|&ThickSpace;<font color="#686868">Egg Group(s):<\/font> Field&nbsp;|&ThickSpace;<font color="#686868">Does Not Evolve<\/font><\/font>
|c|+Texas Football|!weak liepard
|html|<div class="infobox">Liepard (ignoring abilities):<br \/><span class="message-effect-weak">Weaknesses<\/span>: Bug, Fairy, Fighting<br \/><span class="message-effect-resist">Resistances<\/span>: Dark, Ghost<br \/><span class="message-effect-immune">Immunities<\/span>: Psychic<\/div>
|c|+24 Rajorshi Das|he
|c|+Eney189|Prankster is banned, so don't worry
|c|+BernMoses|safe to say who won...
|choice|switch 4|move thunderwave
|
|switch|p1a: Sawk|Sawk, M|291\/291
|-damage|p1a: Sawk|273\/291|[from] Stealth Rock
|cant|p2a: Liepard|par
|
|upkeep
|turn|21
|c|+Sebas4906|gg
|c|+Sebas4906|close combat and rip
|c|+Eney189|yeah
|c|+Eney189|sorry emptybottl
|c|+24 Rajorshi Das|yea
|c|+24 Rajorshi Das|6-0 is shame ful
|c|+Azurai_Ototsuki|..Just no.
|l|Tommy12346
|c|+Azurai_Ototsuki|Liepard is so fqed.
|c|+Texas Football|get dat 6-0
|choice|move closecombat|switch 3
|
|switch|p2a: Qwilfish|Qwilfish, M, shiny|301\/301
|-ability|p2a: Qwilfish|Intimidate|boost
|-unboost|p1a: Sawk|atk|1
|move|p1a: Sawk|Close Combat|p2a: Qwilfish
|-resisted|p2a: Qwilfish
|-crit|p2a: Qwilfish
|-damage|p2a: Qwilfish|10\/301
|-unboost|p1a: Sawk|def|1
|-unboost|p1a: Sawk|spd|1
|
|upkeep
|turn|22
|j|Ciosk
|c|+Eney189|OOOHHHH
|c|+Sebas4906|crit lol
|c|+Azurai_Ototsuki|Ooo
|choice|move closecombat|move scald
|
|move|p1a: Sawk|Close Combat|p2a: Qwilfish
|-resisted|p2a: Qwilfish
|-damage|p2a: Qwilfish|0 fnt
|-unboost|p1a: Sawk|def|1
|-unboost|p1a: Sawk|spd|1
|faint|p2a: Qwilfish
|
|upkeep
|c|+Eney189|AAAAAIIIYYYEEEE
|c|+24 Rajorshi Das|LOL
|choice||switch 3
|
|switch|p2a: Liepard|Liepard, F|269\/269 par
|turn|23
|c|+Azurai_Ototsuki|OOOOOOOOOOOOO
|choice|move closecombat|move copycat
|
|move|p2a: Liepard|Copycat|p2a: Liepard
|move|p2a: Liepard|Close Combat|p1a: Sawk|[from]Copycat
|-damage|p1a: Sawk|85\/291
|-unboost|p2a: Liepard|def|1
|-unboost|p2a: Liepard|spd|1
|move|p1a: Sawk|Close Combat|p2a: Liepard
|-supereffective|p2a: Liepard
|-enditem|p2a: Liepard|Focus Sash
|-damage|p2a: Liepard|1\/269 par
|-unboost|p1a: Sawk|def|1
|-unboost|p1a: Sawk|spd|1
|
|upkeep
|turn|24
|c|+Eney189|GGGGGGGGGGGGGGGG
|c|★parivard☎☀️|LMAO
|c|★emptybottle|gg
|c|+Azurai_Ototsuki|YESSS
|c|★parivard☎☀️|gg
|c|+Sebas4906|1
|c|+Azurai_Ototsuki|LEGGO
|choice|switch 4|move copycat
|
|switch|p1a: Venusaur|Venusaur, F|275\/301
|-damage|p1a: Venusaur|238\/301|[from] Stealth Rock
|move|p2a: Liepard|Copycat|p2a: Liepard
|move|p2a: Liepard|Close Combat|p1a: Venusaur|[from]Copycat
|-resisted|p1a: Venusaur
|-damage|p1a: Venusaur|196\/301
|-unboost|p2a: Liepard|def|1
|-unboost|p2a: Liepard|spd|1
|
|upkeep
|turn|25
|j|BiotechAkash
|c|+Sebas4906|GET READY BOI
|c|+Azurai_Ototsuki|YASS PARI
|c|+Eney189|THE 6-0
|l|Dawn505
|choice|move sludgebomb|move copycat
|
|move|p2a: Liepard|Copycat|p2a: Liepard
|move|p2a: Liepard|Close Combat|p1a: Venusaur|[from]Copycat
|-resisted|p1a: Venusaur
|-damage|p1a: Venusaur|154\/301
|-unboost|p2a: Liepard|def|1
|-unboost|p2a: Liepard|spd|1
|move|p1a: Venusaur|Sludge Bomb|p2a: Liepard
|-damage|p2a: Liepard|0 fnt
|faint|p2a: Liepard
|
|win|parivard☎☀️
|player|p1
|player|p2
|c|+Eney189|OMGGGGGG
|c|+Texas Football|!learn sawk,mach punch
|html|<div class="infobox">In Gen 7, Sawk <span class="message-learn-cannotlearn">can't<\/span> learn Mach Punch<\/div>
|l|emptybottle
|j|David53
|l|parivard☎☀️
|l|Chorenn
|l|Goitya
|c|+Azurai_Ototsuki|YESS
|l|David53
|l|Texas Football
|l|Dennis Rommedahl
|l|Azurai_Ototsuki
|l|Eney189
|c|+24 Rajorshi Das|yes
|c|+24 Rajorshi Das|!
|l|Cheese_Dip
|l|Vaporeon = Moist
|l|peckerrhead
|l|24 Rajorshi Das
|l|lnfo
|l|Garagesale
|l|Mr.Jeffary
|l|northnapty
|l|BernMoses
|l|Ciosk
|l|XKIDJAYX20
|j|peckerrhead
|l|Heyimdeath
|l|PokeTrainerTarioE
|l|peckerrhead
|l|Elder SaiBot
|l|sezuru
|j|pradhaaan✿公主
|l|DJCHOZLEY
|l|Kakashi4
|l|5ho.0
|l|KCstar
|l|Wantmyar</script>
</div>
<div class="battle-log battle-log-inline"><div class="inner"><div class="battle-options"></div><div class="inner"><div class="chat"><small>parivard☎☀️ joined.</small></div><div class="chat"><small>emptybottle joined.</small></div><div class="chat"><small>Stats Bot joined.</small></div><div class=""><small>Format:</small> <br><strong>RU</strong></div><div class=""><small><em>Sleep Clause Mod:</em> Limit one foe put to sleep</small></div><div class=""><small><em>Species Clause:</em> Limit one of each Pokémon</small></div><div class=""><small><em>OHKO Clause:</em> OHKO moves are banned</small></div><div class=""><small><em>Moody Clause:</em> Moody is banned</small></div><div class=""><small><em>Evasion Moves Clause:</em> Evasion moves are banned</small></div><div class=""><small><em>Endless Battle Clause:</em> Forcing endless battles is banned</small></div><div class=""><small><em>HP Percentage Mod:</em> HP is shown in percentages</small></div><div class=""><small><em>Swagger Clause:</em> Swagger is banned</small></div><div class=""><small><em>Baton Pass Clause:</em> Limit one Baton Passer, can't pass Spe and other stats simultaneously</small></div><div class="chat battle-history"><strong>parivard☎☀️'s team:</strong> <em style="color:#445566;display:block;">Sawk / Sneasel / Venusaur / Diancie / Flygon / Slowking</em></div><div class="chat battle-history"><strong>emptybottle's team:</strong> <em style="color:#445566;display:block;">Druddigon / Liepard / Banette / Diancie / Hitmontop / Qwilfish</em></div><div class="chat"><small>Stats Bot left.</small></div><div class="chat"><small>Eney189 joined.</small></div><div class="chat"><small>da hawtdawg joined.</small></div><div class="chat"><small>Heyimdeath joined.</small></div><div class="chat"><small>Azurai_Ototsuki joined.</small></div><div class="chat"><small>northnapty joined.</small></div><div class="chat"><small>vietanhnk joined.</small></div><div class="chat"><small>jujose joined.</small></div><div class="chat"><small>BernMoses joined.</small></div><div class="chat chatmessage-azuraiototsuki"><strong style="color:hsl(277,45%,54.33725288562626%)"><small> </small><span class="username" data-name="Azurai_Ototsuki">Azurai_Ototsuki</span>:</strong> <em>Ah.</em></div><div class="chat"><small>Goitya joined.</small></div><div class="chat"><small>BrunoD173 joined.</small></div><div class="chat chatmessage-eney189"><strong style="color:hsl(69,43%,35%)"><small> </small><span class="username" data-name="Eney189">Eney189</span>:</strong> <em>go parivard☎☀️! I know you can win again!</em></div><div class="chat"><small>Chorenn joined.</small></div><div class="chat"><small>xlv joined.</small></div><div class="chat"><small>vietanhnk left.</small></div><div class="chat"><small>PokeTrainerTarioE joined.</small></div><div class="chat"><small>Kakashi4 joined.</small></div><div class="chat"><small>Sebas4906 joined.</small></div><div class="chat chatmessage-parivard"><span class="message-log">Eney189 was promoted to Room Voice by parivard☎☀️.</span></div><div class="chat chatmessage-heyimdeath"><strong style="color:hsl(358,68%,49.281586468573096%)"><small> </small><span class="username" data-name="Heyimdeath">Heyimdeath</span>:</strong> <em>Go parivard</em></div><div class="chat chatmessage-poketrainertarioe"><strong style="color:hsl(165,56%,41.3138387274496%)"><small> </small><span class="username" data-name="PokeTrainerTarioE">PokeTrainerTarioE</span>:</strong> <em>gl</em></div><div class="chat chatmessage-sebas4906"><strong style="color:hsl(330,74%,43.2098127953648%)"><small> </small><span class="username" data-name="Sebas4906">Sebas4906</span>:</strong> <em>Go pari!!</em></div><div class="chat"><small>BrunoD173 left.</small></div><div class="chat chatmessage-parivard"><span class="message-log">Heyimdeath was promoted to Room Voice by parivard☎☀️.</span></div><div class="chat"><small>Vaporeon = Moist joined.</small></div><div class="chat"><small>5ho.0 joined.</small></div><div class="chat chatmessage-parivard"><span class="message-log">Sebas4906 was promoted to Room Voice by parivard☎☀️.</span></div><div class="chat chatmessage-emptybottle"><strong style="color:hsl(253,61%,61.94114926265178%)"><small>★</small><span class="username" data-name="emptybottle">emptybottle</span>:</strong> <em>go parivard</em></div><div class="chat chatmessage-poketrainertarioe"><strong style="color:hsl(165,56%,41.3138387274496%)"><small> </small><span class="username" data-name="PokeTrainerTarioE">PokeTrainerTarioE</span>:</strong> <em>YOU CAN DO IT PARI!</em></div><div class="chat chatmessage-azuraiototsuki"><strong style="color:hsl(277,45%,54.33725288562626%)"><small> </small><span class="username" data-name="Azurai_Ototsuki">Azurai_Ototsuki</span>:</strong> <em>You got this,Pari!</em></div><div class="chat"><small>sezuru joined.</small></div><div class="chat chatmessage-eney189"><strong style="color:hsl(69,43%,35%)"><small>+</small><span class="username" data-name="Eney189">Eney189</span>:</strong> <em>whoa</em></div><div class="chat chatmessage-bernmoses"><strong style="color:hsl(35,55%,40%)"><small> </small><span class="username" data-name="BernMoses">BernMoses</span>:</strong> <em>pari seems to have a better team</em></div><div class="chat chatmessage-parivard"><span class="message-log">PokeTrainerTarioE was promoted to Room Voice by parivard☎☀️.</span></div><div class="chat"><small>Hell Rayquaza1 joined.</small></div><div class="chat"><small>XKIDJAYX20 joined.</small></div><div class="chat"><small>Marc Kelvin joined.</small></div><div class="chat chatmessage-parivard"><span class="message-log">Azurai_Ototsuki was promoted to Room Voice by parivard☎☀️.</span></div><div class="chat"><small>100y joined.</small></div><div class="chat"><small>Elder SaiBot joined.</small></div><div class="chat chatmessage-parivard"><span class="message-log">BernMoses was promoted to Room Voice by parivard☎☀️.</span></div><div class="chat"><small>Texas Football joined.</small></div><div class="spacer battle-history"><br></div><div class="battle-history">Battle started between parivard☎☀️ and emptybottle!<br></div><div class="spacer battle-history"><br></div><div class="battle-history">Go! <strong>Sawk</strong>!<br></div><div class="spacer battle-history"><br></div><div class="battle-history">emptybottle sent out <strong>Druddigon</strong>!<br></div><div class="spacer battle-history"><br></div><h2 class="battle-history">Turn 1</h2><div class="chat"><small>Mr.Jeffary joined.</small></div><div class="chat"><small>MerekBG joined.</small></div><div class="chat chatmessage-5ho0"><strong style="color:hsl(354,70%,44.3208523648%)"><small> </small><span class="username" data-name="5ho.0">5ho.0</span>:</strong> <em>you know by rooting for one guy you are demotivating the other?</em></div><div class="chat chatmessage-eney189"><strong style="color:hsl(69,43%,35%)"><small>+</small><span class="username" data-name="Eney189">Eney189</span>:</strong> <em>I feel like a role model XDD</em></div><div class="spacer battle-history"><br></div><div class="battle-history">emptybottle withdrew Druddigon!<br></div><div class="battle-history">emptybottle sent out <strong>Banette</strong>!<br></div><div class="battle-history"><small>[The opposing Banette's Frisk]</small><br><small>The opposing Banette frisked Sawk and found its Choice Band!</small><br></div><div class="spacer battle-history"><br></div><div class="battle-history">Sawk used <strong>Close Combat</strong>!<br></div><div class="battle-history"><small>It doesn't affect the opposing Banette...</small><br></div><div class="spacer battle-history"><br></div><h2 class="battle-history">Turn 2</h2><div class="chat chatmessage-azuraiototsuki"><strong style="color:hsl(277,45%,54.33725288562626%)"><small>+</small><span class="username" data-name="Azurai_Ototsuki">Azurai_Ototsuki</span>:</strong> <em>Good choice.</em></div><div class="chat"><small>DJCHOZLEY joined.</small></div><div class="chat chatmessage-marckelvin"><strong style="color:hsl(251,42%,61.5863764324768%)"><small> </small><span class="username" data-name="Marc Kelvin">Marc Kelvin</span>:</strong> <em>parizard U CAN DO IT!!!!!!!!!!!!!!!!!!!!!!!!!!!!!!!!!!!!!!!!1111</em></div><div class="chat chatmessage-azuraiototsuki"><strong style="color:hsl(277,45%,54.33725288562626%)"><small>+</small><span class="username" data-name="Azurai_Ototsuki">Azurai_Ototsuki</span>:</strong> <em>..Bad choice.</em></div><div class="chat chatmessage-parivard"><span class="message-log">Marc Kelvin was promoted to Room Voice by parivard☎☀️.</span></div><div class="spacer battle-history"><br></div><div class="battle-history">Sawk, come back!<br></div><div class="battle-history">Go! <strong>Diancie</strong>!<br></div><div class="spacer battle-history"><br></div><div class="battle-history">emptybottle withdrew Banette!<br></div><div class="battle-history">emptybottle sent out <strong>Hitmontop</strong>!<br></div><div class="battle-history"><small>[The opposing Hitmontop's Intimidate]</small><br></div><div class="battle-history"><small>[Diancie's Clear Body]</small><br><small>Diancie's stats were not lowered!</small><br></div><div class="spacer battle-history"><br></div><h2 class="battle-history">Turn 3</h2><div class="chat chatmessage-heyimdeath"><strong style="color:hsl(358,68%,49.281586468573096%)"><small>+</small><span class="username" data-name="Heyimdeath">Heyimdeath</span>:</strong> <em>Lol</em></div><div class="chat"><small>Garagesale joined.</small></div><div class="chat"><small>maltazar joined.</small></div><div class="chat"><small>Dawn505 joined.</small></div><div class="chat chatmessage-azuraiototsuki"><strong style="color:hsl(277,45%,54.33725288562626%)"><small>+</small><span class="username" data-name="Azurai_Ototsuki">Azurai_Ototsuki</span>:</strong> <em>!Weak Hitmontop</em></div><div class="chat"><div class="infobox">Hitmontop (ignoring abilities):<br><span class="message-effect-weak">Weaknesses</span>: Fairy, Flying, Psychic<br><span class="message-effect-resist">Resistances</span>: Bug, Dark, Rock<br><span class="message-effect-immune">Immunities</span>: <font color="#999999">None</font></div></div><div class="spacer battle-history"><br></div><div class="battle-history">The opposing Hitmontop used <strong>Close Combat</strong>!<br></div><div class="battle-history"><small>(Diancie lost <abbr title="−144/304">47.4%</abbr> of its health!)</small><br></div><div class="battle-history"><small>The opposing Hitmontop's Defense fell!</small><br></div><div class="battle-history"><small>The opposing Hitmontop's Special Defense fell!</small><br></div><div class="spacer battle-history"><br></div><div class="battle-history">Diancie used <strong>Stealth Rock</strong>!<br></div><div class="battle-history"><small>Pointed stones float in the air around the opposing team!</small><br></div><div class="spacer battle-history"><br></div><div class="battle-history"><small>Diancie restored a little HP using its Leftovers!</small><br></div><div class="spacer battle-history"><br></div><h2 class="battle-history">Turn 4</h2><div class="chat"><small>Goitya left.</small></div><div class="chat chatmessage-azuraiototsuki"><strong style="color:hsl(277,45%,54.33725288562626%)"><small>+</small><span class="username" data-name="Azurai_Ototsuki">Azurai_Ototsuki</span>:</strong> <em>o.</em></div><div class="chat chatmessage-sebas4906"><strong style="color:hsl(330,74%,43.2098127953648%)"><small>+</small><span class="username" data-name="Sebas4906">Sebas4906</span>:</strong> <em>People just getting promoted for rooting Pari xD</em></div><div class="chat"><small>NinjaKid Bro joined.</small></div><div class="chat chatmessage-azuraiototsuki"><strong style="color:hsl(277,45%,54.33725288562626%)"><small>+</small><span class="username" data-name="Azurai_Ototsuki">Azurai_Ototsuki</span>:</strong> <em>OH.</em></div><div class="spacer battle-history"><br></div><div class="battle-history">The opposing Hitmontop used <strong>Rapid Spin</strong>!<br></div><div class="battle-history"><small>It's not very effective...</small><br></div><div class="battle-history"><small>(Diancie lost <abbr title="−8/304">2.6%</abbr> of its health!)</small><br></div><div class="battle-history"><small>The pointed stones disappeared from around the opposing team!</small><br></div><div class="spacer battle-history"><br></div><div class="battle-history">Diancie used <strong>Moonblast</strong>!<br></div><div class="battle-history"><small>It's super effective!</small><br></div><div class="battle-history"><small>(The opposing Hitmontop lost <abbr title="−192/300">64%</abbr> of its health!)</small><br></div><div class="spacer battle-history"><br></div><div class="battle-history"><small>Diancie restored a little HP using its Leftovers!</small><br></div><div class="spacer battle-history"><br></div><h2 class="battle-history">Turn 5</h2><div class="chat"><small>NinjaKid Bro left.</small></div><div class="chat chatmessage-eney189"><strong style="color:hsl(69,43%,35%)"><small>+</small><span class="username" data-name="Eney189">Eney189</span>:</strong> <em>MOONBLAST HIM</em></div><div class="chat"><small>24 Rajorshi Das joined.</small></div><div class="spacer battle-history"><br></div><div class="battle-history">Diancie, come back!<br></div><div class="battle-history">Go! <strong>Venusaur</strong>!<br></div><div class="spacer battle-history"><br></div><div class="battle-history">The opposing Hitmontop used <strong>Close Combat</strong>!<br></div><div class="battle-history"><small>It's not very effective...</small><br></div><div class="battle-history"><small>(Venusaur lost <abbr title="−102/301">33.9%</abbr> of its health!)</small><br></div><div class="battle-history"><small>The opposing Hitmontop's Defense fell!</small><br></div><div class="battle-history"><small>The opposing Hitmontop's Special Defense fell!</small><br></div><div class="spacer battle-history"><br></div><div class="battle-history"><small>Venusaur restored a little HP using its Black Sludge!</small><br></div><div class="spacer battle-history"><br></div><h2 class="battle-history">Turn 6</h2><div class="chat chatmessage-hellrayquaza1"><strong style="color:hsl(142,66%,36%)"><small> </small><span class="username" data-name="Hell Rayquaza1">Hell Rayquaza1</span>:</strong> <em>somehow he lived</em></div><div class="chat chatmessage-azuraiototsuki"><strong style="color:hsl(277,45%,54.33725288562626%)"><small>+</small><span class="username" data-name="Azurai_Ototsuki">Azurai_Ototsuki</span>:</strong> <em>KEEP SPAMMING MOON-</em></div><div class="chat chatmessage-texasfootball"><strong style="color:hsl(183,47%,46%)"><small> </small><span class="username" data-name="Texas Football">Texas Football</span>:</strong> <em>getem pari</em></div><div class="chat"><small>jujose left.</small></div><div class="chat chatmessage-hellrayquaza1"><strong style="color:hsl(142,66%,36%)"><small> </small><span class="username" data-name="Hell Rayquaza1">Hell Rayquaza1</span>:</strong> <em>like a pro</em></div><div class="chat chatmessage-hellrayquaza1"><strong style="color:hsl(142,66%,36%)"><small> </small><span class="username" data-name="Hell Rayquaza1">Hell Rayquaza1</span>:</strong> <em>man</em></div><div class="chat chatmessage-azuraiototsuki"><strong style="color:hsl(277,45%,54.33725288562626%)"><small>+</small><span class="username" data-name="Azurai_Ototsuki">Azurai_Ototsuki</span>:</strong> <em>Cmon Pari!</em></div><div class="spacer battle-history"><br></div><div class="battle-history">emptybottle withdrew Hitmontop!<br></div><div class="battle-history">emptybottle sent out <strong>Druddigon</strong>!<br></div><div class="spacer battle-history"><br></div><div class="battle-history">Venusaur used <strong>Sludge Bomb</strong>!<br></div><div class="battle-history"><small>(The opposing Druddigon lost <abbr title="−156/296">52.7%</abbr> of its health!)</small><br></div><div class="spacer battle-history"><br></div><div class="battle-history"><small>Venusaur restored a little HP using its Black Sludge!</small><br></div><div class="spacer battle-history"><br></div><h2 class="battle-history">Turn 7</h2><div class="chat chatmessage-parivard"><span class="message-log">Texas Football was promoted to Room Voice by parivard☎☀️.</span></div><div class="chat"><small>Tommy12346 joined.</small></div><div class="spacer battle-history"><br></div><div class="battle-history">Venusaur used <strong>Sludge Bomb</strong>!<br></div><div class="battle-history"><small>(The opposing Druddigon lost <abbr title="−140/296">47.3%</abbr> of its health!)</small><br></div><div class="spacer battle-history"><br></div><div class="battle-history">The opposing Druddigon fainted!<br></div><div class="spacer battle-history"><br></div><div class="battle-history"><small>Venusaur restored a little HP using its Black Sludge!</small><br></div><div class="chat chatmessage-hellrayquaza1"><strong style="color:hsl(142,66%,36%)"><small> </small><span class="username" data-name="Hell Rayquaza1">Hell Rayquaza1</span>:</strong> <em>slugde</em></div><div class="chat chatmessage-parivard"><span class="message-log">Stats Bot was promoted to Room Voice by parivard☎☀️.</span></div><div class="chat chatmessage-eney189"><strong style="color:hsl(69,43%,35%)"><small>+</small><span class="username" data-name="Eney189">Eney189</span>:</strong> <em>stats bot was promoted XDDD</em></div><div class="chat chatmessage-hellrayquaza1"><strong style="color:hsl(142,66%,36%)"><small> </small><span class="username" data-name="Hell Rayquaza1">Hell Rayquaza1</span>:</strong> <em>bluh</em></div><div class="chat chatmessage-texasfootball"><strong style="color:hsl(183,47%,46%)"><small>+</small><span class="username" data-name="Texas Football">Texas Football</span>:</strong> <em>lol</em></div><div class="chat"><small>xlv left.</small></div><div class="chat"><small>maltazar left.</small></div><div class="chat"><small>Wantmyar joined.</small></div><div class="chat chatmessage-hellrayquaza1"><strong style="color:hsl(142,66%,36%)"><small> </small><span class="username" data-name="Hell Rayquaza1">Hell Rayquaza1</span>:</strong> <em>lol</em></div><div class="chat chatmessage-5ho0"><strong style="color:hsl(354,70%,44.3208523648%)"><small> </small><span class="username" data-name="5ho.0">5ho.0</span>:</strong> <em>stats bot happy</em></div><div class="chat chatmessage-tommy12346"><strong style="color:hsl(78,66%,38.01495954838465%)"><small> </small><span class="username" data-name="Tommy12346">Tommy12346</span>:</strong> <em>hellow</em></div><div class="chat chatmessage-hellrayquaza1"><strong style="color:hsl(142,66%,36%)"><small> </small><span class="username" data-name="Hell Rayquaza1">Hell Rayquaza1</span>:</strong> <em>lol</em></div><div class="chat chatmessage-sebas4906"><strong style="color:hsl(330,74%,43.2098127953648%)"><small>+</small><span class="username" data-name="Sebas4906">Sebas4906</span>:</strong> <em>stats bot lol</em></div><div class="chat chatmessage-texasfootball"><strong style="color:hsl(183,47%,46%)"><small>+</small><span class="username" data-name="Texas Football">Texas Football</span>:</strong> <em>lady monita</em></div><div class="chat chatmessage-azuraiototsuki"><strong style="color:hsl(277,45%,54.33725288562626%)"><small>+</small><span class="username" data-name="Azurai_Ototsuki">Azurai_Ototsuki</span>:</strong> <em>Cmon,pari!</em></div><div class="spacer battle-history"><br></div><div class="battle-history">emptybottle sent out <strong>Banette</strong>!<br></div><div class="battle-history"><small>[The opposing Banette's Frisk]</small><br><small>The opposing Banette frisked Venusaur and found its Black Sludge!</small><br></div><div class="spacer battle-history"><br></div><h2 class="battle-history">Turn 8</h2><div class="chat chatmessage-dahawtdawg"><strong style="color:hsl(150,75%,37.53095204140625%)"><small> </small><span class="username" data-name="da hawtdawg">da hawtdawg</span>:</strong> <em>how to get info about a move,ability or pokemon?</em></div><div class="chat chatmessage-5ho0"><strong style="color:hsl(354,70%,44.3208523648%)"><small> </small><span class="username" data-name="5ho.0">5ho.0</span>:</strong> <em>she's crying in a corner Texas Football</em></div><div class="spacer battle-history"><br></div><div class="battle-history"><small>The opposing Banette's Banettite is reacting to emptybottle's Mega Bracelet!</small><br>The opposing Banette has Mega Evolved into Mega Banette!<br></div><div class="spacer battle-history"><br></div><div class="battle-history">Venusaur used <strong>Leaf Storm</strong>!<br></div><div class="battle-history"><small>(The opposing Banette lost <abbr title="−210/270">77.8%</abbr> of its health!)</small><br></div><div class="battle-history"><small>Venusaur's Special Attack fell harshly!</small><br></div><div class="spacer battle-history"><br></div><div class="battle-history">The opposing Banette used <strong>Knock Off</strong>!<br></div><div class="battle-history"><small>(Venusaur lost <abbr title="−169/301">56.1%</abbr> of its health!)</small><br></div><div class="battle-history"><small>The opposing Banette knocked off Venusaur's Black Sludge!</small><br></div><div class="spacer battle-history"><br></div><h2 class="battle-history">Turn 9</h2><div class="chat chatmessage-ihatetuesdays"><strong style="color:hsl(58,60%,38.698880884817925%)"><small> </small><span class="username" data-name="iHateTuesdays">iHateTuesdays</span>:</strong> <em>./dt -move-</em></div><div class="chat"><small>Goitya joined.</small></div><div class="chat chatmessage-azuraiototsuki"><strong style="color:hsl(277,45%,54.33725288562626%)"><small>+</small><span class="username" data-name="Azurai_Ototsuki">Azurai_Ototsuki</span>:</strong> <em>!Weak Banette</em></div><div class="chat"><div class="infobox">Banette (ignoring abilities):<br><span class="message-effect-weak">Weaknesses</span>: Dark, Ghost<br><span class="message-effect-resist">Resistances</span>: Bug, Poison<br><span class="message-effect-immune">Immunities</span>: Fighting, Normal</div></div><div class="spacer battle-history"><br></div><div class="battle-history">emptybottle withdrew Banette!<br></div><div class="battle-history">emptybottle sent out <strong>Hitmontop</strong>!<br></div><div class="battle-history"><small>[The opposing Hitmontop's Intimidate]</small><br></div><div class="battle-history"><small>Venusaur's Attack fell!</small><br></div><div class="spacer battle-history"><br></div><div class="battle-history">Venusaur used <strong>Synthesis</strong>!<br></div><div class="battle-history"><small>Venusaur restored its HP.</small><br></div><div class="spacer battle-history"><br></div><h2 class="battle-history">Turn 10</h2><div class="chat"><small>KCstar joined.</small></div><div class="chat chatmessage-azuraiototsuki"><strong style="color:hsl(277,45%,54.33725288562626%)"><small>+</small><span class="username" data-name="Azurai_Ototsuki">Azurai_Ototsuki</span>:</strong> <em>Ah..</em></div><div class="chat chatmessage-texasfootball"><strong style="color:hsl(183,47%,46%)"><small>+</small><span class="username" data-name="Texas Football">Texas Football</span>:</strong> <em>!weak Hitmontop</em></div><div class="chat"><div class="infobox">Hitmontop (ignoring abilities):<br><span class="message-effect-weak">Weaknesses</span>: Fairy, Flying, Psychic<br><span class="message-effect-resist">Resistances</span>: Bug, Dark, Rock<br><span class="message-effect-immune">Immunities</span>: <font color="#999999">None</font></div></div><div class="spacer battle-history"><br></div><div class="battle-history">Venusaur, come back!<br></div><div class="battle-history">Go! <strong>Slowking</strong>!<br></div><div class="spacer battle-history"><br></div><div class="battle-history">emptybottle withdrew Hitmontop!<br></div><div class="battle-history">emptybottle sent out <strong>Diancie</strong>!<br></div><div class="spacer battle-history"><br></div><h2 class="battle-history">Turn 11</h2><div class="spacer battle-history"><br></div><div class="battle-history">The opposing Diancie used <strong>Stealth Rock</strong>!<br></div><div class="battle-history"><small>Pointed stones float in the air around your team!</small><br></div><div class="spacer battle-history"><br></div><div class="battle-history">Slowking used <strong>Scald</strong>!<br></div><div class="battle-history"><small>It's super effective!</small><br></div><div class="battle-history"><small>(The opposing Diancie lost <abbr title="−114/271">42.1%</abbr> of its health!)</small><br></div><div class="spacer battle-history"><br></div><div class="battle-history"><small>The opposing Diancie restored a little HP using its Leftovers!</small><br></div><div class="spacer battle-history"><br></div><h2 class="battle-history">Turn 12</h2><div class="chat chatmessage-24rajorshidas"><strong style="color:hsl(6,62%,46.01441387745281%)"><small> </small><span class="username" data-name="24 Rajorshi Das">24 Rajorshi Das</span>:</strong> <em>pari</em></div><div class="chat chatmessage-24rajorshidas"><strong style="color:hsl(6,62%,46.01441387745281%)"><small> </small><span class="username" data-name="24 Rajorshi Das">24 Rajorshi Das</span>:</strong> <em>pari</em></div><div class="chat chatmessage-24rajorshidas"><strong style="color:hsl(6,62%,46.01441387745281%)"><small> </small><span class="username" data-name="24 Rajorshi Das">24 Rajorshi Das</span>:</strong> <em>pari</em></div><div class="chat chatmessage-azuraiototsuki"><strong style="color:hsl(277,45%,54.33725288562626%)"><small>+</small><span class="username" data-name="Azurai_Ototsuki">Azurai_Ototsuki</span>:</strong> <em>!Weak Slowking</em></div><div class="chat"><div class="infobox">Slowking (ignoring abilities):<br><span class="message-effect-weak">Weaknesses</span>: Bug, Dark, Electric, Ghost, Grass<br><span class="message-effect-resist">Resistances</span>: Fighting, Fire, Ice, Psychic, Steel, Water<br><span class="message-effect-immune">Immunities</span>: <font color="#999999">None</font></div></div><div class="chat"><small>da hawtdawg left.</small></div><div class="chat chatmessage-parivard"><span class="message-log">24 Rajorshi Das was promoted to Room Voice by parivard☎☀️.</span></div><div class="spacer battle-history"><br></div><div class="battle-history">emptybottle withdrew Diancie!<br></div><div class="battle-history">emptybottle sent out Banette (<strong>Banette-Mega</strong>)!<br></div><div class="spacer battle-history"><br></div><div class="battle-history">Slowking used <strong>Scald</strong>!<br></div><div class="battle-history"><small>(The opposing Banette lost <abbr title="−60/270">22.2%</abbr> of its health!)</small><br></div><div class="spacer battle-history"><br></div><div class="battle-history">The opposing Banette fainted!<br></div><div class="chat chatmessage-azuraiototsuki"><strong style="color:hsl(277,45%,54.33725288562626%)"><small>+</small><span class="username" data-name="Azurai_Ototsuki">Azurai_Ototsuki</span>:</strong> <em>Oh thank god</em></div><div class="chat chatmessage-24rajorshidas"><strong style="color:hsl(6,62%,46.01441387745281%)"><small>+</small><span class="username" data-name="24 Rajorshi Das">24 Rajorshi Das</span>:</strong> <em>lol</em></div><div class="chat"><small>Dennis Rommedahl joined.</small></div><div class="spacer battle-history"><br></div><div class="battle-history">emptybottle sent out <strong>Liepard</strong>!<br></div><div class="spacer battle-history"><br></div><h2 class="battle-history">Turn 13</h2><div class="chat chatmessage-parivard"><strong style="color:hsl(57,48%,42.076211683202175%)"><small>★</small><span class="username" data-name="parivard☎☀️">parivard☎☀️</span>:</strong> <em>Can I get 6-0?</em></div><div class="chat chatmessage-heyimdeath"><strong style="color:hsl(358,68%,49.281586468573096%)"><small>+</small><span class="username" data-name="Heyimdeath">Heyimdeath</span>:</strong> <em>!weak diance</em></div><div class="chat"><div class="infobox">diance isn't a recognized type or pokemon.</div></div><div class="chat chatmessage-texasfootball"><strong style="color:hsl(183,47%,46%)"><small>+</small><span class="username" data-name="Texas Football">Texas Football</span>:</strong> <em>lets set to modchat shall we?</em></div><div class="spacer battle-history"><br></div><div class="battle-history">The opposing Liepard used <strong>Dark Pulse</strong>!<br></div><div class="battle-history"><small>It's super effective!</small><br></div><div class="battle-history"><small>(Slowking lost <abbr title="−242/393">61.6%</abbr> of its health!)</small><br></div><div class="spacer battle-history"><br></div><div class="battle-history">Slowking used <strong>Thunder Wave</strong>!<br></div><div class="battle-history"><small>The opposing Liepard is paralyzed! It may be unable to move!</small><br></div><div class="spacer battle-history"><br></div><div class="battle-history"><small>Slowking restored a little HP using its Leftovers!</small><br></div><div class="spacer battle-history"><br></div><h2 class="battle-history">Turn 14</h2><div class="chat chatmessage-24rajorshidas"><strong style="color:hsl(6,62%,46.01441387745281%)"><small>+</small><span class="username" data-name="24 Rajorshi Das">24 Rajorshi Das</span>:</strong> <em>how can u promote?</em></div><div class="chat chatmessage-azuraiototsuki"><strong style="color:hsl(277,45%,54.33725288562626%)"><small>+</small><span class="username" data-name="Azurai_Ototsuki">Azurai_Ototsuki</span>:</strong> <em>Ehue</em></div><div class="spacer battle-history"><br></div><div class="battle-history">Slowking, come back!<br></div><div class="battle-history">Go! <strong>Diancie</strong>!<br></div><div class="battle-history"><small>Pointed stones dug into Diancie!</small><br></div><div class="spacer battle-history"><br></div><div class="battle-history">The opposing Liepard used <strong>Dark Pulse</strong>!<br></div><div class="battle-history"><small>It's not very effective...</small><br></div><div class="battle-history"><small>A critical hit!</small><br></div><div class="battle-history"><small>(Diancie lost <abbr title="−46/304">15.1%</abbr> of its health!)</small><br></div><div class="spacer battle-history"><br></div><div class="battle-history"><small>Diancie restored a little HP using its Leftovers!</small><br></div><div class="spacer battle-history"><br></div><h2 class="battle-history">Turn 15</h2><div class="chat"><div class="broadcast-red"><b>Moderated chat was set to +!</b><br>Only users of rank + and higher can talk.</div></div><div class="spacer battle-history"><br></div><div class="battle-history">emptybottle withdrew Liepard!<br></div><div class="battle-history">emptybottle sent out <strong>Hitmontop</strong>!<br></div><div class="battle-history"><small>[The opposing Hitmontop's Intimidate]</small><br></div><div class="battle-history"><small>[Diancie's Clear Body]</small><br><small>Diancie's stats were not lowered!</small><br></div><div class="spacer battle-history"><br></div><div class="battle-history">Diancie used <strong>Moonblast</strong>!<br></div><div class="battle-history"><small>It's super effective!</small><br></div><div class="battle-history"><small>(The opposing Hitmontop lost <abbr title="−108/300">36%</abbr> of its health!)</small><br></div><div class="spacer battle-history"><br></div><div class="battle-history">The opposing Hitmontop fainted!<br></div><div class="spacer battle-history"><br></div><div class="battle-history"><small>Diancie restored a little HP using its Leftovers!</small><br></div><div class="chat chatmessage-eney189"><strong style="color:hsl(69,43%,35%)"><small>+</small><span class="username" data-name="Eney189">Eney189</span>:</strong> <em>SIX-OH HIM</em></div><div class="chat chatmessage-24rajorshidas"><strong style="color:hsl(6,62%,46.01441387745281%)"><small>+</small><span class="username" data-name="24 Rajorshi Das">24 Rajorshi Das</span>:</strong> <em>LOL</em></div><div class="spacer battle-history"><br></div><div class="battle-history">emptybottle sent out <strong>Qwilfish</strong>!<br></div><div class="battle-history"><small>[The opposing Qwilfish's Intimidate]</small><br></div><div class="battle-history"><small>[Diancie's Clear Body]</small><br><small>Diancie's stats were not lowered!</small><br></div><div class="spacer battle-history"><br></div><h2 class="battle-history">Turn 16</h2><div class="chat"><small>Cheese_Dip joined.</small></div><div class="chat chatmessage-azuraiototsuki"><strong style="color:hsl(277,45%,54.33725288562626%)"><small>+</small><span class="username" data-name="Azurai_Ototsuki">Azurai_Ototsuki</span>:</strong> <em>USE VENASAUR</em></div><div class="chat chatmessage-texasfootball"><strong style="color:hsl(183,47%,46%)"><small>+</small><span class="username" data-name="Texas Football">Texas Football</span>:</strong> <em>party time bois</em></div><div class="chat chatmessage-sebas4906"><strong style="color:hsl(330,74%,43.2098127953648%)"><small>+</small><span class="username" data-name="Sebas4906">Sebas4906</span>:</strong> <em>I love how pari activates mod chat when he promoted everyone</em></div><div class="chat chatmessage-azuraiototsuki"><strong style="color:hsl(277,45%,54.33725288562626%)"><small>+</small><span class="username" data-name="Azurai_Ototsuki">Azurai_Ototsuki</span>:</strong> <em>DO IT</em></div><div class="spacer battle-history"><br></div><div class="battle-history">Diancie, come back!<br></div><div class="battle-history">Go! <strong>Venusaur</strong>!<br></div><div class="battle-history"><small>Pointed stones dug into Venusaur!</small><br></div><div class="spacer battle-history"><br></div><div class="battle-history">The opposing Qwilfish used <strong>Scald</strong>!<br></div><div class="battle-history"><small>It's not very effective...</small><br></div><div class="battle-history"><small>(Venusaur lost <abbr title="−35/301">11.6%</abbr> of its health!)</small><br></div><div class="spacer battle-history"><br></div><h2 class="battle-history">Turn 17</h2><div class="chat chatmessage-sebas4906"><strong style="color:hsl(330,74%,43.2098127953648%)"><small>+</small><span class="username" data-name="Sebas4906">Sebas4906</span>:</strong> <em>lol</em></div><div class="chat chatmessage-heyimdeath"><strong style="color:hsl(358,68%,49.281586468573096%)"><small>+</small><span class="username" data-name="Heyimdeath">Heyimdeath</span>:</strong> <em>!weak Quilfish</em></div><div class="chat"><div class="infobox">Quilfish isn't a recognized type or pokemon.</div></div><div class="chat chatmessage-24rajorshidas"><strong style="color:hsl(6,62%,46.01441387745281%)"><small>+</small><span class="username" data-name="24 Rajorshi Das">24 Rajorshi Das</span>:</strong> <em>pari deserves to win</em></div><div class="spacer battle-history"><br></div><div class="battle-history">The opposing Qwilfish used <strong>Scald</strong>!<br></div><div class="battle-history"><small>It's not very effective...</small><br></div><div class="battle-history"><small>(Venusaur lost <abbr title="−37/301">12.3%</abbr> of its health!)</small><br></div><div class="spacer battle-history"><br></div><div class="battle-history">Venusaur used <strong>Synthesis</strong>!<br></div><div class="battle-history"><small>Venusaur restored its HP.</small><br></div><div class="spacer battle-history"><br></div><h2 class="battle-history">Turn 18</h2><div class="chat chatmessage-24rajorshidas"><strong style="color:hsl(6,62%,46.01441387745281%)"><small>+</small><span class="username" data-name="24 Rajorshi Das">24 Rajorshi Das</span>:</strong> <em>he's the best</em></div><div class="chat chatmessage-eney189"><strong style="color:hsl(69,43%,35%)"><small>+</small><span class="username" data-name="Eney189">Eney189</span>:</strong> <em>YAS</em></div><div class="spacer battle-history"><br></div><div class="battle-history">emptybottle withdrew Qwilfish!<br></div><div class="battle-history">emptybottle sent out <strong>Diancie</strong>!<br></div><div class="spacer battle-history"><br></div><div class="battle-history">Venusaur used <strong>Sleep Powder</strong>!<br></div><div class="battle-history"><small>The opposing Diancie fell asleep!</small><br></div><div class="spacer battle-history"><br></div><div class="battle-history"><small>The opposing Diancie restored a little HP using its Leftovers!</small><br></div><div class="spacer battle-history"><br></div><h2 class="battle-history">Turn 19</h2><div class="chat chatmessage-azuraiototsuki"><strong style="color:hsl(277,45%,54.33725288562626%)"><small>+</small><span class="username" data-name="Azurai_Ototsuki">Azurai_Ototsuki</span>:</strong> <em>She's*</em></div><div class="chat chatmessage-sebas4906"><strong style="color:hsl(330,74%,43.2098127953648%)"><small>+</small><span class="username" data-name="Sebas4906">Sebas4906</span>:</strong> <em>Crrs and Pari are the best anyways</em></div><div class="spacer battle-history"><br></div><div class="battle-history">Venusaur used <strong>Leaf Storm</strong>!<br></div><div class="battle-history"><small>It's super effective!</small><br></div><div class="battle-history"><small>(The opposing Diancie lost <abbr title="−189/271">69.7%</abbr> of its health!)</small><br></div><div class="battle-history"><small>Venusaur's Special Attack fell harshly!</small><br></div><div class="spacer battle-history"><br></div><div class="battle-history">The opposing Diancie fainted!<br></div><div class="chat chatmessage-heyimdeath"><strong style="color:hsl(358,68%,49.281586468573096%)"><small>+</small><span class="username" data-name="Heyimdeath">Heyimdeath</span>:</strong> <em>!weak Diance</em></div><div class="chat"><div class="infobox">Diance isn't a recognized type or pokemon.</div></div><div class="chat chatmessage-azuraiototsuki"><strong style="color:hsl(277,45%,54.33725288562626%)"><small>+</small><span class="username" data-name="Azurai_Ototsuki">Azurai_Ototsuki</span>:</strong> <em>o.o</em></div><div class="chat chatmessage-24rajorshidas"><strong style="color:hsl(6,62%,46.01441387745281%)"><small>+</small><span class="username" data-name="24 Rajorshi Das">24 Rajorshi Das</span>:</strong> <em>!weak qwilfish</em></div><div class="chat"><div class="infobox">Qwilfish (ignoring abilities):<br><span class="message-effect-weak">Weaknesses</span>: Electric, Ground, Psychic<br><span class="message-effect-resist">Resistances</span>: Bug, Fairy, Fighting, Fire, Ice, Poison, Steel, Water<br><span class="message-effect-immune">Immunities</span>: <font color="#999999">None</font></div></div><div class="chat chatmessage-azuraiototsuki"><strong style="color:hsl(277,45%,54.33725288562626%)"><small>+</small><span class="username" data-name="Azurai_Ototsuki">Azurai_Ototsuki</span>:</strong> <em>!Weak Diancie</em></div><div class="chat"><div class="infobox">Diancie (ignoring abilities):<br><span class="message-effect-weak">Weaknesses</span>: Grass, Ground, <b>Steel</b>, Water<br><span class="message-effect-resist">Resistances</span>: Bug, Dark, Fire, Flying, Normal<br><span class="message-effect-immune">Immunities</span>: Dragon</div></div><div class="chat"><small>peckerrhead joined.</small></div><div class="spacer battle-history"><br></div><div class="battle-history">emptybottle sent out <strong>Liepard</strong>!<br></div><div class="spacer battle-history"><br></div><h2 class="battle-history">Turn 20</h2><div class="chat chatmessage-eney189"><strong style="color:hsl(69,43%,35%)"><small>+</small><span class="username" data-name="Eney189">Eney189</span>:</strong> <em>!weak diancie</em></div><div class="chat"><div class="infobox">Diancie (ignoring abilities):<br><span class="message-effect-weak">Weaknesses</span>: Grass, Ground, <b>Steel</b>, Water<br><span class="message-effect-resist">Resistances</span>: Bug, Dark, Fire, Flying, Normal<br><span class="message-effect-immune">Immunities</span>: Dragon</div></div><div class="chat chatmessage-sebas4906"><strong style="color:hsl(330,74%,43.2098127953648%)"><small>+</small><span class="username" data-name="Sebas4906">Sebas4906</span>:</strong> <em>Ive had this doubt is Pari a she or a he</em></div><div class="chat chatmessage-eney189"><strong style="color:hsl(69,43%,35%)"><small>+</small><span class="username" data-name="Eney189">Eney189</span>:</strong> <em>!dt liepard</em></div><div class="chat message-error">[outdated code no longer supported]</div><div class="chat"><font size="1"><font color="#686868">Dex#:</font> 510&nbsp;|  <font color="#686868">Gen:</font> 5&nbsp;|  <font color="#686868">Height:</font> 1.1 m&nbsp;|  <font color="#686868">Weight:</font> 37.5 kg <em>(60 BP)</em>&nbsp;|  <font color="#686868">Dex Colour:</font> Purple&nbsp;|  <font color="#686868">Egg Group(s):</font> Field&nbsp;|  <font color="#686868">Does Not Evolve</font></font></div><div class="chat chatmessage-texasfootball"><strong style="color:hsl(183,47%,46%)"><small>+</small><span class="username" data-name="Texas Football">Texas Football</span>:</strong> <em>!weak liepard</em></div><div class="chat"><div class="infobox">Liepard (ignoring abilities):<br><span class="message-effect-weak">Weaknesses</span>: Bug, Fairy, Fighting<br><span class="message-effect-resist">Resistances</span>: Dark, Ghost<br><span class="message-effect-immune">Immunities</span>: Psychic</div></div><div class="chat chatmessage-24rajorshidas"><strong style="color:hsl(6,62%,46.01441387745281%)"><small>+</small><span class="username" data-name="24 Rajorshi Das">24 Rajorshi Das</span>:</strong> <em>he</em></div><div class="chat chatmessage-eney189"><strong style="color:hsl(69,43%,35%)"><small>+</small><span class="username" data-name="Eney189">Eney189</span>:</strong> <em>Prankster is banned, so don't worry</em></div><div class="chat chatmessage-bernmoses"><strong style="color:hsl(35,55%,40%)"><small>+</small><span class="username" data-name="BernMoses">BernMoses</span>:</strong> <em>safe to say who won...</em></div><div class="spacer battle-history"><br></div><div class="battle-history">Venusaur, come back!<br></div><div class="battle-history">Go! <strong>Sawk</strong>!<br></div><div class="battle-history"><small>Pointed stones dug into Sawk!</small><br></div><div class="spacer battle-history"><br></div><div class="battle-history">The opposing Liepard is paralyzed! It can't move!<br></div><div class="spacer battle-history"><br></div><h2 class="battle-history">Turn 21</h2><div class="chat chatmessage-sebas4906"><strong style="color:hsl(330,74%,43.2098127953648%)"><small>+</small><span class="username" data-name="Sebas4906">Sebas4906</span>:</strong> <em>gg</em></div><div class="chat chatmessage-sebas4906"><strong style="color:hsl(330,74%,43.2098127953648%)"><small>+</small><span class="username" data-name="Sebas4906">Sebas4906</span>:</strong> <em>close combat and rip</em></div><div class="chat chatmessage-eney189"><strong style="color:hsl(69,43%,35%)"><small>+</small><span class="username" data-name="Eney189">Eney189</span>:</strong> <em>yeah</em></div><div class="chat chatmessage-eney189"><strong style="color:hsl(69,43%,35%)"><small>+</small><span class="username" data-name="Eney189">Eney189</span>:</strong> <em>sorry emptybottl</em></div><div class="chat chatmessage-24rajorshidas"><strong style="color:hsl(6,62%,46.01441387745281%)"><small>+</small><span class="username" data-name="24 Rajorshi Das">24 Rajorshi Das</span>:</strong> <em>yea</em></div><div class="chat chatmessage-24rajorshidas"><strong style="color:hsl(6,62%,46.01441387745281%)"><small>+</small><span class="username" data-name="24 Rajorshi Das">24 Rajorshi Das</span>:</strong> <em>6-0 is shame ful</em></div><div class="chat chatmessage-azuraiototsuki"><strong style="color:hsl(277,45%,54.33725288562626%)"><small>+</small><span class="username" data-name="Azurai_Ototsuki">Azurai_Ototsuki</span>:</strong> <em>..Just no.</em></div><div class="chat"><small>Tommy12346 left.</small></div><div class="chat chatmessage-azuraiototsuki"><strong style="color:hsl(277,45%,54.33725288562626%)"><small>+</small><span class="username" data-name="Azurai_Ototsuki">Azurai_Ototsuki</span>:</strong> <em>Liepard is so fqed.</em></div><div class="chat chatmessage-texasfootball"><strong style="color:hsl(183,47%,46%)"><small>+</small><span class="username" data-name="Texas Football">Texas Football</span>:</strong> <em>get dat 6-0</em></div><div class="spacer battle-history"><br></div><div class="battle-history">emptybottle withdrew Liepard!<br></div><div class="battle-history">emptybottle sent out <strong>Qwilfish</strong>!<br></div><div class="battle-history"><small>[The opposing Qwilfish's Intimidate]</small><br></div><div class="battle-history"><small>Sawk's Attack fell!</small><br></div><div class="spacer battle-history"><br></div><div class="battle-history">Sawk used <strong>Close Combat</strong>!<br></div><div class="battle-history"><small>It's not very effective...</small><br></div><div class="battle-history"><small>A critical hit!</small><br></div><div class="battle-history"><small>(The opposing Qwilfish lost <abbr title="−291/301">96.7%</abbr> of its health!)</small><br></div><div class="battle-history"><small>Sawk's Defense fell!</small><br></div><div class="battle-history"><small>Sawk's Special Defense fell!</small><br></div><div class="spacer battle-history"><br></div><h2 class="battle-history">Turn 22</h2><div class="chat"><small>Ciosk joined.</small></div><div class="chat chatmessage-eney189"><strong style="color:hsl(69,43%,35%)"><small>+</small><span class="username" data-name="Eney189">Eney189</span>:</strong> <em>OOOHHHH</em></div><div class="chat chatmessage-sebas4906"><strong style="color:hsl(330,74%,43.2098127953648%)"><small>+</small><span class="username" data-name="Sebas4906">Sebas4906</span>:</strong> <em>crit lol</em></div><div class="chat chatmessage-azuraiototsuki"><strong style="color:hsl(277,45%,54.33725288562626%)"><small>+</small><span class="username" data-name="Azurai_Ototsuki">Azurai_Ototsuki</span>:</strong> <em>Ooo</em></div><div class="spacer battle-history"><br></div><div class="battle-history">Sawk used <strong>Close Combat</strong>!<br></div><div class="battle-history"><small>It's not very effective...</small><br></div><div class="battle-history"><small>(The opposing Qwilfish lost <abbr title="−10/301">3.3%</abbr> of its health!)</small><br></div><div class="battle-history"><small>Sawk's Defense fell!</small><br></div><div class="battle-history"><small>Sawk's Special Defense fell!</small><br></div><div class="spacer battle-history"><br></div><div class="battle-history">The opposing Qwilfish fainted!<br></div><div class="chat chatmessage-eney189"><strong style="color:hsl(69,43%,35%)"><small>+</small><span class="username" data-name="Eney189">Eney189</span>:</strong> <em>AAAAAIIIYYYEEEE</em></div><div class="chat chatmessage-24rajorshidas"><strong style="color:hsl(6,62%,46.01441387745281%)"><small>+</small><span class="username" data-name="24 Rajorshi Das">24 Rajorshi Das</span>:</strong> <em>LOL</em></div><div class="spacer battle-history"><br></div><div class="battle-history">emptybottle sent out <strong>Liepard</strong>!<br></div><div class="spacer battle-history"><br></div><h2 class="battle-history">Turn 23</h2><div class="chat chatmessage-azuraiototsuki"><strong style="color:hsl(277,45%,54.33725288562626%)"><small>+</small><span class="username" data-name="Azurai_Ototsuki">Azurai_Ototsuki</span>:</strong> <em>OOOOOOOOOOOOO</em></div><div class="spacer battle-history"><br></div><div class="battle-history">The opposing Liepard used <strong>Copycat</strong>!<br></div><div class="spacer battle-history"><br></div><div class="battle-history">The opposing Liepard used <strong>Close Combat</strong>!<br></div><div class="battle-history"><small>(Sawk lost <abbr title="−188/291">64.6%</abbr> of its health!)</small><br></div><div class="battle-history"><small>The opposing Liepard's Defense fell!</small><br></div><div class="battle-history"><small>The opposing Liepard's Special Defense fell!</small><br></div><div class="spacer battle-history"><br></div><div class="battle-history">Sawk used <strong>Close Combat</strong>!<br></div><div class="battle-history"><small>It's super effective!</small><br></div><div class="battle-history"><small>The opposing Liepard hung on using its Focus Sash!</small><br></div><div class="battle-history"><small>(The opposing Liepard lost <abbr title="−268/269">99.6%</abbr> of its health!)</small><br></div><div class="battle-history"><small>Sawk's Defense fell!</small><br></div><div class="battle-history"><small>Sawk's Special Defense fell!</small><br></div><div class="spacer battle-history"><br></div><h2 class="battle-history">Turn 24</h2><div class="chat chatmessage-eney189"><strong style="color:hsl(69,43%,35%)"><small>+</small><span class="username" data-name="Eney189">Eney189</span>:</strong> <em>GGGGGGGGGGGGGGGG</em></div><div class="chat chatmessage-parivard"><strong style="color:hsl(57,48%,42.076211683202175%)"><small>★</small><span class="username" data-name="parivard☎☀️">parivard☎☀️</span>:</strong> <em>LMAO</em></div><div class="chat chatmessage-emptybottle"><strong style="color:hsl(253,61%,61.94114926265178%)"><small>★</small><span class="username" data-name="emptybottle">emptybottle</span>:</strong> <em>gg</em></div><div class="chat chatmessage-azuraiototsuki"><strong style="color:hsl(277,45%,54.33725288562626%)"><small>+</small><span class="username" data-name="Azurai_Ototsuki">Azurai_Ototsuki</span>:</strong> <em>YESSS</em></div><div class="chat chatmessage-parivard"><strong style="color:hsl(57,48%,42.076211683202175%)"><small>★</small><span class="username" data-name="parivard☎☀️">parivard☎☀️</span>:</strong> <em>gg</em></div><div class="chat chatmessage-sebas4906"><strong style="color:hsl(330,74%,43.2098127953648%)"><small>+</small><span class="username" data-name="Sebas4906">Sebas4906</span>:</strong> <em>1</em></div><div class="chat chatmessage-azuraiototsuki"><strong style="color:hsl(277,45%,54.33725288562626%)"><small>+</small><span class="username" data-name="Azurai_Ototsuki">Azurai_Ototsuki</span>:</strong> <em>LEGGO</em></div><div class="spacer battle-history"><br></div><div class="battle-history">Sawk, come back!<br></div><div class="battle-history">Go! <strong>Venusaur</strong>!<br></div><div class="battle-history"><small>Pointed stones dug into Venusaur!</small><br></div><div class="spacer battle-history"><br></div><div class="battle-history">The opposing Liepard used <strong>Copycat</strong>!<br></div><div class="spacer battle-history"><br></div><div class="battle-history">The opposing Liepard used <strong>Close Combat</strong>!<br></div><div class="battle-history"><small>It's not very effective...</small><br></div><div class="battle-history"><small>(Venusaur lost <abbr title="−42/301">14.0%</abbr> of its health!)</small><br></div><div class="battle-history"><small>The opposing Liepard's Defense fell!</small><br></div><div class="battle-history"><small>The opposing Liepard's Special Defense fell!</small><br></div><div class="spacer battle-history"><br></div><h2 class="battle-history">Turn 25</h2><div class="chat"><small>BiotechAkash joined.</small></div><div class="chat chatmessage-sebas4906"><strong style="color:hsl(330,74%,43.2098127953648%)"><small>+</small><span class="username" data-name="Sebas4906">Sebas4906</span>:</strong> <em>GET READY BOI</em></div><div class="chat chatmessage-azuraiototsuki"><strong style="color:hsl(277,45%,54.33725288562626%)"><small>+</small><span class="username" data-name="Azurai_Ototsuki">Azurai_Ototsuki</span>:</strong> <em>YASS PARI</em></div><div class="chat chatmessage-eney189"><strong style="color:hsl(69,43%,35%)"><small>+</small><span class="username" data-name="Eney189">Eney189</span>:</strong> <em>THE 6-0</em></div><div class="chat"><small>Dawn505 left.</small></div><div class="spacer battle-history"><br></div><div class="battle-history">The opposing Liepard used <strong>Copycat</strong>!<br></div><div class="spacer battle-history"><br></div><div class="battle-history">The opposing Liepard used <strong>Close Combat</strong>!<br></div><div class="battle-history"><small>It's not very effective...</small><br></div><div class="battle-history"><small>(Venusaur lost <abbr title="−42/301">14.0%</abbr> of its health!)</small><br></div><div class="battle-history"><small>The opposing Liepard's Defense fell!</small><br></div><div class="battle-history"><small>The opposing Liepard's Special Defense fell!</small><br></div><div class="spacer battle-history"><br></div><div class="battle-history">Venusaur used <strong>Sludge Bomb</strong>!<br></div><div class="battle-history"><small>(The opposing Liepard lost <abbr title="−1/269">0.4%</abbr> of its health!)</small><br></div><div class="spacer battle-history"><br></div><div class="battle-history">The opposing Liepard fainted!<br></div><div class="spacer battle-history"><br></div><div class="battle-history"><strong>parivard☎☀️</strong> won the battle!<br></div><div class="chat chatmessage-eney189"><strong style="color:hsl(69,43%,35%)"><small>+</small><span class="username" data-name="Eney189">Eney189</span>:</strong> <em>OMGGGGGG</em></div><div class="chat chatmessage-texasfootball"><strong style="color:hsl(183,47%,46%)"><small>+</small><span class="username" data-name="Texas Football">Texas Football</span>:</strong> <em>!learn sawk,mach punch</em></div><div class="chat"><div class="infobox">In Gen 7, Sawk <span class="message-learn-cannotlearn">can't</span> learn Mach Punch</div></div><div class="chat"><small>emptybottle left.</small></div><div class="chat"><small>David53 joined.</small></div><div class="chat"><small>parivard☎☀️ left.</small></div><div class="chat"><small>Chorenn left.</small></div><div class="chat"><small>Goitya left.</small></div><div class="chat chatmessage-azuraiototsuki"><strong style="color:hsl(277,45%,54.33725288562626%)"><small>+</small><span class="username" data-name="Azurai_Ototsuki">Azurai_Ototsuki</span>:</strong> <em>YESS</em></div><div class="chat"><small>David53 left.</small></div><div class="chat"><small>Texas Football left.</small></div><div class="chat"><small>Dennis Rommedahl left.</small></div><div class="chat"><small>Azurai_Ototsuki left.</small></div><div class="chat"><small>Eney189 left.</small></div><div class="chat chatmessage-24rajorshidas"><strong style="color:hsl(6,62%,46.01441387745281%)"><small>+</small><span class="username" data-name="24 Rajorshi Das">24 Rajorshi Das</span>:</strong> <em>yes</em></div><div class="chat chatmessage-24rajorshidas"><strong style="color:hsl(6,62%,46.01441387745281%)"><small>+</small><span class="username" data-name="24 Rajorshi Das">24 Rajorshi Das</span>:</strong> <em>!</em></div><div class="chat"><small>Cheese_Dip left.</small></div><div class="chat"><small>Vaporeon = Moist left.</small></div><div class="chat"><small>peckerrhead left.</small></div><div class="chat"><small>24 Rajorshi Das left.</small></div><div class="chat"><small>lnfo left.</small></div><div class="chat"><small>Garagesale left.</small></div><div class="chat"><small>Mr.Jeffary left.</small></div><div class="chat"><small>northnapty left.</small></div><div class="chat"><small>BernMoses left.</small></div><div class="chat"><small>Ciosk left.</small></div><div class="chat"><small>XKIDJAYX20 left.</small></div><div class="chat"><small>peckerrhead joined.</small></div><div class="chat"><small>Heyimdeath left.</small></div><div class="chat"><small>PokeTrainerTarioE left.</small></div><div class="chat"><small>peckerrhead left.</small></div><div class="chat"><small>Elder SaiBot left.</small></div><div class="chat"><small>sezuru left.</small></div><div class="chat"><small>pradhaaan✿公主 joined.</small></div><div class="chat"><small>DJCHOZLEY left.</small></div><div class="chat"><small>Kakashi4 left.</small></div><div class="chat"><small>5ho.0 left.</small></div><div class="chat"><small>KCstar left.</small></div><div class="chat"><small>Wantmyar left.</small></div></div><div class="inner-preempt"></div></div></div>
</div>
<script>
let daily = Math.floor(Date.now()/1000/60/60/24);document.write('<script src="https://play.pokemonshowdown.com/js/replay-embed.js?version'+daily+'"></'+'script>');
</script>
