<!DOCTYPE html>
<meta charset="utf-8" />
<!-- version 1 -->
<title>RU replay: Jeran vs. HexxaL</title>
<style>
html,body {font-family:Verdana, sans-serif;font-size:10pt;margin:0;padding:0;}body{padding:12px 0;} .battle-log {font-family:Verdana, sans-serif;font-size:10pt;} .battle-log-inline {border:1px solid #AAAAAA;background:#EEF2F5;color:black;max-width:640px;margin:0 auto 80px;padding-bottom:5px;} .battle-log .inner {padding:4px 8px 0px 8px;} .battle-log .inner-preempt {padding:0 8px 4px 8px;} .battle-log .inner-after {margin-top:0.5em;} .battle-log h2 {margin:0.5em -8px;padding:4px 8px;border:1px solid #AAAAAA;background:#E0E7EA;border-left:0;border-right:0;font-family:Verdana, sans-serif;font-size:13pt;} .battle-log .chat {vertical-align:middle;padding:3px 0 3px 0;font-size:8pt;} .battle-log .chat strong {color:#40576A;} .battle-log .chat em {padding:1px 4px 1px 3px;color:#000000;font-style:normal;} .chat.mine {background:rgba(0,0,0,0.05);margin-left:-8px;margin-right:-8px;padding-left:8px;padding-right:8px;} .spoiler {color:#BBBBBB;background:#BBBBBB;padding:0px 3px;} .spoiler:hover, .spoiler:active, .spoiler-shown {color:#000000;background:#E2E2E2;padding:0px 3px;} .spoiler a {color:#BBBBBB;} .spoiler:hover a, .spoiler:active a, .spoiler-shown a {color:#2288CC;} .chat code, .chat .spoiler:hover code, .chat .spoiler:active code, .chat .spoiler-shown code {border:1px solid #C0C0C0;background:#EEEEEE;color:black;padding:0 2px;} .chat .spoiler code {border:1px solid #CCCCCC;background:#CCCCCC;color:#CCCCCC;} .battle-log .rated {padding:3px 4px;} .battle-log .rated strong {color:white;background:#89A;padding:1px 4px;border-radius:4px;} .spacer {margin-top:0.5em;} .message-announce {background:#6688AA;color:white;padding:1px 4px 2px;} .message-announce a, .broadcast-green a, .broadcast-blue a, .broadcast-red a {color:#DDEEFF;} .broadcast-green {background-color:#559955;color:white;padding:2px 4px;} .broadcast-blue {background-color:#6688AA;color:white;padding:2px 4px;} .infobox {border:1px solid #6688AA;padding:2px 4px;} .infobox-limited {max-height:200px;overflow:auto;overflow-x:hidden;} .broadcast-red {background-color:#AA5544;color:white;padding:2px 4px;} .message-learn-canlearn {font-weight:bold;color:#228822;text-decoration:underline;} .message-learn-cannotlearn {font-weight:bold;color:#CC2222;text-decoration:underline;} .message-effect-weak {font-weight:bold;color:#CC2222;} .message-effect-resist {font-weight:bold;color:#6688AA;} .message-effect-immune {font-weight:bold;color:#666666;} .message-learn-list {margin-top:0;margin-bottom:0;} .message-throttle-notice, .message-error {color:#992222;} .message-overflow, .chat small.message-overflow {font-size:0pt;} .message-overflow::before {font-size:9pt;content:'...';} .subtle {color:#3A4A66;}
</style>
<div class="wrapper replay-wrapper" style="max-width:1180px;margin:0 auto">
<input type="hidden" name="replayid" value="ru-494785425" />
<div class="battle"></div><div class="battle-log"></div><div class="replay-controls"></div><div class="replay-controls-2"></div>
<h1 style="font-weight:normal;text-align:center"><strong>RU</strong><br /><a href="http://pokemonshowdown.com/users/jeran" class="subtle" target="_blank">Jeran</a> vs. <a href="http://pokemonshowdown.com/users/hexxal" class="subtle" target="_blank">HexxaL</a></h1>
<script type="text/plain" class="battle-log-data">|j|Jeran
|j|HexxaL
|j|Stats Bot
|player|p1|Jeran|91
|player|p2|HexxaL|209
|gametype|singles
|gen|6
|tier|RU
|seed|52789,50158,13889,43086
|rule|Sleep Clause Mod: Limit one foe put to sleep
|rule|Species Clause: Limit one of each Pokémon
|rule|OHKO Clause: OHKO moves are banned
|rule|Moody Clause: Moody is banned
|rule|Evasion Moves Clause: Evasion moves are banned
|rule|Endless Battle Clause: Forcing endless battles is banned
|rule|HP Percentage Mod: HP is shown in percentages
|clearpoke
|poke|p1|Gurdurr, F|item
|poke|p1|Drapion, F|item
|poke|p1|Sigilyph, M|item
|poke|p1|Steelix, M|item
|poke|p1|Alomomola, M|item
|poke|p1|Barbaracle, M|item
|poke|p2|Druddigon, F|item
|poke|p2|Jolteon, M|item
|poke|p2|Escavalier, M|item
|poke|p2|Slowking, M|item
|poke|p2|Virizion, shiny|item
|poke|p2|Golbat, M|item
|rule|Swagger Clause: Swagger is banned
|rule|Baton Pass Clause: Limit one Baton Passer, can't pass Spe and other stats simultaneously
|teampreview
|l|Stats Bot
|j|DJCHOZLEY
|j|Jahim ✦
|l|DJCHOZLEY
|j|pradhaaan
|choice|team 4, team 2, team 3, team 1, team 5, team 6|team 1, team 2, team 3, team 4, team 5, team 6
|
|start
|switch|p1a: Steelix|Steelix, M|354\/354
|switch|p2a: Druddigon|Druddigon, F|357\/357
|turn|1
|choice|move stealthrock|move stealthrock
|
|move|p2a: Druddigon|Stealth Rock|p1a: Steelix
|-sidestart|p1: Jeran|move: Stealth Rock
|move|p1a: Steelix|Stealth Rock|p2a: Druddigon
|-sidestart|p2: HexxaL|move: Stealth Rock
|
|upkeep
|turn|2
|choice|move earthquake|move dragontail
|
|move|p1a: Steelix|Earthquake|p2a: Druddigon
|-damage|p2a: Druddigon|276\/357
|move|p2a: Druddigon|Dragon Tail|p1a: Steelix
|-resisted|p1a: Steelix
|-damage|p1a: Steelix|330\/354
|drag|p1a: Alomomola|Alomomola, M|501\/501
|-damage|p1a: Alomomola|439\/501|[from] Stealth Rock
|
|-heal|p1a: Alomomola|470\/501|[from] item: Leftovers
|upkeep
|turn|3
|choice|move toxic|move dragontail
|
|move|p1a: Alomomola|Toxic|p2a: Druddigon
|-status|p2a: Druddigon|tox
|move|p2a: Druddigon|Dragon Tail|p1a: Alomomola|[miss]
|-miss|p2a: Druddigon|p1a: Alomomola
|
|-heal|p1a: Alomomola|501\/501|[from] item: Leftovers
|-damage|p2a: Druddigon|254\/357 tox|[from] psn
|upkeep
|turn|4
|choice|move scald|move gunkshot
|
|move|p1a: Alomomola|Scald|p2a: Druddigon
|-resisted|p2a: Druddigon
|-damage|p2a: Druddigon|230\/357 tox
|move|p2a: Druddigon|Gunk Shot|p1a: Alomomola
|-damage|p1a: Alomomola|393\/501
|
|-heal|p1a: Alomomola|424\/501|[from] item: Leftovers
|-damage|p2a: Druddigon|186\/357 tox|[from] psn
|upkeep
|turn|5
|j|bruderjonas
|choice|switch 5|switch 5
|
|switch|p1a: Steelix|Steelix, M|330\/354
|-damage|p1a: Steelix|319\/354|[from] Stealth Rock
|switch|p2a: Virizion|Virizion, shiny|323\/323
|-damage|p2a: Virizion|303\/323|[from] Stealth Rock
|
|-heal|p1a: Steelix|341\/354|[from] item: Leftovers
|upkeep
|turn|6
|choice|move roar|move swordsdance
|
|move|p2a: Virizion|Swords Dance|p2a: Virizion
|-boost|p2a: Virizion|atk|2
|move|p1a: Steelix|Roar|p2a: Virizion
|drag|p2a: Slowking|Slowking, M|393\/393
|-damage|p2a: Slowking|344\/393|[from] Stealth Rock
|
|-heal|p2a: Slowking|368\/393|[from] item: Leftovers
|-heal|p1a: Steelix|354\/354|[from] item: Leftovers
|upkeep
|turn|7
|choice|switch 3|move scald
|
|switch|p1a: Sigilyph|Sigilyph, M|285\/285
|move|p2a: Slowking|Scald|p1a: Sigilyph
|-damage|p1a: Sigilyph|170\/285
|
|-heal|p2a: Slowking|392\/393|[from] item: Leftovers
|upkeep
|turn|8
|choice|move energyball|move thunderwave
|
|move|p1a: Sigilyph|Energy Ball|p2a: Slowking
|-supereffective|p2a: Slowking
|-damage|p2a: Slowking|179\/393
|move|p2a: Slowking|Thunder Wave|p1a: Sigilyph
|-status|p1a: Sigilyph|par
|
|-heal|p2a: Slowking|203\/393|[from] item: Leftovers
|upkeep
|turn|9
|choice|switch 2|switch 3
|
|switch|p2a: Escavalier|Escavalier, M|343\/343
|-damage|p2a: Escavalier|301\/343|[from] Stealth Rock
|switch|p1a: Drapion|Drapion, F|281\/281
|-damage|p1a: Drapion|246\/281|[from] Stealth Rock
|
|upkeep
|turn|10
|choice|switch 3|move megahorn
|
|switch|p1a: Steelix|Steelix, M|354\/354
|-damage|p1a: Steelix|343\/354|[from] Stealth Rock
|move|p2a: Escavalier|Megahorn|p1a: Steelix
|-resisted|p1a: Steelix
|-damage|p1a: Steelix|275\/354
|
|-heal|p1a: Steelix|297\/354|[from] item: Leftovers
|upkeep
|turn|11
|choice|move earthquake|move knockoff
|
|move|p2a: Escavalier|Knock Off|p1a: Steelix
|-damage|p1a: Steelix|235\/354
|-enditem|p1a: Steelix|Leftovers|[from] move: Knock Off|[of] p2a: Escavalier
|move|p1a: Steelix|Earthquake|p2a: Escavalier
|-damage|p2a: Escavalier|207\/343
|
|upkeep
|turn|12
|choice|move earthquake|switch 6
|
|switch|p2a: Golbat|Golbat, M|353\/353
|-damage|p2a: Golbat|265\/353|[from] Stealth Rock
|move|p1a: Steelix|Earthquake|p2a: Golbat
|-immune|p2a: Golbat|[msg]
|
|upkeep
|turn|13
|choice|move heavyslam|move superfang
|
|move|p2a: Golbat|Super Fang|p1a: Steelix|[miss]
|-miss|p2a: Golbat|p1a: Steelix
|move|p1a: Steelix|Heavy Slam|p2a: Golbat
|-crit|p2a: Golbat
|-damage|p2a: Golbat|87\/353
|
|upkeep
|turn|14
|c|★HexxaL|pls
|choice|move earthquake|move superfang
|
|move|p2a: Golbat|Super Fang|p1a: Steelix
|-damage|p1a: Steelix|118\/354
|move|p1a: Steelix|Earthquake|p2a: Golbat
|-immune|p2a: Golbat|[msg]
|
|upkeep
|turn|15
|choice|move heavyslam|move roost
|
|move|p2a: Golbat|Roost|p2a: Golbat
|-heal|p2a: Golbat|264\/353
|move|p1a: Steelix|Heavy Slam|p2a: Golbat
|-damage|p2a: Golbat|162\/353
|
|upkeep
|turn|16
|choice|move earthquake|move defog
|
|move|p2a: Golbat|Defog|p1a: Steelix
|-unboost|p1a: Steelix|evasion|1
|-sideend|p1: Jeran|Stealth Rock|[from] move: Defog|[of] p1a: Steelix
|-sideend|p2: HexxaL|Stealth Rock|[from] move: Defog|[of] p2a: Golbat
|move|p1a: Steelix|Earthquake|p2a: Golbat
|-immune|p2a: Golbat|[msg]
|
|upkeep
|turn|17
|choice|move stealthrock|move roost
|
|move|p2a: Golbat|Roost|p2a: Golbat
|-heal|p2a: Golbat|339\/353
|move|p1a: Steelix|Stealth Rock|p2a: Golbat
|-sidestart|p2: HexxaL|move: Stealth Rock
|
|upkeep
|turn|18
|choice|move heavyslam|move superfang
|
|move|p2a: Golbat|Super Fang|p1a: Steelix
|-damage|p1a: Steelix|59\/354
|move|p1a: Steelix|Heavy Slam|p2a: Golbat
|-damage|p2a: Golbat|225\/353
|
|upkeep
|turn|19
|choice|switch 3|move defog
|
|switch|p1a: Drapion|Drapion, F|246\/281
|move|p2a: Golbat|Defog|p1a: Drapion
|-unboost|p1a: Drapion|evasion|1
|-sideend|p2: HexxaL|Stealth Rock|[from] move: Defog|[of] p2a: Golbat
|
|upkeep
|turn|20
|choice|move knockoff|switch 5
|
|switch|p2a: Druddigon|Druddigon, F|186\/357 tox
|move|p1a: Drapion|Knock Off|p2a: Druddigon
|-damage|p2a: Druddigon|17\/357 tox
|-damage|p1a: Drapion|211\/281|[from] ability: Rough Skin|[of] p2a: Druddigon
|-damage|p1a: Drapion|165\/281|[from] item: Rocky Helmet|[of] p2a: Druddigon
|-enditem|p2a: Druddigon|Rocky Helmet|[from] move: Knock Off|[of] p1a: Drapion
|
|-damage|p2a: Druddigon|0 fnt|[from] psn
|upkeep
|faint|p2a: Druddigon
|l|bruderjonas
|choice||switch 6
|
|switch|p2a: Escavalier|Escavalier, M|207\/343
|turn|21
|choice|switch 3|move megahorn
|
|switch|p1a: Steelix|Steelix, M|59\/354
|move|p2a: Escavalier|Megahorn|p1a: Steelix
|-resisted|p1a: Steelix
|-damage|p1a: Steelix|0 fnt
|faint|p1a: Steelix
|
|upkeep
|choice|switch 5|
|
|switch|p1a: Alomomola|Alomomola, M|501\/501
|turn|22
|choice|move scald|switch 4
|
|switch|p2a: Virizion|Virizion, shiny|303\/323
|move|p1a: Alomomola|Scald|p2a: Virizion
|-resisted|p2a: Virizion
|-damage|p2a: Virizion|284\/323
|
|upkeep
|turn|23
|choice|switch 2|move leafblade
|
|switch|p1a: Sigilyph|Sigilyph, M|170\/285 par
|move|p2a: Virizion|Leaf Blade|p1a: Sigilyph
|-resisted|p1a: Sigilyph
|-damage|p1a: Sigilyph|95\/285 par
|
|upkeep
|turn|24
|choice|move roost|move stoneedge
|
|move|p2a: Virizion|Stone Edge|p1a: Sigilyph|[miss]
|-miss|p2a: Virizion|p1a: Sigilyph
|cant|p1a: Sigilyph|par
|
|upkeep
|turn|25
|choice|switch 4|move stoneedge
|
|switch|p1a: Gurdurr|Gurdurr, F|374\/374
|move|p2a: Virizion|Stone Edge|p1a: Gurdurr
|-resisted|p1a: Gurdurr
|-damage|p1a: Gurdurr|339\/374
|
|upkeep
|turn|26
|choice|move drainpunch|switch 5
|
|switch|p2a: Golbat|Golbat, M|225\/353
|move|p1a: Gurdurr|Drain Punch|p2a: Golbat
|-resisted|p2a: Golbat
|-damage|p2a: Golbat|197\/353
|-heal|p1a: Gurdurr|353\/374|[from] drain|[of] p2a: Golbat
|
|upkeep
|turn|27
|choice|switch 4|move roost
|
|switch|p1a: Sigilyph|Sigilyph, M|95\/285 par
|move|p2a: Golbat|Roost|p2a: Golbat
|-heal|p2a: Golbat|353\/353
|
|upkeep
|turn|28
|j|Kchamp
|choice|move heatwave|move bravebird
|
|move|p2a: Golbat|Brave Bird|p1a: Sigilyph
|-damage|p1a: Sigilyph|0 fnt
|-damage|p2a: Golbat|322\/353|[from] recoil|[of] p1a: Sigilyph
|faint|p1a: Sigilyph
|
|upkeep
|choice|switch 6|
|
|switch|p1a: Barbaracle|Barbaracle, M|285\/285
|turn|29
|choice|move stoneedge|switch 4
|
|switch|p2a: Escavalier|Escavalier, M|207\/343
|move|p1a: Barbaracle|Stone Edge|p2a: Escavalier
|-damage|p2a: Escavalier|59\/343
|
|upkeep
|turn|30
|choice|move stoneedge|move ironhead
|
|move|p1a: Barbaracle|Stone Edge|p2a: Escavalier|[miss]
|-miss|p1a: Barbaracle|p2a: Escavalier
|move|p2a: Escavalier|Iron Head|p1a: Barbaracle
|-damage|p1a: Barbaracle|149\/285
|
|upkeep
|turn|31
|choice|move stoneedge|move ironhead
|
|move|p1a: Barbaracle|Stone Edge|p2a: Escavalier
|-damage|p2a: Escavalier|0 fnt
|faint|p2a: Escavalier
|
|upkeep
|choice||switch 2
|
|switch|p2a: Jolteon|Jolteon, M|271\/271
|turn|32
|choice|switch 3|move thunderbolt
|
|switch|p1a: Drapion|Drapion, F|165\/281
|move|p2a: Jolteon|Thunderbolt|p1a: Drapion
|-damage|p1a: Drapion|0 fnt
|faint|p1a: Drapion
|
|upkeep
|choice|switch 4|
|
|switch|p1a: Gurdurr|Gurdurr, F|353\/374
|turn|33
|l|Jahim ✦
|choice|move knockoff|switch 4
|
|switch|p2a: Golbat|Golbat, M|322\/353
|move|p1a: Gurdurr|Knock Off|p2a: Golbat
|-damage|p2a: Golbat|229\/353
|-enditem|p2a: Golbat|Eviolite|[from] move: Knock Off|[of] p1a: Gurdurr
|
|upkeep
|turn|34
|choice|switch 2|move superfang
|
|switch|p1a: Alomomola|Alomomola, M|501\/501
|move|p2a: Golbat|Super Fang|p1a: Alomomola
|-damage|p1a: Alomomola|251\/501
|
|-heal|p1a: Alomomola|282\/501|[from] item: Leftovers
|upkeep
|turn|35
|choice|move wish|switch 5
|
|switch|p2a: Virizion|Virizion, shiny|284\/323
|move|p1a: Alomomola|Wish|p1a: Alomomola
|
|-heal|p1a: Alomomola|313\/501|[from] item: Leftovers
|upkeep
|turn|36
|choice|switch 2|move swordsdance
|
|switch|p1a: Gurdurr|Gurdurr, F|353\/374
|move|p2a: Virizion|Swords Dance|p2a: Virizion
|-boost|p2a: Virizion|atk|2
|
|-heal|p1a: Gurdurr|374\/374|[from] move: Wish|[wisher] Alomomola
|upkeep
|turn|37
|choice|move drainpunch|move leafblade
|
|move|p2a: Virizion|Leaf Blade|p1a: Gurdurr
|-damage|p1a: Gurdurr|176\/374
|move|p1a: Gurdurr|Drain Punch|p2a: Virizion
|-damage|p2a: Virizion|112\/323
|-heal|p1a: Gurdurr|262\/374|[from] drain|[of] p2a: Virizion
|
|upkeep
|turn|38
|j|Camelectro
|choice|move drainpunch|switch 5
|
|switch|p2a: Golbat|Golbat, M|229\/353
|move|p1a: Gurdurr|Drain Punch|p2a: Golbat
|-resisted|p2a: Golbat
|-damage|p2a: Golbat|187\/353
|-heal|p1a: Gurdurr|283\/374|[from] drain|[of] p2a: Golbat
|
|upkeep
|turn|39
|choice|switch 2|move roost
|
|switch|p1a: Alomomola|Alomomola, M|480\/501
|move|p2a: Golbat|Roost|p2a: Golbat
|-heal|p2a: Golbat|353\/353
|
|-heal|p1a: Alomomola|501\/501|[from] item: Leftovers
|upkeep
|turn|40
|choice|move wish|switch 4
|
|switch|p2a: Jolteon|Jolteon, M|271\/271
|move|p1a: Alomomola|Wish|p1a: Alomomola
|
|upkeep
|turn|41
|choice|switch 2|move thunderbolt
|
|switch|p1a: Gurdurr|Gurdurr, F|283\/374
|move|p2a: Jolteon|Thunderbolt|p1a: Gurdurr
|-damage|p1a: Gurdurr|33\/374
|
|-heal|p1a: Gurdurr|283\/374|[from] move: Wish|[wisher] Alomomola
|upkeep
|turn|42
|choice|move drainpunch|switch 4
|
|switch|p2a: Golbat|Golbat, M|353\/353
|move|p1a: Gurdurr|Drain Punch|p2a: Golbat
|-resisted|p2a: Golbat
|-damage|p2a: Golbat|310\/353
|-heal|p1a: Gurdurr|305\/374|[from] drain|[of] p2a: Golbat
|
|upkeep
|turn|43
|choice|move knockoff|switch 4
|
|switch|p2a: Jolteon|Jolteon, M|271\/271
|move|p1a: Gurdurr|Knock Off|p2a: Jolteon
|-crit|p2a: Jolteon
|-damage|p2a: Jolteon|15\/271
|-enditem|p2a: Jolteon|Choice Specs|[from] move: Knock Off|[of] p1a: Gurdurr
|
|upkeep
|turn|44
|c|★Jeran|shit
|choice|move machpunch|switch 4
|
|switch|p2a: Golbat|Golbat, M|310\/353
|move|p1a: Gurdurr|Mach Punch|p2a: Golbat
|-resisted|p2a: Golbat
|-damage|p2a: Golbat|288\/353
|
|upkeep
|turn|45
|choice|switch 2|move superfang
|
|switch|p1a: Alomomola|Alomomola, M|501\/501
|move|p2a: Golbat|Super Fang|p1a: Alomomola|[miss]
|-miss|p2a: Golbat|p1a: Alomomola
|
|upkeep
|turn|46
|j|Ourobore
|choice|move wish|move superfang
|
|move|p2a: Golbat|Super Fang|p1a: Alomomola
|-damage|p1a: Alomomola|251\/501
|move|p1a: Alomomola|Wish|p1a: Alomomola
|
|-heal|p1a: Alomomola|282\/501|[from] item: Leftovers
|upkeep
|turn|47
|choice|switch 3|move bravebird
|
|switch|p1a: Barbaracle|Barbaracle, M|149\/285
|move|p2a: Golbat|Brave Bird|p1a: Barbaracle
|-resisted|p1a: Barbaracle
|-damage|p1a: Barbaracle|92\/285
|-damage|p2a: Golbat|269\/353|[from] recoil|[of] p1a: Barbaracle
|
|-heal|p1a: Barbaracle|285\/285|[from] move: Wish|[wisher] Alomomola
|upkeep
|turn|48
|j|Jdcomix
|j|cyliia
|choice|switch 3|move roost
|
|switch|p1a: Alomomola|Alomomola, M|449\/501
|move|p2a: Golbat|Roost|p2a: Golbat
|-heal|p2a: Golbat|353\/353
|
|-heal|p1a: Alomomola|480\/501|[from] item: Leftovers
|upkeep
|turn|49
|choice|move wish|switch 3
|
|switch|p2a: Slowking|Slowking, M|334\/393
|move|p1a: Alomomola|Wish|p1a: Alomomola
|
|-heal|p1a: Alomomola|501\/501|[from] item: Leftovers
|-heal|p2a: Slowking|358\/393|[from] item: Leftovers
|upkeep
|turn|50
|choice|switch 2|move scald
|
|switch|p1a: Gurdurr|Gurdurr, F|305\/374
|move|p2a: Slowking|Scald|p1a: Gurdurr
|-damage|p1a: Gurdurr|185\/374
|-status|p1a: Gurdurr|brn
|
|-heal|p1a: Gurdurr|374\/374 brn|[from] move: Wish|[wisher] Alomomola
|-heal|p2a: Slowking|382\/393|[from] item: Leftovers
|-damage|p1a: Gurdurr|328\/374 brn|[from] brn
|upkeep
|turn|51
|choice|switch 2|switch 3
|
|switch|p1a: Alomomola|Alomomola, M|501\/501
|switch|p2a: Golbat|Golbat, M|353\/353
|
|upkeep
|turn|52
|choice|move scald|move superfang
|
|move|p2a: Golbat|Super Fang|p1a: Alomomola|[miss]
|-miss|p2a: Golbat|p1a: Alomomola
|move|p1a: Alomomola|Scald|p2a: Golbat
|-damage|p2a: Golbat|305\/353
|
|upkeep
|turn|53
|choice|move scald|move superfang
|
|move|p2a: Golbat|Super Fang|p1a: Alomomola
|-damage|p1a: Alomomola|251\/501
|move|p1a: Alomomola|Scald|p2a: Golbat
|-damage|p2a: Golbat|262\/353
|
|-heal|p1a: Alomomola|282\/501|[from] item: Leftovers
|upkeep
|turn|54
|choice|move scald|move superfang
|
|move|p2a: Golbat|Super Fang|p1a: Alomomola
|-damage|p1a: Alomomola|141\/501
|move|p1a: Alomomola|Scald|p2a: Golbat
|-damage|p2a: Golbat|220\/353
|
|-heal|p1a: Alomomola|172\/501|[from] item: Leftovers
|upkeep
|turn|55
|choice|switch 3|move bravebird
|
|switch|p1a: Barbaracle|Barbaracle, M|285\/285
|move|p2a: Golbat|Brave Bird|p1a: Barbaracle
|-resisted|p1a: Barbaracle
|-damage|p1a: Barbaracle|230\/285
|-damage|p2a: Golbat|202\/353|[from] recoil|[of] p1a: Barbaracle
|
|upkeep
|turn|56
|j|Pretamerienda
|j|JAAWSTICE!
|choice|move stoneedge|switch 3
|
|switch|p2a: Slowking|Slowking, M|393\/393
|move|p1a: Barbaracle|Stone Edge|p2a: Slowking
|-damage|p2a: Slowking|275\/393
|
|-heal|p2a: Slowking|299\/393|[from] item: Leftovers
|upkeep
|turn|57
|l|JAAWSTICE!
|choice|switch 3|move thunderwave
|
|switch|p1a: Alomomola|Alomomola, M|339\/501
|move|p2a: Slowking|Thunder Wave|p1a: Alomomola
|-status|p1a: Alomomola|par
|
|-heal|p2a: Slowking|323\/393|[from] item: Leftovers
|-heal|p1a: Alomomola|370\/501 par|[from] item: Leftovers
|upkeep
|turn|58
|choice|move toxic|move psyshock
|
|move|p2a: Slowking|Psyshock|p1a: Alomomola
|-damage|p1a: Alomomola|267\/501 par
|move|p1a: Alomomola|Toxic|p2a: Slowking
|-status|p2a: Slowking|tox
|
|-heal|p2a: Slowking|347\/393 tox|[from] item: Leftovers
|-heal|p1a: Alomomola|298\/501 par|[from] item: Leftovers
|-damage|p2a: Slowking|323\/393 tox|[from] psn
|upkeep
|turn|59
|choice|switch 3|switch 5
|
|switch|p2a: Virizion|Virizion, shiny|112\/323
|switch|p1a: Barbaracle|Barbaracle, M|230\/285
|
|upkeep
|turn|60
|j|parivard☎☀️
|j|Jahim ✦
|choice|move aerialace|switch 5
|
|switch|p2a: Slowking|Slowking, M|393\/393 tox
|move|p1a: Barbaracle|Aerial Ace|p2a: Slowking
|-damage|p2a: Slowking|326\/393 tox
|
|-heal|p2a: Slowking|350\/393 tox|[from] item: Leftovers
|-damage|p2a: Slowking|326\/393 tox|[from] psn
|upkeep
|turn|61
|j|tyranitartubeog
|choice|move aerialace|move scald
|
|move|p1a: Barbaracle|Aerial Ace|p2a: Slowking
|-damage|p2a: Slowking|260\/393 tox
|move|p2a: Slowking|Scald|p1a: Barbaracle
|-damage|p1a: Barbaracle|122\/285
|
|-heal|p2a: Slowking|284\/393 tox|[from] item: Leftovers
|-damage|p2a: Slowking|236\/393 tox|[from] psn
|upkeep
|turn|62
|choice|switch 3|move psyshock
|
|switch|p1a: Alomomola|Alomomola, M|465\/501 par
|move|p2a: Slowking|Psyshock|p1a: Alomomola
|-damage|p1a: Alomomola|374\/501 par
|
|-heal|p2a: Slowking|260\/393 tox|[from] item: Leftovers
|-heal|p1a: Alomomola|405\/501 par|[from] item: Leftovers
|-damage|p2a: Slowking|188\/393 tox|[from] psn
|upkeep
|turn|63
|l|parivard☎☀️
|j|Real_Uchiha_Sasuke
|choice|switch 3|switch 5
|
|switch|p2a: Virizion|Virizion, shiny|112\/323
|switch|p1a: Barbaracle|Barbaracle, M|122\/285
|
|upkeep
|turn|64
|c| Real_Uchiha_Sasuke|**hexxat go**
|choice|move aerialace|switch 5
|
|switch|p2a: Slowking|Slowking, M|319\/393 tox
|move|p1a: Barbaracle|Aerial Ace|p2a: Slowking
|-damage|p2a: Slowking|254\/393 tox
|
|-heal|p2a: Slowking|278\/393 tox|[from] item: Leftovers
|-damage|p2a: Slowking|254\/393 tox|[from] psn
|upkeep
|turn|65
|j|DJCHOZLEY
|j|ZyrusAxel
|choice|switch 3|move psyshock
|
|switch|p1a: Alomomola|Alomomola, M|501\/501 par
|move|p2a: Slowking|Psyshock|p1a: Alomomola
|-damage|p1a: Alomomola|399\/501 par
|
|-heal|p2a: Slowking|278\/393 tox|[from] item: Leftovers
|-heal|p1a: Alomomola|430\/501 par|[from] item: Leftovers
|-damage|p2a: Slowking|230\/393 tox|[from] psn
|upkeep
|turn|66
|choice|switch 2|switch 5
|
|switch|p2a: Virizion|Virizion, shiny|112\/323
|switch|p1a: Gurdurr|Gurdurr, F|328\/374 brn
|
|-damage|p1a: Gurdurr|282\/374 brn|[from] brn
|upkeep
|turn|67
|j|LPDP
|l|ZyrusAxel
|choice|move knockoff|switch 3
|
|switch|p2a: Golbat|Golbat, M|202\/353
|move|p1a: Gurdurr|Knock Off|p2a: Golbat
|-damage|p2a: Golbat|59\/353
|
|-damage|p1a: Gurdurr|236\/374 brn|[from] brn
|upkeep
|turn|68
|choice|switch 3|move roost
|
|switch|p1a: Barbaracle|Barbaracle, M|122\/285
|move|p2a: Golbat|Roost|p2a: Golbat
|-heal|p2a: Golbat|236\/353
|
|upkeep
|turn|69
|choice|move switcheroo|move bravebird
|
|move|p1a: Barbaracle|Switcheroo|p2a: Golbat
|-activate|p1a: Barbaracle|move: Trick|[of] p2a: Golbat
|-item|p2a: Golbat|Choice Scarf|[from] Trick
|move|p2a: Golbat|Brave Bird|p1a: Barbaracle
|-resisted|p1a: Barbaracle
|-damage|p1a: Barbaracle|68\/285
|-damage|p2a: Golbat|218\/353|[from] recoil|[of] p1a: Barbaracle
|
|upkeep
|turn|70
|choice|move stoneedge|switch 5
|
|switch|p2a: Slowking|Slowking, M|361\/393 tox
|move|p1a: Barbaracle|Stone Edge|p2a: Slowking
|-damage|p2a: Slowking|243\/393 tox
|
|-heal|p2a: Slowking|267\/393 tox|[from] item: Leftovers
|-damage|p2a: Slowking|243\/393 tox|[from] psn
|upkeep
|turn|71
|choice|switch 2|move scald
|
|switch|p1a: Alomomola|Alomomola, M|501\/501 par
|move|p2a: Slowking|Scald|p1a: Alomomola
|-resisted|p1a: Alomomola
|-damage|p1a: Alomomola|447\/501 par
|
|-heal|p2a: Slowking|267\/393 tox|[from] item: Leftovers
|-heal|p1a: Alomomola|478\/501 par|[from] item: Leftovers
|-damage|p2a: Slowking|219\/393 tox|[from] psn
|upkeep
|turn|72
|choice|move wish|move psyshock
|
|move|p2a: Slowking|Psyshock|p1a: Alomomola
|-damage|p1a: Alomomola|382\/501 par
|move|p1a: Alomomola|Wish|p1a: Alomomola
|
|-heal|p2a: Slowking|243\/393 tox|[from] item: Leftovers
|-heal|p1a: Alomomola|413\/501 par|[from] item: Leftovers
|-damage|p2a: Slowking|171\/393 tox|[from] psn
|upkeep
|turn|73
|choice|switch 3|move scald
|
|switch|p1a: Gurdurr|Gurdurr, F|236\/374 brn
|move|p2a: Slowking|Scald|p1a: Gurdurr
|-damage|p1a: Gurdurr|121\/374 brn
|
|-heal|p1a: Gurdurr|371\/374 brn|[from] move: Wish|[wisher] Alomomola
|-heal|p2a: Slowking|195\/393 tox|[from] item: Leftovers
|-damage|p1a: Gurdurr|325\/374 brn|[from] brn
|-damage|p2a: Slowking|99\/393 tox|[from] psn
|upkeep
|turn|74
|l|Jahim ✦
|choice|move knockoff|switch 5
|
|switch|p2a: Golbat|Golbat, M|218\/353
|move|p1a: Gurdurr|Knock Off|p2a: Golbat
|-damage|p2a: Golbat|15\/353
|-enditem|p2a: Golbat|Choice Scarf|[from] move: Knock Off|[of] p1a: Gurdurr
|
|-damage|p1a: Gurdurr|279\/374 brn|[from] brn
|upkeep
|turn|75
|choice|move machpunch|move roost
|
|move|p1a: Gurdurr|Mach Punch|p2a: Golbat
|-resisted|p2a: Golbat
|-damage|p2a: Golbat|0 fnt
|faint|p2a: Golbat
|
|-damage|p1a: Gurdurr|233\/374 brn|[from] brn
|upkeep
|c|★Jeran|wasnt good enough
|c|★Jeran|zzzz
|choice||switch 3
|
|switch|p2a: Virizion|Virizion, shiny|112\/323
|turn|76
|choice|move machpunch|move closecombat
|
|move|p1a: Gurdurr|Mach Punch|p2a: Virizion
|-damage|p2a: Virizion|0 fnt
|faint|p2a: Virizion
|
|-damage|p1a: Gurdurr|187\/374 brn|[from] brn
|upkeep
|choice||switch 5
|
|switch|p2a: Slowking|Slowking, M|230\/393 tox
|turn|77
|choice|move knockoff|move psyshock
|
|move|p1a: Gurdurr|Knock Off|p2a: Slowking
|-supereffective|p2a: Slowking
|-damage|p2a: Slowking|0 fnt
|-enditem|p2a: Slowking|Leftovers|[from] move: Knock Off|[of] p1a: Gurdurr
|faint|p2a: Slowking
|
|-damage|p1a: Gurdurr|141\/374 brn|[from] brn
|upkeep
|choice||switch 4
|
|switch|p2a: Jolteon|Jolteon, M|15\/271
|turn|78
|c|★HexxaL|gg
|c| Jdcomix|gurdurr sweep wtf
|choice|move machpunch|move thunderbolt
|
|move|p1a: Gurdurr|Mach Punch|p2a: Jolteon
|-damage|p2a: Jolteon|0 fnt
|faint|p2a: Jolteon
|
|win|Jeran
|player|p1
|player|p2
|l|HexxaL
|l|Camelectro
|l|Jdcomix
|l|cyliia
|l|Kchamp
|l|Pretamerienda
|l|Real_Uchiha_Sasuke
|j|HexxaL
|j|Crrs ☯
|l|Crrs ☯
|l|Ourobore
|l|Jeran</script>
</div>
<div class="battle-log battle-log-inline"><div class="inner"><div class="battle-options"></div><div class="inner"><div class="chat"><small>Jeran joined.</small></div><div class="chat"><small>HexxaL joined.</small></div><div class="chat"><small>Stats Bot joined.</small></div><div class=""><small>Format:</small> <br><strong>RU</strong></div><div class=""><small><em>Sleep Clause Mod:</em> Limit one foe put to sleep</small></div><div class=""><small><em>Species Clause:</em> Limit one of each Pokémon</small></div><div class=""><small><em>OHKO Clause:</em> OHKO moves are banned</small></div><div class=""><small><em>Moody Clause:</em> Moody is banned</small></div><div class=""><small><em>Evasion Moves Clause:</em> Evasion moves are banned</small></div><div class=""><small><em>Endless Battle Clause:</em> Forcing endless battles is banned</small></div><div class=""><small><em>HP Percentage Mod:</em> HP is shown in percentages</small></div><div class=""><small><em>Swagger Clause:</em> Swagger is banned</small></div><div class=""><small><em>Baton Pass Clause:</em> Limit one Baton Passer, can't pass Spe and other stats simultaneously</small></div><div class="chat battle-history"><strong>Jeran's team:</strong> <em style="color:#445566;display:block;">Gurdurr / Drapion / Sigilyph / Steelix / Alomomola / Barbaracle</em></div><div class="chat battle-history"><strong>HexxaL's team:</strong> <em style="color:#445566;display:block;">Druddigon / Jolteon / Escavalier / Slowking / Virizion / Golbat</em></div><div class="chat"><small>Stats Bot left.</small></div><div class="chat"><small>DJCHOZLEY joined.</small></div><div class="chat"><small>Jahim ✦ joined.</small></div><div class="chat"><small>DJCHOZLEY left.</small></div><div class="chat"><small>pradhaaan joined.</small></div><div class="spacer battle-history"><br></div><div class="battle-history">Battle started between Jeran and HexxaL!<br></div><div class="spacer battle-history"><br></div><div class="battle-history">Go! <strong>Steelix</strong>!<br></div><div class="spacer battle-history"><br></div><div class="battle-history">HexxaL sent out <strong>Druddigon</strong>!<br></div><div class="spacer battle-history"><br></div><h2 class="battle-history">Turn 1</h2><div class="spacer battle-history"><br></div><div class="battle-history">The opposing Druddigon used <strong>Stealth Rock</strong>!<br></div><div class="battle-history"><small>Pointed stones float in the air around your team!</small><br></div><div class="spacer battle-history"><br></div><div class="battle-history">Steelix used <strong>Stealth Rock</strong>!<br></div><div class="battle-history"><small>Pointed stones float in the air around the opposing team!</small><br></div><div class="spacer battle-history"><br></div><h2 class="battle-history">Turn 2</h2><div class="spacer battle-history"><br></div><div class="battle-history">Steelix used <strong>Earthquake</strong>!<br></div><div class="battle-history"><small>(The opposing Druddigon lost <abbr title="−81/357">22.7%</abbr> of its health!)</small><br></div><div class="spacer battle-history"><br></div><div class="battle-history">The opposing Druddigon used <strong>Dragon Tail</strong>!<br></div><div class="battle-history"><small>It's not very effective...</small><br></div><div class="battle-history"><small>(Steelix lost <abbr title="−24/354">6.8%</abbr> of its health!)</small><br></div><div class="spacer battle-history"><br></div><div class="battle-history"><strong>Alomomola</strong> was dragged out!<br></div><div class="battle-history"><small>Pointed stones dug into Alomomola!</small><br></div><div class="spacer battle-history"><br></div><div class="battle-history"><small>Alomomola restored a little HP using its Leftovers!</small><br></div><div class="spacer battle-history"><br></div><h2 class="battle-history">Turn 3</h2><div class="spacer battle-history"><br></div><div class="battle-history">Alomomola used <strong>Toxic</strong>!<br></div><div class="battle-history"><small>The opposing Druddigon was badly poisoned!</small><br></div><div class="spacer battle-history"><br></div><div class="battle-history">The opposing Druddigon used <strong>Dragon Tail</strong>!<br></div><div class="battle-history"><small>Alomomola avoided the attack!</small><br></div><div class="spacer battle-history"><br></div><div class="battle-history"><small>Alomomola restored a little HP using its Leftovers!</small><br></div><div class="battle-history"><small>The opposing Druddigon was hurt by poison!</small><br></div><div class="spacer battle-history"><br></div><h2 class="battle-history">Turn 4</h2><div class="spacer battle-history"><br></div><div class="battle-history">Alomomola used <strong>Scald</strong>!<br></div><div class="battle-history"><small>It's not very effective...</small><br></div><div class="battle-history"><small>(The opposing Druddigon lost <abbr title="−24/357">6.7%</abbr> of its health!)</small><br></div><div class="spacer battle-history"><br></div><div class="battle-history">The opposing Druddigon used <strong>Gunk Shot</strong>!<br></div><div class="battle-history"><small>(Alomomola lost <abbr title="−108/501">21.6%</abbr> of its health!)</small><br></div><div class="spacer battle-history"><br></div><div class="battle-history"><small>Alomomola restored a little HP using its Leftovers!</small><br></div><div class="battle-history"><small>The opposing Druddigon was hurt by poison!</small><br></div><div class="spacer battle-history"><br></div><h2 class="battle-history">Turn 5</h2><div class="chat"><small>bruderjonas joined.</small></div><div class="spacer battle-history"><br></div><div class="battle-history">Alomomola, come back!<br></div><div class="battle-history">Go! <strong>Steelix</strong>!<br></div><div class="battle-history"><small>Pointed stones dug into Steelix!</small><br></div><div class="spacer battle-history"><br></div><div class="battle-history">HexxaL withdrew Druddigon!<br></div><div class="battle-history">HexxaL sent out <strong>Virizion</strong>!<br></div><div class="battle-history"><small>Pointed stones dug into the opposing Virizion!</small><br></div><div class="spacer battle-history"><br></div><div class="battle-history"><small>Steelix restored a little HP using its Leftovers!</small><br></div><div class="spacer battle-history"><br></div><h2 class="battle-history">Turn 6</h2><div class="spacer battle-history"><br></div><div class="battle-history">The opposing Virizion used <strong>Swords Dance</strong>!<br></div><div class="battle-history"><small>The opposing Virizion's Attack rose sharply!</small><br></div><div class="spacer battle-history"><br></div><div class="battle-history">Steelix used <strong>Roar</strong>!<br></div><div class="spacer battle-history"><br></div><div class="battle-history"><strong>Slowking</strong> was dragged out!<br></div><div class="battle-history"><small>Pointed stones dug into the opposing Slowking!</small><br></div><div class="spacer battle-history"><br></div><div class="battle-history"><small>The opposing Slowking restored a little HP using its Leftovers!</small><br></div><div class="battle-history"><small>Steelix restored a little HP using its Leftovers!</small><br></div><div class="spacer battle-history"><br></div><h2 class="battle-history">Turn 7</h2><div class="spacer battle-history"><br></div><div class="battle-history">Steelix, come back!<br></div><div class="battle-history">Go! <strong>Sigilyph</strong>!<br></div><div class="spacer battle-history"><br></div><div class="battle-history">The opposing Slowking used <strong>Scald</strong>!<br></div><div class="battle-history"><small>(Sigilyph lost <abbr title="−115/285">40.4%</abbr> of its health!)</small><br></div><div class="spacer battle-history"><br></div><div class="battle-history"><small>The opposing Slowking restored a little HP using its Leftovers!</small><br></div><div class="spacer battle-history"><br></div><h2 class="battle-history">Turn 8</h2><div class="spacer battle-history"><br></div><div class="battle-history">Sigilyph used <strong>Energy Ball</strong>!<br></div><div class="battle-history"><small>It's super effective!</small><br></div><div class="battle-history"><small>(The opposing Slowking lost <abbr title="−213/393">54.2%</abbr> of its health!)</small><br></div><div class="spacer battle-history"><br></div><div class="battle-history">The opposing Slowking used <strong>Thunder Wave</strong>!<br></div><div class="battle-history"><small>Sigilyph is paralyzed! It may be unable to move!</small><br></div><div class="spacer battle-history"><br></div><div class="battle-history"><small>The opposing Slowking restored a little HP using its Leftovers!</small><br></div><div class="spacer battle-history"><br></div><h2 class="battle-history">Turn 9</h2><div class="spacer battle-history"><br></div><div class="battle-history">HexxaL withdrew Slowking!<br></div><div class="battle-history">HexxaL sent out <strong>Escavalier</strong>!<br></div><div class="battle-history"><small>Pointed stones dug into the opposing Escavalier!</small><br></div><div class="spacer battle-history"><br></div><div class="battle-history">Sigilyph, come back!<br></div><div class="battle-history">Go! <strong>Drapion</strong>!<br></div><div class="battle-history"><small>Pointed stones dug into Drapion!</small><br></div><div class="spacer battle-history"><br></div><h2 class="battle-history">Turn 10</h2><div class="spacer battle-history"><br></div><div class="battle-history">Drapion, come back!<br></div><div class="battle-history">Go! <strong>Steelix</strong>!<br></div><div class="battle-history"><small>Pointed stones dug into Steelix!</small><br></div><div class="spacer battle-history"><br></div><div class="battle-history">The opposing Escavalier used <strong>Megahorn</strong>!<br></div><div class="battle-history"><small>It's not very effective...</small><br></div><div class="battle-history"><small>(Steelix lost <abbr title="−68/354">19.2%</abbr> of its health!)</small><br></div><div class="spacer battle-history"><br></div><div class="battle-history"><small>Steelix restored a little HP using its Leftovers!</small><br></div><div class="spacer battle-history"><br></div><h2 class="battle-history">Turn 11</h2><div class="spacer battle-history"><br></div><div class="battle-history">The opposing Escavalier used <strong>Knock Off</strong>!<br></div><div class="battle-history"><small>(Steelix lost <abbr title="−62/354">17.5%</abbr> of its health!)</small><br></div><div class="battle-history"><small>The opposing Escavalier knocked off Steelix's Leftovers!</small><br></div><div class="spacer battle-history"><br></div><div class="battle-history">Steelix used <strong>Earthquake</strong>!<br></div><div class="battle-history"><small>(The opposing Escavalier lost <abbr title="−94/343">27.4%</abbr> of its health!)</small><br></div><div class="spacer battle-history"><br></div><h2 class="battle-history">Turn 12</h2><div class="spacer battle-history"><br></div><div class="battle-history">HexxaL withdrew Escavalier!<br></div><div class="battle-history">HexxaL sent out <strong>Golbat</strong>!<br></div><div class="battle-history"><small>Pointed stones dug into the opposing Golbat!</small><br></div><div class="spacer battle-history"><br></div><div class="battle-history">Steelix used <strong>Earthquake</strong>!<br></div><div class="battle-history"><small>It doesn't affect the opposing Golbat...</small><br></div><div class="spacer battle-history"><br></div><h2 class="battle-history">Turn 13</h2><div class="spacer battle-history"><br></div><div class="battle-history">The opposing Golbat used <strong>Super Fang</strong>!<br></div><div class="battle-history"><small>Steelix avoided the attack!</small><br></div><div class="spacer battle-history"><br></div><div class="battle-history">Steelix used <strong>Heavy Slam</strong>!<br></div><div class="battle-history"><small>A critical hit!</small><br></div><div class="battle-history"><small>(The opposing Golbat lost <abbr title="−178/353">50.4%</abbr> of its health!)</small><br></div><div class="spacer battle-history"><br></div><h2 class="battle-history">Turn 14</h2><div class="chat chatmessage-hexxal"><strong style="color:hsl(278,43%,52.71167609516483%)"><small>★</small><span class="username" data-name="HexxaL">HexxaL</span>:</strong> <em>pls</em></div><div class="spacer battle-history"><br></div><div class="battle-history">The opposing Golbat used <strong>Super Fang</strong>!<br></div><div class="battle-history"><small>(Steelix lost <abbr title="−117/354">33.1%</abbr> of its health!)</small><br></div><div class="spacer battle-history"><br></div><div class="battle-history">Steelix used <strong>Earthquake</strong>!<br></div><div class="battle-history"><small>It doesn't affect the opposing Golbat...</small><br></div><div class="spacer battle-history"><br></div><h2 class="battle-history">Turn 15</h2><div class="spacer battle-history"><br></div><div class="battle-history">The opposing Golbat used <strong>Roost</strong>!<br></div><div class="battle-history"><small>The opposing Golbat restored its HP.</small><br></div><div class="spacer battle-history"><br></div><div class="battle-history">Steelix used <strong>Heavy Slam</strong>!<br></div><div class="battle-history"><small>(The opposing Golbat lost <abbr title="−102/353">28.9%</abbr> of its health!)</small><br></div><div class="spacer battle-history"><br></div><h2 class="battle-history">Turn 16</h2><div class="spacer battle-history"><br></div><div class="battle-history">The opposing Golbat used <strong>Defog</strong>!<br></div><div class="battle-history"><small>Steelix's evasiveness fell!</small><br></div><div class="battle-history"><small>The pointed stones disappeared from around your team!</small><br></div><div class="battle-history"><small>The pointed stones disappeared from around the opposing team!</small><br></div><div class="spacer battle-history"><br></div><div class="battle-history">Steelix used <strong>Earthquake</strong>!<br></div><div class="battle-history"><small>It doesn't affect the opposing Golbat...</small><br></div><div class="spacer battle-history"><br></div><h2 class="battle-history">Turn 17</h2><div class="spacer battle-history"><br></div><div class="battle-history">The opposing Golbat used <strong>Roost</strong>!<br></div><div class="battle-history"><small>The opposing Golbat restored its HP.</small><br></div><div class="spacer battle-history"><br></div><div class="battle-history">Steelix used <strong>Stealth Rock</strong>!<br></div><div class="battle-history"><small>Pointed stones float in the air around the opposing team!</small><br></div><div class="spacer battle-history"><br></div><h2 class="battle-history">Turn 18</h2><div class="spacer battle-history"><br></div><div class="battle-history">The opposing Golbat used <strong>Super Fang</strong>!<br></div><div class="battle-history"><small>(Steelix lost <abbr title="−59/354">16.7%</abbr> of its health!)</small><br></div><div class="spacer battle-history"><br></div><div class="battle-history">Steelix used <strong>Heavy Slam</strong>!<br></div><div class="battle-history"><small>(The opposing Golbat lost <abbr title="−114/353">32.3%</abbr> of its health!)</small><br></div><div class="spacer battle-history"><br></div><h2 class="battle-history">Turn 19</h2><div class="spacer battle-history"><br></div><div class="battle-history">Steelix, come back!<br></div><div class="battle-history">Go! <strong>Drapion</strong>!<br></div><div class="spacer battle-history"><br></div><div class="battle-history">The opposing Golbat used <strong>Defog</strong>!<br></div><div class="battle-history"><small>Drapion's evasiveness fell!</small><br></div><div class="battle-history"><small>The pointed stones disappeared from around the opposing team!</small><br></div><div class="spacer battle-history"><br></div><h2 class="battle-history">Turn 20</h2><div class="spacer battle-history"><br></div><div class="battle-history">HexxaL withdrew Golbat!<br></div><div class="battle-history">HexxaL sent out <strong>Druddigon</strong>!<br></div><div class="spacer battle-history"><br></div><div class="battle-history">Drapion used <strong>Knock Off</strong>!<br></div><div class="battle-history"><small>(The opposing Druddigon lost <abbr title="−169/357">47.3%</abbr> of its health!)</small><br></div><div class="battle-history"><small>[The opposing Druddigon's Rough Skin]</small><br><small>Drapion was hurt!</small><br></div><div class="battle-history"><small>Drapion was hurt by the Rocky Helmet!</small><br></div><div class="battle-history"><small>Drapion knocked off the opposing Druddigon's Rocky Helmet!</small><br></div><div class="spacer battle-history"><br></div><div class="battle-history"><small>The opposing Druddigon was hurt by poison!</small><br></div><div class="spacer battle-history"><br></div><div class="battle-history">The opposing Druddigon fainted!<br></div><div class="chat"><small>bruderjonas left.</small></div><div class="spacer battle-history"><br></div><div class="battle-history">HexxaL sent out <strong>Escavalier</strong>!<br></div><div class="spacer battle-history"><br></div><h2 class="battle-history">Turn 21</h2><div class="spacer battle-history"><br></div><div class="battle-history">Drapion, come back!<br></div><div class="battle-history">Go! <strong>Steelix</strong>!<br></div><div class="spacer battle-history"><br></div><div class="battle-history">The opposing Escavalier used <strong>Megahorn</strong>!<br></div><div class="battle-history"><small>It's not very effective...</small><br></div><div class="battle-history"><small>(Steelix lost <abbr title="−59/354">16.7%</abbr> of its health!)</small><br></div><div class="spacer battle-history"><br></div><div class="battle-history">Steelix fainted!<br></div><div class="spacer battle-history"><br></div><div class="battle-history">Go! <strong>Alomomola</strong>!<br></div><div class="spacer battle-history"><br></div><h2 class="battle-history">Turn 22</h2><div class="spacer battle-history"><br></div><div class="battle-history">HexxaL withdrew Escavalier!<br></div><div class="battle-history">HexxaL sent out <strong>Virizion</strong>!<br></div><div class="spacer battle-history"><br></div><div class="battle-history">Alomomola used <strong>Scald</strong>!<br></div><div class="battle-history"><small>It's not very effective...</small><br></div><div class="battle-history"><small>(The opposing Virizion lost <abbr title="−19/323">5.9%</abbr> of its health!)</small><br></div><div class="spacer battle-history"><br></div><h2 class="battle-history">Turn 23</h2><div class="spacer battle-history"><br></div><div class="battle-history">Alomomola, come back!<br></div><div class="battle-history">Go! <strong>Sigilyph</strong>!<br></div><div class="spacer battle-history"><br></div><div class="battle-history">The opposing Virizion used <strong>Leaf Blade</strong>!<br></div><div class="battle-history"><small>It's not very effective...</small><br></div><div class="battle-history"><small>(Sigilyph lost <abbr title="−75/285">26.3%</abbr> of its health!)</small><br></div><div class="spacer battle-history"><br></div><h2 class="battle-history">Turn 24</h2><div class="spacer battle-history"><br></div><div class="battle-history">The opposing Virizion used <strong>Stone Edge</strong>!<br></div><div class="battle-history"><small>Sigilyph avoided the attack!</small><br></div><div class="spacer battle-history"><br></div><div class="battle-history">Sigilyph is paralyzed! It can't move!<br></div><div class="spacer battle-history"><br></div><h2 class="battle-history">Turn 25</h2><div class="spacer battle-history"><br></div><div class="battle-history">Sigilyph, come back!<br></div><div class="battle-history">Go! <strong>Gurdurr</strong>!<br></div><div class="spacer battle-history"><br></div><div class="battle-history">The opposing Virizion used <strong>Stone Edge</strong>!<br></div><div class="battle-history"><small>It's not very effective...</small><br></div><div class="battle-history"><small>(Gurdurr lost <abbr title="−35/374">9.4%</abbr> of its health!)</small><br></div><div class="spacer battle-history"><br></div><h2 class="battle-history">Turn 26</h2><div class="spacer battle-history"><br></div><div class="battle-history">HexxaL withdrew Virizion!<br></div><div class="battle-history">HexxaL sent out <strong>Golbat</strong>!<br></div><div class="spacer battle-history"><br></div><div class="battle-history">Gurdurr used <strong>Drain Punch</strong>!<br></div><div class="battle-history"><small>It's not very effective...</small><br></div><div class="battle-history"><small>(The opposing Golbat lost <abbr title="−28/353">7.9%</abbr> of its health!)</small><br></div><div class="battle-history"><small>The opposing Golbat had its energy drained!</small><br></div><div class="spacer battle-history"><br></div><h2 class="battle-history">Turn 27</h2><div class="spacer battle-history"><br></div><div class="battle-history">Gurdurr, come back!<br></div><div class="battle-history">Go! <strong>Sigilyph</strong>!<br></div><div class="spacer battle-history"><br></div><div class="battle-history">The opposing Golbat used <strong>Roost</strong>!<br></div><div class="battle-history"><small>The opposing Golbat restored its HP.</small><br></div><div class="spacer battle-history"><br></div><h2 class="battle-history">Turn 28</h2><div class="chat"><small>Kchamp joined.</small></div><div class="spacer battle-history"><br></div><div class="battle-history">The opposing Golbat used <strong>Brave Bird</strong>!<br></div><div class="battle-history"><small>(Sigilyph lost <abbr title="−95/285">33.3%</abbr> of its health!)</small><br></div><div class="battle-history"><small>The opposing Golbat is damaged by the recoil!</small><br></div><div class="spacer battle-history"><br></div><div class="battle-history">Sigilyph fainted!<br></div><div class="spacer battle-history"><br></div><div class="battle-history">Go! <strong>Barbaracle</strong>!<br></div><div class="spacer battle-history"><br></div><h2 class="battle-history">Turn 29</h2><div class="spacer battle-history"><br></div><div class="battle-history">HexxaL withdrew Golbat!<br></div><div class="battle-history">HexxaL sent out <strong>Escavalier</strong>!<br></div><div class="spacer battle-history"><br></div><div class="battle-history">Barbaracle used <strong>Stone Edge</strong>!<br></div><div class="battle-history"><small>(The opposing Escavalier lost <abbr title="−148/343">43.1%</abbr> of its health!)</small><br></div><div class="spacer battle-history"><br></div><h2 class="battle-history">Turn 30</h2><div class="spacer battle-history"><br></div><div class="battle-history">Barbaracle used <strong>Stone Edge</strong>!<br></div><div class="battle-history"><small>The opposing Escavalier avoided the attack!</small><br></div><div class="spacer battle-history"><br></div><div class="battle-history">The opposing Escavalier used <strong>Iron Head</strong>!<br></div><div class="battle-history"><small>(Barbaracle lost <abbr title="−136/285">47.7%</abbr> of its health!)</small><br></div><div class="spacer battle-history"><br></div><h2 class="battle-history">Turn 31</h2><div class="spacer battle-history"><br></div><div class="battle-history">Barbaracle used <strong>Stone Edge</strong>!<br></div><div class="battle-history"><small>(The opposing Escavalier lost <abbr title="−59/343">17.2%</abbr> of its health!)</small><br></div><div class="spacer battle-history"><br></div><div class="battle-history">The opposing Escavalier fainted!<br></div><div class="spacer battle-history"><br></div><div class="battle-history">HexxaL sent out <strong>Jolteon</strong>!<br></div><div class="spacer battle-history"><br></div><h2 class="battle-history">Turn 32</h2><div class="spacer battle-history"><br></div><div class="battle-history">Barbaracle, come back!<br></div><div class="battle-history">Go! <strong>Drapion</strong>!<br></div><div class="spacer battle-history"><br></div><div class="battle-history">The opposing Jolteon used <strong>Thunderbolt</strong>!<br></div><div class="battle-history"><small>(Drapion lost <abbr title="−165/281">58.7%</abbr> of its health!)</small><br></div><div class="spacer battle-history"><br></div><div class="battle-history">Drapion fainted!<br></div><div class="spacer battle-history"><br></div><div class="battle-history">Go! <strong>Gurdurr</strong>!<br></div><div class="spacer battle-history"><br></div><h2 class="battle-history">Turn 33</h2><div class="chat"><small>Jahim ✦ left.</small></div><div class="spacer battle-history"><br></div><div class="battle-history">HexxaL withdrew Jolteon!<br></div><div class="battle-history">HexxaL sent out <strong>Golbat</strong>!<br></div><div class="spacer battle-history"><br></div><div class="battle-history">Gurdurr used <strong>Knock Off</strong>!<br></div><div class="battle-history"><small>(The opposing Golbat lost <abbr title="−93/353">26.3%</abbr> of its health!)</small><br></div><div class="battle-history"><small>Gurdurr knocked off the opposing Golbat's Eviolite!</small><br></div><div class="spacer battle-history"><br></div><h2 class="battle-history">Turn 34</h2><div class="spacer battle-history"><br></div><div class="battle-history">Gurdurr, come back!<br></div><div class="battle-history">Go! <strong>Alomomola</strong>!<br></div><div class="spacer battle-history"><br></div><div class="battle-history">The opposing Golbat used <strong>Super Fang</strong>!<br></div><div class="battle-history"><small>(Alomomola lost <abbr title="−250/501">49.9%</abbr> of its health!)</small><br></div><div class="spacer battle-history"><br></div><div class="battle-history"><small>Alomomola restored a little HP using its Leftovers!</small><br></div><div class="spacer battle-history"><br></div><h2 class="battle-history">Turn 35</h2><div class="spacer battle-history"><br></div><div class="battle-history">HexxaL withdrew Golbat!<br></div><div class="battle-history">HexxaL sent out <strong>Virizion</strong>!<br></div><div class="spacer battle-history"><br></div><div class="battle-history">Alomomola used <strong>Wish</strong>!<br></div><div class="spacer battle-history"><br></div><div class="battle-history"><small>Alomomola restored a little HP using its Leftovers!</small><br></div><div class="spacer battle-history"><br></div><h2 class="battle-history">Turn 36</h2><div class="spacer battle-history"><br></div><div class="battle-history">Alomomola, come back!<br></div><div class="battle-history">Go! <strong>Gurdurr</strong>!<br></div><div class="spacer battle-history"><br></div><div class="battle-history">The opposing Virizion used <strong>Swords Dance</strong>!<br></div><div class="battle-history"><small>The opposing Virizion's Attack rose sharply!</small><br></div><div class="spacer battle-history"><br></div><div class="battle-history"><small>Alomomola's wish came true!</small><br></div><div class="spacer battle-history"><br></div><h2 class="battle-history">Turn 37</h2><div class="spacer battle-history"><br></div><div class="battle-history">The opposing Virizion used <strong>Leaf Blade</strong>!<br></div><div class="battle-history"><small>(Gurdurr lost <abbr title="−198/374">52.9%</abbr> of its health!)</small><br></div><div class="spacer battle-history"><br></div><div class="battle-history">Gurdurr used <strong>Drain Punch</strong>!<br></div><div class="battle-history"><small>(The opposing Virizion lost <abbr title="−172/323">53.3%</abbr> of its health!)</small><br></div><div class="battle-history"><small>The opposing Virizion had its energy drained!</small><br></div><div class="spacer battle-history"><br></div><h2 class="battle-history">Turn 38</h2><div class="chat"><small>Camelectro joined.</small></div><div class="spacer battle-history"><br></div><div class="battle-history">HexxaL withdrew Virizion!<br></div><div class="battle-history">HexxaL sent out <strong>Golbat</strong>!<br></div><div class="spacer battle-history"><br></div><div class="battle-history">Gurdurr used <strong>Drain Punch</strong>!<br></div><div class="battle-history"><small>It's not very effective...</small><br></div><div class="battle-history"><small>(The opposing Golbat lost <abbr title="−42/353">11.9%</abbr> of its health!)</small><br></div><div class="battle-history"><small>The opposing Golbat had its energy drained!</small><br></div><div class="spacer battle-history"><br></div><h2 class="battle-history">Turn 39</h2><div class="spacer battle-history"><br></div><div class="battle-history">Gurdurr, come back!<br></div><div class="battle-history">Go! <strong>Alomomola</strong>!<br></div><div class="spacer battle-history"><br></div><div class="battle-history">The opposing Golbat used <strong>Roost</strong>!<br></div><div class="battle-history"><small>The opposing Golbat restored its HP.</small><br></div><div class="spacer battle-history"><br></div><div class="battle-history"><small>Alomomola restored a little HP using its Leftovers!</small><br></div><div class="spacer battle-history"><br></div><h2 class="battle-history">Turn 40</h2><div class="spacer battle-history"><br></div><div class="battle-history">HexxaL withdrew Golbat!<br></div><div class="battle-history">HexxaL sent out <strong>Jolteon</strong>!<br></div><div class="spacer battle-history"><br></div><div class="battle-history">Alomomola used <strong>Wish</strong>!<br></div><div class="spacer battle-history"><br></div><h2 class="battle-history">Turn 41</h2><div class="spacer battle-history"><br></div><div class="battle-history">Alomomola, come back!<br></div><div class="battle-history">Go! <strong>Gurdurr</strong>!<br></div><div class="spacer battle-history"><br></div><div class="battle-history">The opposing Jolteon used <strong>Thunderbolt</strong>!<br></div><div class="battle-history"><small>(Gurdurr lost <abbr title="−250/374">66.8%</abbr> of its health!)</small><br></div><div class="spacer battle-history"><br></div><div class="battle-history"><small>Alomomola's wish came true!</small><br></div><div class="spacer battle-history"><br></div><h2 class="battle-history">Turn 42</h2><div class="spacer battle-history"><br></div><div class="battle-history">HexxaL withdrew Jolteon!<br></div><div class="battle-history">HexxaL sent out <strong>Golbat</strong>!<br></div><div class="spacer battle-history"><br></div><div class="battle-history">Gurdurr used <strong>Drain Punch</strong>!<br></div><div class="battle-history"><small>It's not very effective...</small><br></div><div class="battle-history"><small>(The opposing Golbat lost <abbr title="−43/353">12.2%</abbr> of its health!)</small><br></div><div class="battle-history"><small>The opposing Golbat had its energy drained!</small><br></div><div class="spacer battle-history"><br></div><h2 class="battle-history">Turn 43</h2><div class="spacer battle-history"><br></div><div class="battle-history">HexxaL withdrew Golbat!<br></div><div class="battle-history">HexxaL sent out <strong>Jolteon</strong>!<br></div><div class="spacer battle-history"><br></div><div class="battle-history">Gurdurr used <strong>Knock Off</strong>!<br></div><div class="battle-history"><small>A critical hit!</small><br></div><div class="battle-history"><small>(The opposing Jolteon lost <abbr title="−256/271">94.5%</abbr> of its health!)</small><br></div><div class="battle-history"><small>Gurdurr knocked off the opposing Jolteon's Choice Specs!</small><br></div><div class="spacer battle-history"><br></div><h2 class="battle-history">Turn 44</h2><div class="chat chatmessage-jeran"><strong style="color:hsl(334,66%,46%)"><small>★</small><span class="username" data-name="Jeran">Jeran</span>:</strong> <em>shit</em></div><div class="spacer battle-history"><br></div><div class="battle-history">HexxaL withdrew Jolteon!<br></div><div class="battle-history">HexxaL sent out <strong>Golbat</strong>!<br></div><div class="spacer battle-history"><br></div><div class="battle-history">Gurdurr used <strong>Mach Punch</strong>!<br></div><div class="battle-history"><small>It's not very effective...</small><br></div><div class="battle-history"><small>(The opposing Golbat lost <abbr title="−22/353">6.2%</abbr> of its health!)</small><br></div><div class="spacer battle-history"><br></div><h2 class="battle-history">Turn 45</h2><div class="spacer battle-history"><br></div><div class="battle-history">Gurdurr, come back!<br></div><div class="battle-history">Go! <strong>Alomomola</strong>!<br></div><div class="spacer battle-history"><br></div><div class="battle-history">The opposing Golbat used <strong>Super Fang</strong>!<br></div><div class="battle-history"><small>Alomomola avoided the attack!</small><br></div><div class="spacer battle-history"><br></div><h2 class="battle-history">Turn 46</h2><div class="chat"><small>Ourobore joined.</small></div><div class="spacer battle-history"><br></div><div class="battle-history">The opposing Golbat used <strong>Super Fang</strong>!<br></div><div class="battle-history"><small>(Alomomola lost <abbr title="−250/501">49.9%</abbr> of its health!)</small><br></div><div class="spacer battle-history"><br></div><div class="battle-history">Alomomola used <strong>Wish</strong>!<br></div><div class="spacer battle-history"><br></div><div class="battle-history"><small>Alomomola restored a little HP using its Leftovers!</small><br></div><div class="spacer battle-history"><br></div><h2 class="battle-history">Turn 47</h2><div class="spacer battle-history"><br></div><div class="battle-history">Alomomola, come back!<br></div><div class="battle-history">Go! <strong>Barbaracle</strong>!<br></div><div class="spacer battle-history"><br></div><div class="battle-history">The opposing Golbat used <strong>Brave Bird</strong>!<br></div><div class="battle-history"><small>It's not very effective...</small><br></div><div class="battle-history"><small>(Barbaracle lost <abbr title="−57/285">20%</abbr> of its health!)</small><br></div><div class="battle-history"><small>The opposing Golbat is damaged by the recoil!</small><br></div><div class="spacer battle-history"><br></div><div class="battle-history"><small>Alomomola's wish came true!</small><br></div><div class="spacer battle-history"><br></div><h2 class="battle-history">Turn 48</h2><div class="chat"><small>Jdcomix joined.</small></div><div class="chat"><small>cyliia joined.</small></div><div class="spacer battle-history"><br></div><div class="battle-history">Barbaracle, come back!<br></div><div class="battle-history">Go! <strong>Alomomola</strong>!<br></div><div class="spacer battle-history"><br></div><div class="battle-history">The opposing Golbat used <strong>Roost</strong>!<br></div><div class="battle-history"><small>The opposing Golbat restored its HP.</small><br></div><div class="spacer battle-history"><br></div><div class="battle-history"><small>Alomomola restored a little HP using its Leftovers!</small><br></div><div class="spacer battle-history"><br></div><h2 class="battle-history">Turn 49</h2><div class="spacer battle-history"><br></div><div class="battle-history">HexxaL withdrew Golbat!<br></div><div class="battle-history">HexxaL sent out <strong>Slowking</strong>!<br></div><div class="spacer battle-history"><br></div><div class="battle-history">Alomomola used <strong>Wish</strong>!<br></div><div class="spacer battle-history"><br></div><div class="battle-history"><small>Alomomola restored a little HP using its Leftovers!</small><br></div><div class="battle-history"><small>The opposing Slowking restored a little HP using its Leftovers!</small><br></div><div class="spacer battle-history"><br></div><h2 class="battle-history">Turn 50</h2><div class="spacer battle-history"><br></div><div class="battle-history">Alomomola, come back!<br></div><div class="battle-history">Go! <strong>Gurdurr</strong>!<br></div><div class="spacer battle-history"><br></div><div class="battle-history">The opposing Slowking used <strong>Scald</strong>!<br></div><div class="battle-history"><small>(Gurdurr lost <abbr title="−120/374">32.1%</abbr> of its health!)</small><br></div><div class="battle-history"><small>Gurdurr was burned!</small><br></div><div class="spacer battle-history"><br></div><div class="battle-history"><small>Alomomola's wish came true!</small><br></div><div class="battle-history"><small>The opposing Slowking restored a little HP using its Leftovers!</small><br></div><div class="battle-history"><small>Gurdurr was hurt by its burn!</small><br></div><div class="spacer battle-history"><br></div><h2 class="battle-history">Turn 51</h2><div class="spacer battle-history"><br></div><div class="battle-history">Gurdurr, come back!<br></div><div class="battle-history">Go! <strong>Alomomola</strong>!<br></div><div class="spacer battle-history"><br></div><div class="battle-history">HexxaL withdrew Slowking!<br></div><div class="battle-history">HexxaL sent out <strong>Golbat</strong>!<br></div><div class="spacer battle-history"><br></div><h2 class="battle-history">Turn 52</h2><div class="spacer battle-history"><br></div><div class="battle-history">The opposing Golbat used <strong>Super Fang</strong>!<br></div><div class="battle-history"><small>Alomomola avoided the attack!</small><br></div><div class="spacer battle-history"><br></div><div class="battle-history">Alomomola used <strong>Scald</strong>!<br></div><div class="battle-history"><small>(The opposing Golbat lost <abbr title="−48/353">13.6%</abbr> of its health!)</small><br></div><div class="spacer battle-history"><br></div><h2 class="battle-history">Turn 53</h2><div class="spacer battle-history"><br></div><div class="battle-history">The opposing Golbat used <strong>Super Fang</strong>!<br></div><div class="battle-history"><small>(Alomomola lost <abbr title="−250/501">49.9%</abbr> of its health!)</small><br></div><div class="spacer battle-history"><br></div><div class="battle-history">Alomomola used <strong>Scald</strong>!<br></div><div class="battle-history"><small>(The opposing Golbat lost <abbr title="−43/353">12.2%</abbr> of its health!)</small><br></div><div class="spacer battle-history"><br></div><div class="battle-history"><small>Alomomola restored a little HP using its Leftovers!</small><br></div><div class="spacer battle-history"><br></div><h2 class="battle-history">Turn 54</h2><div class="spacer battle-history"><br></div><div class="battle-history">The opposing Golbat used <strong>Super Fang</strong>!<br></div><div class="battle-history"><small>(Alomomola lost <abbr title="−141/501">28.1%</abbr> of its health!)</small><br></div><div class="spacer battle-history"><br></div><div class="battle-history">Alomomola used <strong>Scald</strong>!<br></div><div class="battle-history"><small>(The opposing Golbat lost <abbr title="−42/353">11.9%</abbr> of its health!)</small><br></div><div class="spacer battle-history"><br></div><div class="battle-history"><small>Alomomola restored a little HP using its Leftovers!</small><br></div><div class="spacer battle-history"><br></div><h2 class="battle-history">Turn 55</h2><div class="spacer battle-history"><br></div><div class="battle-history">Alomomola, come back!<br></div><div class="battle-history">Go! <strong>Barbaracle</strong>!<br></div><div class="spacer battle-history"><br></div><div class="battle-history">The opposing Golbat used <strong>Brave Bird</strong>!<br></div><div class="battle-history"><small>It's not very effective...</small><br></div><div class="battle-history"><small>(Barbaracle lost <abbr title="−55/285">19.3%</abbr> of its health!)</small><br></div><div class="battle-history"><small>The opposing Golbat is damaged by the recoil!</small><br></div><div class="spacer battle-history"><br></div><h2 class="battle-history">Turn 56</h2><div class="chat"><small>Pretamerienda joined.</small></div><div class="chat"><small>JAAWSTICE! joined.</small></div><div class="spacer battle-history"><br></div><div class="battle-history">HexxaL withdrew Golbat!<br></div><div class="battle-history">HexxaL sent out <strong>Slowking</strong>!<br></div><div class="spacer battle-history"><br></div><div class="battle-history">Barbaracle used <strong>Stone Edge</strong>!<br></div><div class="battle-history"><small>(The opposing Slowking lost <abbr title="−118/393">30.0%</abbr> of its health!)</small><br></div><div class="spacer battle-history"><br></div><div class="battle-history"><small>The opposing Slowking restored a little HP using its Leftovers!</small><br></div><div class="spacer battle-history"><br></div><h2 class="battle-history">Turn 57</h2><div class="chat"><small>JAAWSTICE! left.</small></div><div class="spacer battle-history"><br></div><div class="battle-history">Barbaracle, come back!<br></div><div class="battle-history">Go! <strong>Alomomola</strong>!<br></div><div class="spacer battle-history"><br></div><div class="battle-history">The opposing Slowking used <strong>Thunder Wave</strong>!<br></div><div class="battle-history"><small>Alomomola is paralyzed! It may be unable to move!</small><br></div><div class="spacer battle-history"><br></div><div class="battle-history"><small>The opposing Slowking restored a little HP using its Leftovers!</small><br></div><div class="battle-history"><small>Alomomola restored a little HP using its Leftovers!</small><br></div><div class="spacer battle-history"><br></div><h2 class="battle-history">Turn 58</h2><div class="spacer battle-history"><br></div><div class="battle-history">The opposing Slowking used <strong>Psyshock</strong>!<br></div><div class="battle-history"><small>(Alomomola lost <abbr title="−103/501">20.6%</abbr> of its health!)</small><br></div><div class="spacer battle-history"><br></div><div class="battle-history">Alomomola used <strong>Toxic</strong>!<br></div><div class="battle-history"><small>The opposing Slowking was badly poisoned!</small><br></div><div class="spacer battle-history"><br></div><div class="battle-history"><small>The opposing Slowking restored a little HP using its Leftovers!</small><br></div><div class="battle-history"><small>Alomomola restored a little HP using its Leftovers!</small><br></div><div class="battle-history"><small>The opposing Slowking was hurt by poison!</small><br></div><div class="spacer battle-history"><br></div><h2 class="battle-history">Turn 59</h2><div class="spacer battle-history"><br></div><div class="battle-history">HexxaL withdrew Slowking!<br></div><div class="battle-history">HexxaL sent out <strong>Virizion</strong>!<br></div><div class="spacer battle-history"><br></div><div class="battle-history">Alomomola, come back!<br></div><div class="battle-history">Go! <strong>Barbaracle</strong>!<br></div><div class="spacer battle-history"><br></div><h2 class="battle-history">Turn 60</h2><div class="chat"><small>parivard☎☀️ joined.</small></div><div class="chat"><small>Jahim ✦ joined.</small></div><div class="spacer battle-history"><br></div><div class="battle-history">HexxaL withdrew Virizion!<br></div><div class="battle-history">HexxaL sent out <strong>Slowking</strong>!<br></div><div class="spacer battle-history"><br></div><div class="battle-history">Barbaracle used <strong>Aerial Ace</strong>!<br></div><div class="battle-history"><small>(The opposing Slowking lost <abbr title="−67/393">17.0%</abbr> of its health!)</small><br></div><div class="spacer battle-history"><br></div><div class="battle-history"><small>The opposing Slowking restored a little HP using its Leftovers!</small><br></div><div class="battle-history"><small>The opposing Slowking was hurt by poison!</small><br></div><div class="spacer battle-history"><br></div><h2 class="battle-history">Turn 61</h2><div class="chat"><small>tyranitartubeog joined.</small></div><div class="spacer battle-history"><br></div><div class="battle-history">Barbaracle used <strong>Aerial Ace</strong>!<br></div><div class="battle-history"><small>(The opposing Slowking lost <abbr title="−66/393">16.8%</abbr> of its health!)</small><br></div><div class="spacer battle-history"><br></div><div class="battle-history">The opposing Slowking used <strong>Scald</strong>!<br></div><div class="battle-history"><small>(Barbaracle lost <abbr title="−108/285">37.9%</abbr> of its health!)</small><br></div><div class="spacer battle-history"><br></div><div class="battle-history"><small>The opposing Slowking restored a little HP using its Leftovers!</small><br></div><div class="battle-history"><small>The opposing Slowking was hurt by poison!</small><br></div><div class="spacer battle-history"><br></div><h2 class="battle-history">Turn 62</h2><div class="spacer battle-history"><br></div><div class="battle-history">Barbaracle, come back!<br></div><div class="battle-history">Go! <strong>Alomomola</strong>!<br></div><div class="spacer battle-history"><br></div><div class="battle-history">The opposing Slowking used <strong>Psyshock</strong>!<br></div><div class="battle-history"><small>(Alomomola lost <abbr title="−91/501">18.2%</abbr> of its health!)</small><br></div><div class="spacer battle-history"><br></div><div class="battle-history"><small>The opposing Slowking restored a little HP using its Leftovers!</small><br></div><div class="battle-history"><small>Alomomola restored a little HP using its Leftovers!</small><br></div><div class="battle-history"><small>The opposing Slowking was hurt by poison!</small><br></div><div class="spacer battle-history"><br></div><h2 class="battle-history">Turn 63</h2><div class="chat"><small>parivard☎☀️ left.</small></div><div class="chat"><small>Real_Uchiha_Sasuke joined.</small></div><div class="spacer battle-history"><br></div><div class="battle-history">HexxaL withdrew Slowking!<br></div><div class="battle-history">HexxaL sent out <strong>Virizion</strong>!<br></div><div class="spacer battle-history"><br></div><div class="battle-history">Alomomola, come back!<br></div><div class="battle-history">Go! <strong>Barbaracle</strong>!<br></div><div class="spacer battle-history"><br></div><h2 class="battle-history">Turn 64</h2><div class="chat chatmessage-realuchihasasuke"><strong style="color:hsl(113,72%,38.00060406379976%)"><small> </small><span class="username" data-name="Real_Uchiha_Sasuke">Real_Uchiha_Sasuke</span>:</strong> <em><b>hexxat go</b></em></div><div class="spacer battle-history"><br></div><div class="battle-history">HexxaL withdrew Virizion!<br></div><div class="battle-history">HexxaL sent out <strong>Slowking</strong>!<br></div><div class="spacer battle-history"><br></div><div class="battle-history">Barbaracle used <strong>Aerial Ace</strong>!<br></div><div class="battle-history"><small>(The opposing Slowking lost <abbr title="−65/393">16.5%</abbr> of its health!)</small><br></div><div class="spacer battle-history"><br></div><div class="battle-history"><small>The opposing Slowking restored a little HP using its Leftovers!</small><br></div><div class="battle-history"><small>The opposing Slowking was hurt by poison!</small><br></div><div class="spacer battle-history"><br></div><h2 class="battle-history">Turn 65</h2><div class="chat"><small>DJCHOZLEY joined.</small></div><div class="chat"><small>ZyrusAxel joined.</small></div><div class="spacer battle-history"><br></div><div class="battle-history">Barbaracle, come back!<br></div><div class="battle-history">Go! <strong>Alomomola</strong>!<br></div><div class="spacer battle-history"><br></div><div class="battle-history">The opposing Slowking used <strong>Psyshock</strong>!<br></div><div class="battle-history"><small>(Alomomola lost <abbr title="−102/501">20.4%</abbr> of its health!)</small><br></div><div class="spacer battle-history"><br></div><div class="battle-history"><small>The opposing Slowking restored a little HP using its Leftovers!</small><br></div><div class="battle-history"><small>Alomomola restored a little HP using its Leftovers!</small><br></div><div class="battle-history"><small>The opposing Slowking was hurt by poison!</small><br></div><div class="spacer battle-history"><br></div><h2 class="battle-history">Turn 66</h2><div class="spacer battle-history"><br></div><div class="battle-history">HexxaL withdrew Slowking!<br></div><div class="battle-history">HexxaL sent out <strong>Virizion</strong>!<br></div><div class="spacer battle-history"><br></div><div class="battle-history">Alomomola, come back!<br></div><div class="battle-history">Go! <strong>Gurdurr</strong>!<br></div><div class="spacer battle-history"><br></div><div class="battle-history"><small>Gurdurr was hurt by its burn!</small><br></div><div class="spacer battle-history"><br></div><h2 class="battle-history">Turn 67</h2><div class="chat"><small>LPDP joined.</small></div><div class="chat"><small>ZyrusAxel left.</small></div><div class="spacer battle-history"><br></div><div class="battle-history">HexxaL withdrew Virizion!<br></div><div class="battle-history">HexxaL sent out <strong>Golbat</strong>!<br></div><div class="spacer battle-history"><br></div><div class="battle-history">Gurdurr used <strong>Knock Off</strong>!<br></div><div class="battle-history"><small>(The opposing Golbat lost <abbr title="−143/353">40.5%</abbr> of its health!)</small><br></div><div class="spacer battle-history"><br></div><div class="battle-history"><small>Gurdurr was hurt by its burn!</small><br></div><div class="spacer battle-history"><br></div><h2 class="battle-history">Turn 68</h2><div class="spacer battle-history"><br></div><div class="battle-history">Gurdurr, come back!<br></div><div class="battle-history">Go! <strong>Barbaracle</strong>!<br></div><div class="spacer battle-history"><br></div><div class="battle-history">The opposing Golbat used <strong>Roost</strong>!<br></div><div class="battle-history"><small>The opposing Golbat restored its HP.</small><br></div><div class="spacer battle-history"><br></div><h2 class="battle-history">Turn 69</h2><div class="spacer battle-history"><br></div><div class="battle-history">Barbaracle used <strong>Switcheroo</strong>!<br></div><div class="battle-history"><small>Barbaracle switched items with its target!</small><br></div><div class="battle-history"><small>The opposing Golbat obtained one Choice Scarf.</small><br></div><div class="spacer battle-history"><br></div><div class="battle-history">The opposing Golbat used <strong>Brave Bird</strong>!<br></div><div class="battle-history"><small>It's not very effective...</small><br></div><div class="battle-history"><small>(Barbaracle lost <abbr title="−54/285">18.9%</abbr> of its health!)</small><br></div><div class="battle-history"><small>The opposing Golbat is damaged by the recoil!</small><br></div><div class="spacer battle-history"><br></div><h2 class="battle-history">Turn 70</h2><div class="spacer battle-history"><br></div><div class="battle-history">HexxaL withdrew Golbat!<br></div><div class="battle-history">HexxaL sent out <strong>Slowking</strong>!<br></div><div class="spacer battle-history"><br></div><div class="battle-history">Barbaracle used <strong>Stone Edge</strong>!<br></div><div class="battle-history"><small>(The opposing Slowking lost <abbr title="−118/393">30.0%</abbr> of its health!)</small><br></div><div class="spacer battle-history"><br></div><div class="battle-history"><small>The opposing Slowking restored a little HP using its Leftovers!</small><br></div><div class="battle-history"><small>The opposing Slowking was hurt by poison!</small><br></div><div class="spacer battle-history"><br></div><h2 class="battle-history">Turn 71</h2><div class="spacer battle-history"><br></div><div class="battle-history">Barbaracle, come back!<br></div><div class="battle-history">Go! <strong>Alomomola</strong>!<br></div><div class="spacer battle-history"><br></div><div class="battle-history">The opposing Slowking used <strong>Scald</strong>!<br></div><div class="battle-history"><small>It's not very effective...</small><br></div><div class="battle-history"><small>(Alomomola lost <abbr title="−54/501">10.8%</abbr> of its health!)</small><br></div><div class="spacer battle-history"><br></div><div class="battle-history"><small>The opposing Slowking restored a little HP using its Leftovers!</small><br></div><div class="battle-history"><small>Alomomola restored a little HP using its Leftovers!</small><br></div><div class="battle-history"><small>The opposing Slowking was hurt by poison!</small><br></div><div class="spacer battle-history"><br></div><h2 class="battle-history">Turn 72</h2><div class="spacer battle-history"><br></div><div class="battle-history">The opposing Slowking used <strong>Psyshock</strong>!<br></div><div class="battle-history"><small>(Alomomola lost <abbr title="−96/501">19.2%</abbr> of its health!)</small><br></div><div class="spacer battle-history"><br></div><div class="battle-history">Alomomola used <strong>Wish</strong>!<br></div><div class="spacer battle-history"><br></div><div class="battle-history"><small>The opposing Slowking restored a little HP using its Leftovers!</small><br></div><div class="battle-history"><small>Alomomola restored a little HP using its Leftovers!</small><br></div><div class="battle-history"><small>The opposing Slowking was hurt by poison!</small><br></div><div class="spacer battle-history"><br></div><h2 class="battle-history">Turn 73</h2><div class="spacer battle-history"><br></div><div class="battle-history">Alomomola, come back!<br></div><div class="battle-history">Go! <strong>Gurdurr</strong>!<br></div><div class="spacer battle-history"><br></div><div class="battle-history">The opposing Slowking used <strong>Scald</strong>!<br></div><div class="battle-history"><small>(Gurdurr lost <abbr title="−115/374">30.7%</abbr> of its health!)</small><br></div><div class="spacer battle-history"><br></div><div class="battle-history"><small>Alomomola's wish came true!</small><br></div><div class="battle-history"><small>The opposing Slowking restored a little HP using its Leftovers!</small><br></div><div class="battle-history"><small>Gurdurr was hurt by its burn!</small><br></div><div class="battle-history"><small>The opposing Slowking was hurt by poison!</small><br></div><div class="spacer battle-history"><br></div><h2 class="battle-history">Turn 74</h2><div class="chat"><small>Jahim ✦ left.</small></div><div class="spacer battle-history"><br></div><div class="battle-history">HexxaL withdrew Slowking!<br></div><div class="battle-history">HexxaL sent out <strong>Golbat</strong>!<br></div><div class="spacer battle-history"><br></div><div class="battle-history">Gurdurr used <strong>Knock Off</strong>!<br></div><div class="battle-history"><small>(The opposing Golbat lost <abbr title="−203/353">57.5%</abbr> of its health!)</small><br></div><div class="battle-history"><small>Gurdurr knocked off the opposing Golbat's Choice Scarf!</small><br></div><div class="spacer battle-history"><br></div><div class="battle-history"><small>Gurdurr was hurt by its burn!</small><br></div><div class="spacer battle-history"><br></div><h2 class="battle-history">Turn 75</h2><div class="spacer battle-history"><br></div><div class="battle-history">Gurdurr used <strong>Mach Punch</strong>!<br></div><div class="battle-history"><small>It's not very effective...</small><br></div><div class="battle-history"><small>(The opposing Golbat lost <abbr title="−15/353">4.2%</abbr> of its health!)</small><br></div><div class="spacer battle-history"><br></div><div class="battle-history">The opposing Golbat fainted!<br></div><div class="spacer battle-history"><br></div><div class="battle-history"><small>Gurdurr was hurt by its burn!</small><br></div><div class="chat chatmessage-jeran"><strong style="color:hsl(334,66%,46%)"><small>★</small><span class="username" data-name="Jeran">Jeran</span>:</strong> <em>wasnt good enough</em></div><div class="chat chatmessage-jeran"><strong style="color:hsl(334,66%,46%)"><small>★</small><span class="username" data-name="Jeran">Jeran</span>:</strong> <em>zzzz</em></div><div class="spacer battle-history"><br></div><div class="battle-history">HexxaL sent out <strong>Virizion</strong>!<br></div><div class="spacer battle-history"><br></div><h2 class="battle-history">Turn 76</h2><div class="spacer battle-history"><br></div><div class="battle-history">Gurdurr used <strong>Mach Punch</strong>!<br></div><div class="battle-history"><small>(The opposing Virizion lost <abbr title="−112/323">34.7%</abbr> of its health!)</small><br></div><div class="spacer battle-history"><br></div><div class="battle-history">The opposing Virizion fainted!<br></div><div class="spacer battle-history"><br></div><div class="battle-history"><small>Gurdurr was hurt by its burn!</small><br></div><div class="spacer battle-history"><br></div><div class="battle-history">HexxaL sent out <strong>Slowking</strong>!<br></div><div class="spacer battle-history"><br></div><h2 class="battle-history">Turn 77</h2><div class="spacer battle-history"><br></div><div class="battle-history">Gurdurr used <strong>Knock Off</strong>!<br></div><div class="battle-history"><small>It's super effective!</small><br></div><div class="battle-history"><small>(The opposing Slowking lost <abbr title="−230/393">58.5%</abbr> of its health!)</small><br></div><div class="battle-history"><small>Gurdurr knocked off the opposing Slowking's Leftovers!</small><br></div><div class="spacer battle-history"><br></div><div class="battle-history">The opposing Slowking fainted!<br></div><div class="spacer battle-history"><br></div><div class="battle-history"><small>Gurdurr was hurt by its burn!</small><br></div><div class="spacer battle-history"><br></div><div class="battle-history">HexxaL sent out <strong>Jolteon</strong>!<br></div><div class="spacer battle-history"><br></div><h2 class="battle-history">Turn 78</h2><div class="chat chatmessage-hexxal"><strong style="color:hsl(278,43%,52.71167609516483%)"><small>★</small><span class="username" data-name="HexxaL">HexxaL</span>:</strong> <em>gg</em></div><div class="chat chatmessage-jdcomix"><strong style="color:hsl(37,44%,37.894936369085656%)"><small> </small><span class="username" data-name="Jdcomix">Jdcomix</span>:</strong> <em>gurdurr sweep wtf</em></div><div class="spacer battle-history"><br></div><div class="battle-history">Gurdurr used <strong>Mach Punch</strong>!<br></div><div class="battle-history"><small>(The opposing Jolteon lost <abbr title="−15/271">5.5%</abbr> of its health!)</small><br></div><div class="spacer battle-history"><br></div><div class="battle-history">The opposing Jolteon fainted!<br></div><div class="spacer battle-history"><br></div><div class="battle-history"><strong>Jeran</strong> won the battle!<br></div><div class="chat"><small>HexxaL left.</small></div><div class="chat"><small>Camelectro left.</small></div><div class="chat"><small>Jdcomix left.</small></div><div class="chat"><small>cyliia left.</small></div><div class="chat"><small>Kchamp left.</small></div><div class="chat"><small>Pretamerienda left.</small></div><div class="chat"><small>Real_Uchiha_Sasuke left.</small></div><div class="chat"><small>HexxaL joined.</small></div><div class="chat"><small>Crrs ☯ joined.</small></div><div class="chat"><small>Crrs ☯ left.</small></div><div class="chat"><small>Ourobore left.</small></div><div class="chat"><small>Jeran left.</small></div></div><div class="inner-preempt"></div></div></div>
</div>
<script>
let daily = Math.floor(Date.now()/1000/60/60/24);document.write('<script src="https://play.pokemonshowdown.com/js/replay-embed.js?version'+daily+'"></'+'script>');
</script>
