<!DOCTYPE html>
<meta charset="utf-8" />
<!-- version 1 -->
<title>RU replay: Grumeaux Alola vs. Nidhogggg</title>
<style>
html,body {font-family:Verdana, sans-serif;font-size:10pt;margin:0;padding:0;}body{padding:12px 0;} .battle-log {font-family:Verdana, sans-serif;font-size:10pt;} .battle-log-inline {border:1px solid #AAAAAA;background:#EEF2F5;color:black;max-width:640px;margin:0 auto 80px;padding-bottom:5px;} .battle-log .inner {padding:4px 8px 0px 8px;} .battle-log .inner-preempt {padding:0 8px 4px 8px;} .battle-log .inner-after {margin-top:0.5em;} .battle-log h2 {margin:0.5em -8px;padding:4px 8px;border:1px solid #AAAAAA;background:#E0E7EA;border-left:0;border-right:0;font-family:Verdana, sans-serif;font-size:13pt;} .battle-log .chat {vertical-align:middle;padding:3px 0 3px 0;font-size:8pt;} .battle-log .chat strong {color:#40576A;} .battle-log .chat em {padding:1px 4px 1px 3px;color:#000000;font-style:normal;} .chat.mine {background:rgba(0,0,0,0.05);margin-left:-8px;margin-right:-8px;padding-left:8px;padding-right:8px;} .spoiler {color:#BBBBBB;background:#BBBBBB;padding:0px 3px;} .spoiler:hover, .spoiler:active, .spoiler-shown {color:#000000;background:#E2E2E2;padding:0px 3px;} .spoiler a {color:#BBBBBB;} .spoiler:hover a, .spoiler:active a, .spoiler-shown a {color:#2288CC;} .chat code, .chat .spoiler:hover code, .chat .spoiler:active code, .chat .spoiler-shown code {border:1px solid #C0C0C0;background:#EEEEEE;color:black;padding:0 2px;} .chat .spoiler code {border:1px solid #CCCCCC;background:#CCCCCC;color:#CCCCCC;} .battle-log .rated {padding:3px 4px;} .battle-log .rated strong {color:white;background:#89A;padding:1px 4px;border-radius:4px;} .spacer {margin-top:0.5em;} .message-announce {background:#6688AA;color:white;padding:1px 4px 2px;} .message-announce a, .broadcast-green a, .broadcast-blue a, .broadcast-red a {color:#DDEEFF;} .broadcast-green {background-color:#559955;color:white;padding:2px 4px;} .broadcast-blue {background-color:#6688AA;color:white;padding:2px 4px;} .infobox {border:1px solid #6688AA;padding:2px 4px;} .infobox-limited {max-height:200px;overflow:auto;overflow-x:hidden;} .broadcast-red {background-color:#AA5544;color:white;padding:2px 4px;} .message-learn-canlearn {font-weight:bold;color:#228822;text-decoration:underline;} .message-learn-cannotlearn {font-weight:bold;color:#CC2222;text-decoration:underline;} .message-effect-weak {font-weight:bold;color:#CC2222;} .message-effect-resist {font-weight:bold;color:#6688AA;} .message-effect-immune {font-weight:bold;color:#666666;} .message-learn-list {margin-top:0;margin-bottom:0;} .message-throttle-notice, .message-error {color:#992222;} .message-overflow, .chat small.message-overflow {font-size:0pt;} .message-overflow::before {font-size:9pt;content:'...';} .subtle {color:#3A4A66;}
</style>
<div class="wrapper replay-wrapper" style="max-width:1180px;margin:0 auto">
<input type="hidden" name="replayid" value="pokestrat-ru-3830" />
<div class="battle"></div><div class="battle-log"></div><div class="replay-controls"></div><div class="replay-controls-2"></div>
<h1 style="font-weight:normal;text-align:center"><strong>RU</strong><br /><a href="http://pokemonshowdown.com/users/grumeauxalola" class="subtle" target="_blank">Grumeaux Alola</a> vs. <a href="http://pokemonshowdown.com/users/nidhogggg" class="subtle" target="_blank">Nidhogggg</a></h1>
<script type="text/plain" class="battle-log-data">|j|Grumeaux Alola
|j|Nidhogggg
|player|p1|Grumeaux Alola|274
|player|p2|Nidhogggg|267
|gametype|singles
|gen|6
|tier|RU
|seed|24826,22588,50308,11324
|rule|Sleep Clause Mod: Limit one foe put to sleep
|rule|Species Clause: Limit one of each Pokémon
|rule|OHKO Clause: OHKO moves are banned
|rule|Moody Clause: Moody is banned
|rule|Evasion Moves Clause: Evasion moves are banned
|rule|Endless Battle Clause: Forcing endless battles is banned
|rule|HP Percentage Mod: HP is shown in percentages
|clearpoke
|poke|p1|Blastoise, F|item
|poke|p1|Registeel|item
|poke|p1|Camerupt, M|item
|poke|p1|Virizion|item
|poke|p1|Braviary, M|item
|poke|p1|Sneasel, M|item
|poke|p2|Aromatisse, F|item
|poke|p2|Cinccino, F, shiny|item
|poke|p2|Bronzong|item
|poke|p2|Clawitzer, M|item
|poke|p2|Drapion, M|item
|poke|p2|Delphox, F, shiny|item
|rule|Swagger Clause: Swagger is banned
|rule|Baton Pass Clause: Limit one Baton Passer, can't pass Spe and other stats simultaneously
|teampreview
|c|★Grumeaux Alola|gl
|c|★Grumeaux Alola|avec chall pks?
|c|★Grumeaux Alola|(stp)
|c|★Grumeaux Alola|j'ai accepté c'est bon
|c|★Nidhogggg|C bon j'ai chall
|choice|team 3, team 2, team 1, team 4, team 5, team 6|team 3, team 2, team 1, team 4, team 5, team 6
|
|start
|switch|p1a: Camerupt|Camerupt, M|343\/343
|switch|p2a: Gong|Bronzong|338\/338
|turn|1
|choice|move fireblast mega|switch 3
|
|switch|p2a: Cocotte|Aromatisse, F|406\/406
|detailschange|p1a: Camerupt|Camerupt-Mega, M
|-mega|p1a: Camerupt|Camerupt|Cameruptite
|move|p1a: Camerupt|Fire Blast|p2a: Cocotte
|-damage|p2a: Cocotte|166\/406
|
|-heal|p2a: Cocotte|191\/406|[from] item: Leftovers
|turn|2
|choice|move fireblast|move protect
|
|move|p2a: Cocotte|Protect|p2a: Cocotte
|-singleturn|p2a: Cocotte|Protect
|move|p1a: Camerupt|Fire Blast|p2a: Cocotte
|-activate|p2a: Cocotte|move: Protect
|
|-heal|p2a: Cocotte|216\/406|[from] item: Leftovers
|turn|3
|choice|move earthpower|move protect
|
|move|p2a: Cocotte|Protect|p2a: Cocotte
|-singleturn|p2a: Cocotte|Protect
|move|p1a: Camerupt|Earth Power|p2a: Cocotte
|-activate|p2a: Cocotte|move: Protect
|
|-heal|p2a: Cocotte|241\/406|[from] item: Leftovers
|turn|4
|choice|switch 5|move wish
|
|switch|p1a: Braviary|Braviary, M|404\/404
|move|p2a: Cocotte|Wish|p2a: Cocotte
|
|-heal|p2a: Cocotte|266\/406|[from] item: Leftovers
|turn|5
|choice|move bulkup|switch 5
|
|switch|p2a: Scorpio|Drapion, M|344\/344
|move|p1a: Braviary|Bulk Up|p1a: Braviary
|-boost|p1a: Braviary|atk|1
|-boost|p1a: Braviary|def|1
|
|turn|6
|choice|move bravebird|move whirlwind
|
|move|p1a: Braviary|Brave Bird|p2a: Scorpio
|-damage|p2a: Scorpio|173\/344
|-damage|p1a: Braviary|348\/404|[from] recoil|[of] p2a: Scorpio
|move|p2a: Scorpio|Whirlwind|p1a: Braviary
|drag|p1a: Camerupt|Camerupt-Mega, M|343\/343
|
|-heal|p2a: Scorpio|194\/344|[from] item: Leftovers
|turn|7
|choice|move earthpower|switch 5
|
|switch|p2a: Cocotte|Aromatisse, F|266\/406
|move|p1a: Camerupt|Earth Power|p2a: Cocotte
|-damage|p2a: Cocotte|37\/406
|
|-heal|p2a: Cocotte|62\/406|[from] item: Leftovers
|turn|8
|choice|move earthpower|switch 4
|
|switch|p2a: Pistolet|Clawitzer, M|283\/283
|move|p1a: Camerupt|Earth Power|p2a: Pistolet
|-damage|p2a: Pistolet|0 fnt
|faint|p2a: Pistolet
|
|choice||switch 3
|
|switch|p2a: Gong|Bronzong|338\/338
|turn|9
|choice|move fireblast|move earthquake
|
|move|p1a: Camerupt|Fire Blast|p2a: Gong
|-supereffective|p2a: Gong
|-damage|p2a: Gong|0 fnt
|faint|p2a: Gong
|
|choice||switch 2
|
|switch|p2a: Echarpe|Cinccino, F, shiny|292\/292
|turn|10
|choice|switch 2|move rockblast
|
|switch|p1a: Registeel|Registeel|364\/364
|move|p2a: Echarpe|Rock Blast|p1a: Registeel
|-resisted|p1a: Registeel
|-damage|p1a: Registeel|356\/364
|-resisted|p1a: Registeel
|-damage|p1a: Registeel|347\/364
|-resisted|p1a: Registeel
|-damage|p1a: Registeel|338\/364
|-resisted|p1a: Registeel
|-damage|p1a: Registeel|330\/364
|-resisted|p1a: Registeel
|-damage|p1a: Registeel|321\/364
|-hitcount|p1a: Registeel|5
|
|-heal|p1a: Registeel|343\/364|[from] item: Leftovers
|turn|11
|choice|move ironhead|move tailwhip
|
|move|p2a: Echarpe|Tail Whip|p1a: Registeel
|-fail|p1a: Registeel|unboost|[from] ability: Clear Body|[of] p1a: Registeel
|move|p1a: Registeel|Iron Head|p2a: Echarpe
|-damage|p2a: Echarpe|169\/292
|
|-heal|p1a: Registeel|364\/364|[from] item: Leftovers
|turn|12
|choice|move stealthrock|move bulletseed
|
|move|p2a: Echarpe|Bullet Seed|p1a: Registeel
|-resisted|p1a: Registeel
|-damage|p1a: Registeel|355\/364
|-resisted|p1a: Registeel
|-damage|p1a: Registeel|346\/364
|-resisted|p1a: Registeel
|-damage|p1a: Registeel|337\/364
|-resisted|p1a: Registeel
|-damage|p1a: Registeel|328\/364
|-resisted|p1a: Registeel
|-damage|p1a: Registeel|320\/364
|-hitcount|p1a: Registeel|5
|cant|p1a: Registeel|flinch
|
|-heal|p1a: Registeel|342\/364|[from] item: Leftovers
|turn|13
|choice|move stealthrock|move uturn
|
|move|p2a: Echarpe|U-turn|p1a: Registeel
|-resisted|p1a: Registeel
|-damage|p1a: Registeel|317\/364
|choice||switch 6
|
|switch|p2a: Merlin|Delphox, F, shiny|291\/291
|move|p1a: Registeel|Stealth Rock|p2a: Merlin
|-sidestart|p2: Nidhogggg|move: Stealth Rock
|
|-heal|p1a: Registeel|339\/364|[from] item: Leftovers
|turn|14
|choice|switch 2|move switcheroo
|
|switch|p1a: Camerupt|Camerupt-Mega, M|343\/343
|move|p2a: Merlin|Switcheroo|p1a: Camerupt
|-fail|p1a: Camerupt
|
|turn|15
|choice|move earthpower|switch 4
|
|switch|p2a: Cocotte|Aromatisse, F|62\/406
|-damage|p2a: Cocotte|12\/406|[from] Stealth Rock
|move|p1a: Camerupt|Earth Power|p2a: Cocotte
|-damage|p2a: Cocotte|0 fnt
|faint|p2a: Cocotte
|
|choice||switch 4
|
|switch|p2a: Merlin|Delphox, F, shiny|291\/291
|-damage|p2a: Merlin|219\/291|[from] Stealth Rock
|turn|16
|choice|move earthpower|move dazzlinggleam
|
|move|p2a: Merlin|Dazzling Gleam|p1a: Camerupt
|-resisted|p1a: Camerupt
|-damage|p1a: Camerupt|296\/343
|move|p1a: Camerupt|Earth Power|p2a: Merlin
|-supereffective|p2a: Merlin
|-damage|p2a: Merlin|0 fnt
|faint|p2a: Merlin
|
|choice||switch 5
|
|switch|p2a: Scorpio|Drapion, M|194\/344
|-damage|p2a: Scorpio|151\/344|[from] Stealth Rock
|turn|17
|choice|move earthpower|move knockoff
|
|move|p2a: Scorpio|Knock Off|p1a: Camerupt
|-damage|p1a: Camerupt|190\/343
|move|p1a: Camerupt|Earth Power|p2a: Scorpio
|-supereffective|p2a: Scorpio
|-damage|p2a: Scorpio|0 fnt
|faint|p2a: Scorpio
|
|choice||switch 6
|
|switch|p2a: Echarpe|Cinccino, F, shiny|169\/292
|-damage|p2a: Echarpe|133\/292|[from] Stealth Rock
|turn|18
|c|★Grumeaux Alola|gg
|choice|switch 2|move rockblast
|
|switch|p1a: Registeel|Registeel|339\/364
|move|p2a: Echarpe|Rock Blast|p1a: Registeel
|-resisted|p1a: Registeel
|-damage|p1a: Registeel|330\/364
|-resisted|p1a: Registeel
|-damage|p1a: Registeel|321\/364
|-resisted|p1a: Registeel
|-damage|p1a: Registeel|313\/364
|-resisted|p1a: Registeel
|-damage|p1a: Registeel|304\/364
|-resisted|p1a: Registeel
|-damage|p1a: Registeel|295\/364
|-hitcount|p1a: Registeel|5
|
|-heal|p1a: Registeel|317\/364|[from] item: Leftovers
|turn|19
|choice|move ironhead|move bulletseed
|
|move|p2a: Echarpe|Bullet Seed|p1a: Registeel
|-resisted|p1a: Registeel
|-damage|p1a: Registeel|309\/364
|-resisted|p1a: Registeel
|-damage|p1a: Registeel|301\/364
|-resisted|p1a: Registeel
|-damage|p1a: Registeel|293\/364
|-resisted|p1a: Registeel
|-damage|p1a: Registeel|283\/364
|-resisted|p1a: Registeel
|-damage|p1a: Registeel|275\/364
|-hitcount|p1a: Registeel|5
|move|p1a: Registeel|Iron Head|p2a: Echarpe
|-damage|p2a: Echarpe|18\/292
|
|-heal|p1a: Registeel|297\/364|[from] item: Leftovers
|turn|20
|choice|move ironhead|move bulletseed
|
|move|p2a: Echarpe|Bullet Seed|p1a: Registeel
|-resisted|p1a: Registeel
|-damage|p1a: Registeel|289\/364
|-resisted|p1a: Registeel
|-damage|p1a: Registeel|279\/364
|-resisted|p1a: Registeel
|-damage|p1a: Registeel|270\/364
|-resisted|p1a: Registeel
|-damage|p1a: Registeel|261\/364
|-resisted|p1a: Registeel
|-damage|p1a: Registeel|252\/364
|-hitcount|p1a: Registeel|5
|cant|p1a: Registeel|flinch
|
|-heal|p1a: Registeel|274\/364|[from] item: Leftovers
|turn|21
|choice|move ironhead|move bulletseed
|
|move|p2a: Echarpe|Bullet Seed|p1a: Registeel
|-resisted|p1a: Registeel
|-damage|p1a: Registeel|265\/364
|-resisted|p1a: Registeel
|-damage|p1a: Registeel|256\/364
|-resisted|p1a: Registeel
|-damage|p1a: Registeel|248\/364
|-resisted|p1a: Registeel
|-damage|p1a: Registeel|239\/364
|-resisted|p1a: Registeel
|-damage|p1a: Registeel|231\/364
|-hitcount|p1a: Registeel|5
|cant|p1a: Registeel|flinch
|
|-heal|p1a: Registeel|253\/364|[from] item: Leftovers
|turn|22
|choice|move ironhead|move bulletseed
|
|move|p2a: Echarpe|Bullet Seed|p1a: Registeel
|-resisted|p1a: Registeel
|-damage|p1a: Registeel|245\/364
|-resisted|p1a: Registeel
|-damage|p1a: Registeel|236\/364
|-resisted|p1a: Registeel
|-damage|p1a: Registeel|227\/364
|-resisted|p1a: Registeel
|-damage|p1a: Registeel|218\/364
|-resisted|p1a: Registeel
|-damage|p1a: Registeel|209\/364
|-hitcount|p1a: Registeel|5
|move|p1a: Registeel|Iron Head|p2a: Echarpe
|-damage|p2a: Echarpe|0 fnt
|faint|p2a: Echarpe
|
|win|Grumeaux Alola
|player|p1
|player|p2
|c|★Grumeaux Alola|gg</script>
</div>
<div class="battle-log battle-log-inline"><div class="inner"><div class="battle-options"></div><div class="inner"><div class="chat"><small>Grumeaux Alola joined.</small></div><div class="chat"><small>Nidhogggg joined.</small></div><div class=""><small>Format:</small> <br><strong>RU</strong></div><div class=""><small><em>Sleep Clause Mod:</em> Limit one foe put to sleep</small></div><div class=""><small><em>Species Clause:</em> Limit one of each Pokémon</small></div><div class=""><small><em>OHKO Clause:</em> OHKO moves are banned</small></div><div class=""><small><em>Moody Clause:</em> Moody is banned</small></div><div class=""><small><em>Evasion Moves Clause:</em> Evasion moves are banned</small></div><div class=""><small><em>Endless Battle Clause:</em> Forcing endless battles is banned</small></div><div class=""><small><em>HP Percentage Mod:</em> HP is shown in percentages</small></div><div class=""><small><em>Swagger Clause:</em> Swagger is banned</small></div><div class=""><small><em>Baton Pass Clause:</em> Limit one Baton Passer, can't pass Spe and other stats simultaneously</small></div><div class="chat battle-history"><strong>Grumeaux Alola's team:</strong> <em style="color:#445566;display:block;">Blastoise / Registeel / Camerupt / Virizion / Braviary / Sneasel</em></div><div class="chat battle-history"><strong>Nidhogggg's team:</strong> <em style="color:#445566;display:block;">Aromatisse / Cinccino / Bronzong / Clawitzer / Drapion / Delphox</em></div><div class="chat chatmessage-grumeauxalola"><strong style="color:hsl(288,63%,47%)"><small>★</small><span class="username" data-name="Grumeaux Alola">Grumeaux Alola</span>:</strong> <em>gl</em></div><div class="chat chatmessage-grumeauxalola"><strong style="color:hsl(288,63%,47%)"><small>★</small><span class="username" data-name="Grumeaux Alola">Grumeaux Alola</span>:</strong> <em>avec chall pks?</em></div><div class="chat chatmessage-grumeauxalola"><strong style="color:hsl(288,63%,47%)"><small>★</small><span class="username" data-name="Grumeaux Alola">Grumeaux Alola</span>:</strong> <em>(stp)</em></div><div class="chat chatmessage-grumeauxalola"><strong style="color:hsl(288,63%,47%)"><small>★</small><span class="username" data-name="Grumeaux Alola">Grumeaux Alola</span>:</strong> <em>j'ai accepté c'est bon</em></div><div class="chat chatmessage-nidhogggg"><strong style="color:hsl(273,64%,54.52980668070626%)"><small>★</small><span class="username" data-name="Nidhogggg">Nidhogggg</span>:</strong> <em>C bon j'ai chall</em></div><div class="spacer battle-history"><br></div><div class="battle-history">Battle started between Grumeaux Alola and Nidhogggg!<br></div><div class="spacer battle-history"><br></div><div class="battle-history">Go! <strong>Camerupt</strong>!<br></div><div class="spacer battle-history"><br></div><div class="battle-history">Nidhogggg sent out Gong (<strong>Bronzong</strong>)!<br></div><div class="spacer battle-history"><br></div><h2 class="battle-history">Turn 1</h2><div class="spacer battle-history"><br></div><div class="battle-history">Nidhogggg withdrew Gong!<br></div><div class="battle-history">Nidhogggg sent out Cocotte (<strong>Aromatisse</strong>)!<br></div><div class="spacer battle-history"><br></div><div class="battle-history"><small>Camerupt's Cameruptite is reacting to Grumeaux Alola's Mega Bracelet!</small><br>Camerupt has Mega Evolved into Mega Camerupt!<br></div><div class="spacer battle-history"><br></div><div class="battle-history">Camerupt used <strong>Fire Blast</strong>!<br></div><div class="battle-history"><small>(The opposing Cocotte lost <abbr title="−240/406">59.1%</abbr> of its health!)</small><br></div><div class="spacer battle-history"><br></div><div class="battle-history"><small>The opposing Cocotte restored a little HP using its Leftovers!</small><br></div><div class="spacer battle-history"><br></div><h2 class="battle-history">Turn 2</h2><div class="spacer battle-history"><br></div><div class="battle-history">The opposing Cocotte used <strong>Protect</strong>!<br></div><div class="battle-history"><small>The opposing Cocotte protected itself!</small><br></div><div class="spacer battle-history"><br></div><div class="battle-history">Camerupt used <strong>Fire Blast</strong>!<br></div><div class="battle-history"><small>The opposing Cocotte protected itself!</small><br></div><div class="spacer battle-history"><br></div><div class="battle-history"><small>The opposing Cocotte restored a little HP using its Leftovers!</small><br></div><div class="spacer battle-history"><br></div><h2 class="battle-history">Turn 3</h2><div class="spacer battle-history"><br></div><div class="battle-history">The opposing Cocotte used <strong>Protect</strong>!<br></div><div class="battle-history"><small>The opposing Cocotte protected itself!</small><br></div><div class="spacer battle-history"><br></div><div class="battle-history">Camerupt used <strong>Earth Power</strong>!<br></div><div class="battle-history"><small>The opposing Cocotte protected itself!</small><br></div><div class="spacer battle-history"><br></div><div class="battle-history"><small>The opposing Cocotte restored a little HP using its Leftovers!</small><br></div><div class="spacer battle-history"><br></div><h2 class="battle-history">Turn 4</h2><div class="spacer battle-history"><br></div><div class="battle-history">Camerupt, come back!<br></div><div class="battle-history">Go! <strong>Braviary</strong>!<br></div><div class="spacer battle-history"><br></div><div class="battle-history">The opposing Cocotte used <strong>Wish</strong>!<br></div><div class="spacer battle-history"><br></div><div class="battle-history"><small>The opposing Cocotte restored a little HP using its Leftovers!</small><br></div><div class="spacer battle-history"><br></div><h2 class="battle-history">Turn 5</h2><div class="spacer battle-history"><br></div><div class="battle-history">Nidhogggg withdrew Cocotte!<br></div><div class="battle-history">Nidhogggg sent out Scorpio (<strong>Drapion</strong>)!<br></div><div class="spacer battle-history"><br></div><div class="battle-history">Braviary used <strong>Bulk Up</strong>!<br></div><div class="battle-history"><small>Braviary's Attack rose!</small><br></div><div class="battle-history"><small>Braviary's Defense rose!</small><br></div><div class="spacer battle-history"><br></div><h2 class="battle-history">Turn 6</h2><div class="spacer battle-history"><br></div><div class="battle-history">Braviary used <strong>Brave Bird</strong>!<br></div><div class="battle-history"><small>(The opposing Scorpio lost <abbr title="−171/344">49.7%</abbr> of its health!)</small><br></div><div class="battle-history"><small>Braviary is damaged by the recoil!</small><br></div><div class="spacer battle-history"><br></div><div class="battle-history">The opposing Scorpio used <strong>Whirlwind</strong>!<br></div><div class="spacer battle-history"><br></div><div class="battle-history">Camerupt (<strong>Camerupt-Mega</strong>) was dragged out!<br></div><div class="spacer battle-history"><br></div><div class="battle-history"><small>The opposing Scorpio restored a little HP using its Leftovers!</small><br></div><div class="spacer battle-history"><br></div><h2 class="battle-history">Turn 7</h2><div class="spacer battle-history"><br></div><div class="battle-history">Nidhogggg withdrew Scorpio!<br></div><div class="battle-history">Nidhogggg sent out Cocotte (<strong>Aromatisse</strong>)!<br></div><div class="spacer battle-history"><br></div><div class="battle-history">Camerupt used <strong>Earth Power</strong>!<br></div><div class="battle-history"><small>(The opposing Cocotte lost <abbr title="−229/406">56.4%</abbr> of its health!)</small><br></div><div class="spacer battle-history"><br></div><div class="battle-history"><small>The opposing Cocotte restored a little HP using its Leftovers!</small><br></div><div class="spacer battle-history"><br></div><h2 class="battle-history">Turn 8</h2><div class="spacer battle-history"><br></div><div class="battle-history">Nidhogggg withdrew Cocotte!<br></div><div class="battle-history">Nidhogggg sent out Pistolet (<strong>Clawitzer</strong>)!<br></div><div class="spacer battle-history"><br></div><div class="battle-history">Camerupt used <strong>Earth Power</strong>!<br></div><div class="battle-history"><small>(The opposing Pistolet lost <abbr title="−283/283">100%</abbr> of its health!)</small><br></div><div class="spacer battle-history"><br></div><div class="battle-history">The opposing Pistolet fainted!<br></div><div class="spacer battle-history"><br></div><div class="battle-history">Nidhogggg sent out Gong (<strong>Bronzong</strong>)!<br></div><div class="spacer battle-history"><br></div><h2 class="battle-history">Turn 9</h2><div class="spacer battle-history"><br></div><div class="battle-history">Camerupt used <strong>Fire Blast</strong>!<br></div><div class="battle-history"><small>It's super effective!</small><br></div><div class="battle-history"><small>(The opposing Gong lost <abbr title="−338/338">100%</abbr> of its health!)</small><br></div><div class="spacer battle-history"><br></div><div class="battle-history">The opposing Gong fainted!<br></div><div class="spacer battle-history"><br></div><div class="battle-history">Nidhogggg sent out Echarpe (<strong>Cinccino</strong>)!<br></div><div class="spacer battle-history"><br></div><h2 class="battle-history">Turn 10</h2><div class="spacer battle-history"><br></div><div class="battle-history">Camerupt, come back!<br></div><div class="battle-history">Go! <strong>Registeel</strong>!<br></div><div class="spacer battle-history"><br></div><div class="battle-history">The opposing Echarpe used <strong>Rock Blast</strong>!<br></div><div class="battle-history"><small>It's not very effective...</small><br></div><div class="battle-history"><small>(Registeel lost <abbr title="−8/364">2.2%</abbr> of its health!)</small><br></div><div class="battle-history"><small>It's not very effective...</small><br></div><div class="battle-history"><small>(Registeel lost <abbr title="−9/364">2.5%</abbr> of its health!)</small><br></div><div class="battle-history"><small>It's not very effective...</small><br></div><div class="battle-history"><small>(Registeel lost <abbr title="−9/364">2.5%</abbr> of its health!)</small><br></div><div class="battle-history"><small>It's not very effective...</small><br></div><div class="battle-history"><small>(Registeel lost <abbr title="−8/364">2.2%</abbr> of its health!)</small><br></div><div class="battle-history"><small>It's not very effective...</small><br></div><div class="battle-history"><small>(Registeel lost <abbr title="−9/364">2.5%</abbr> of its health!)</small><br></div><div class="battle-history"><small>Hit 5 times!</small><br></div><div class="spacer battle-history"><br></div><div class="battle-history"><small>Registeel restored a little HP using its Leftovers!</small><br></div><div class="spacer battle-history"><br></div><h2 class="battle-history">Turn 11</h2><div class="spacer battle-history"><br></div><div class="battle-history">The opposing Echarpe used <strong>Tail Whip</strong>!<br></div><div class="battle-history"><small>[Registeel's Clear Body]</small><br><small>Registeel's stats were not lowered!</small><br></div><div class="spacer battle-history"><br></div><div class="battle-history">Registeel used <strong>Iron Head</strong>!<br></div><div class="battle-history"><small>(The opposing Echarpe lost <abbr title="−123/292">42.1%</abbr> of its health!)</small><br></div><div class="spacer battle-history"><br></div><div class="battle-history"><small>Registeel restored a little HP using its Leftovers!</small><br></div><div class="spacer battle-history"><br></div><h2 class="battle-history">Turn 12</h2><div class="spacer battle-history"><br></div><div class="battle-history">The opposing Echarpe used <strong>Bullet Seed</strong>!<br></div><div class="battle-history"><small>It's not very effective...</small><br></div><div class="battle-history"><small>(Registeel lost <abbr title="−9/364">2.5%</abbr> of its health!)</small><br></div><div class="battle-history"><small>It's not very effective...</small><br></div><div class="battle-history"><small>(Registeel lost <abbr title="−9/364">2.5%</abbr> of its health!)</small><br></div><div class="battle-history"><small>It's not very effective...</small><br></div><div class="battle-history"><small>(Registeel lost <abbr title="−9/364">2.5%</abbr> of its health!)</small><br></div><div class="battle-history"><small>It's not very effective...</small><br></div><div class="battle-history"><small>(Registeel lost <abbr title="−9/364">2.5%</abbr> of its health!)</small><br></div><div class="battle-history"><small>It's not very effective...</small><br></div><div class="battle-history"><small>(Registeel lost <abbr title="−8/364">2.2%</abbr> of its health!)</small><br></div><div class="battle-history"><small>Hit 5 times!</small><br></div><div class="spacer battle-history"><br></div><div class="battle-history">Registeel flinched and couldn't move!<br></div><div class="spacer battle-history"><br></div><div class="battle-history"><small>Registeel restored a little HP using its Leftovers!</small><br></div><div class="spacer battle-history"><br></div><h2 class="battle-history">Turn 13</h2><div class="spacer battle-history"><br></div><div class="battle-history">The opposing Echarpe used <strong>U-turn</strong>!<br></div><div class="battle-history"><small>It's not very effective...</small><br></div><div class="battle-history"><small>(Registeel lost <abbr title="−25/364">6.9%</abbr> of its health!)</small><br></div><div class="spacer battle-history"><br></div><div class="battle-history">The opposing Echarpe went back to Nidhogggg!<br></div><div class="battle-history">Nidhogggg sent out Merlin (<strong>Delphox</strong>)!<br></div><div class="spacer battle-history"><br></div><div class="battle-history">Registeel used <strong>Stealth Rock</strong>!<br></div><div class="battle-history"><small>Pointed stones float in the air around the opposing team!</small><br></div><div class="spacer battle-history"><br></div><div class="battle-history"><small>Registeel restored a little HP using its Leftovers!</small><br></div><div class="spacer battle-history"><br></div><h2 class="battle-history">Turn 14</h2><div class="spacer battle-history"><br></div><div class="battle-history">Registeel, come back!<br></div><div class="battle-history">Go! Camerupt (<strong>Camerupt-Mega</strong>)!<br></div><div class="spacer battle-history"><br></div><div class="battle-history">The opposing Merlin used <strong>Switcheroo</strong>!<br></div><div class="battle-history"><small>But it failed!</small><br></div><div class="spacer battle-history"><br></div><h2 class="battle-history">Turn 15</h2><div class="spacer battle-history"><br></div><div class="battle-history">Nidhogggg withdrew Merlin!<br></div><div class="battle-history">Nidhogggg sent out Cocotte (<strong>Aromatisse</strong>)!<br></div><div class="battle-history"><small>Pointed stones dug into the opposing Cocotte!</small><br></div><div class="spacer battle-history"><br></div><div class="battle-history">Camerupt used <strong>Earth Power</strong>!<br></div><div class="battle-history"><small>(The opposing Cocotte lost <abbr title="−12/406">3.0%</abbr> of its health!)</small><br></div><div class="spacer battle-history"><br></div><div class="battle-history">The opposing Cocotte fainted!<br></div><div class="spacer battle-history"><br></div><div class="battle-history">Nidhogggg sent out Merlin (<strong>Delphox</strong>)!<br></div><div class="battle-history"><small>Pointed stones dug into the opposing Merlin!</small><br></div><div class="spacer battle-history"><br></div><h2 class="battle-history">Turn 16</h2><div class="spacer battle-history"><br></div><div class="battle-history">The opposing Merlin used <strong>Dazzling Gleam</strong>!<br></div><div class="battle-history"><small>It's not very effective...</small><br></div><div class="battle-history"><small>(Camerupt lost <abbr title="−47/343">13.7%</abbr> of its health!)</small><br></div><div class="spacer battle-history"><br></div><div class="battle-history">Camerupt used <strong>Earth Power</strong>!<br></div><div class="battle-history"><small>It's super effective!</small><br></div><div class="battle-history"><small>(The opposing Merlin lost <abbr title="−219/291">75.3%</abbr> of its health!)</small><br></div><div class="spacer battle-history"><br></div><div class="battle-history">The opposing Merlin fainted!<br></div><div class="spacer battle-history"><br></div><div class="battle-history">Nidhogggg sent out Scorpio (<strong>Drapion</strong>)!<br></div><div class="battle-history"><small>Pointed stones dug into the opposing Scorpio!</small><br></div><div class="spacer battle-history"><br></div><h2 class="battle-history">Turn 17</h2><div class="spacer battle-history"><br></div><div class="battle-history">The opposing Scorpio used <strong>Knock Off</strong>!<br></div><div class="battle-history"><small>(Camerupt lost <abbr title="−106/343">30.9%</abbr> of its health!)</small><br></div><div class="spacer battle-history"><br></div><div class="battle-history">Camerupt used <strong>Earth Power</strong>!<br></div><div class="battle-history"><small>It's super effective!</small><br></div><div class="battle-history"><small>(The opposing Scorpio lost <abbr title="−151/344">43.9%</abbr> of its health!)</small><br></div><div class="spacer battle-history"><br></div><div class="battle-history">The opposing Scorpio fainted!<br></div><div class="spacer battle-history"><br></div><div class="battle-history">Nidhogggg sent out Echarpe (<strong>Cinccino</strong>)!<br></div><div class="battle-history"><small>Pointed stones dug into the opposing Echarpe!</small><br></div><div class="spacer battle-history"><br></div><h2 class="battle-history">Turn 18</h2><div class="chat chatmessage-grumeauxalola"><strong style="color:hsl(288,63%,47%)"><small>★</small><span class="username" data-name="Grumeaux Alola">Grumeaux Alola</span>:</strong> <em>gg</em></div><div class="spacer battle-history"><br></div><div class="battle-history">Camerupt, come back!<br></div><div class="battle-history">Go! <strong>Registeel</strong>!<br></div><div class="spacer battle-history"><br></div><div class="battle-history">The opposing Echarpe used <strong>Rock Blast</strong>!<br></div><div class="battle-history"><small>It's not very effective...</small><br></div><div class="battle-history"><small>(Registeel lost <abbr title="−9/364">2.5%</abbr> of its health!)</small><br></div><div class="battle-history"><small>It's not very effective...</small><br></div><div class="battle-history"><small>(Registeel lost <abbr title="−9/364">2.5%</abbr> of its health!)</small><br></div><div class="battle-history"><small>It's not very effective...</small><br></div><div class="battle-history"><small>(Registeel lost <abbr title="−8/364">2.2%</abbr> of its health!)</small><br></div><div class="battle-history"><small>It's not very effective...</small><br></div><div class="battle-history"><small>(Registeel lost <abbr title="−9/364">2.5%</abbr> of its health!)</small><br></div><div class="battle-history"><small>It's not very effective...</small><br></div><div class="battle-history"><small>(Registeel lost <abbr title="−9/364">2.5%</abbr> of its health!)</small><br></div><div class="battle-history"><small>Hit 5 times!</small><br></div><div class="spacer battle-history"><br></div><div class="battle-history"><small>Registeel restored a little HP using its Leftovers!</small><br></div><div class="spacer battle-history"><br></div><h2 class="battle-history">Turn 19</h2><div class="spacer battle-history"><br></div><div class="battle-history">The opposing Echarpe used <strong>Bullet Seed</strong>!<br></div><div class="battle-history"><small>It's not very effective...</small><br></div><div class="battle-history"><small>(Registeel lost <abbr title="−8/364">2.2%</abbr> of its health!)</small><br></div><div class="battle-history"><small>It's not very effective...</small><br></div><div class="battle-history"><small>(Registeel lost <abbr title="−8/364">2.2%</abbr> of its health!)</small><br></div><div class="battle-history"><small>It's not very effective...</small><br></div><div class="battle-history"><small>(Registeel lost <abbr title="−8/364">2.2%</abbr> of its health!)</small><br></div><div class="battle-history"><small>It's not very effective...</small><br></div><div class="battle-history"><small>(Registeel lost <abbr title="−10/364">2.7%</abbr> of its health!)</small><br></div><div class="battle-history"><small>It's not very effective...</small><br></div><div class="battle-history"><small>(Registeel lost <abbr title="−8/364">2.2%</abbr> of its health!)</small><br></div><div class="battle-history"><small>Hit 5 times!</small><br></div><div class="spacer battle-history"><br></div><div class="battle-history">Registeel used <strong>Iron Head</strong>!<br></div><div class="battle-history"><small>(The opposing Echarpe lost <abbr title="−115/292">39.4%</abbr> of its health!)</small><br></div><div class="spacer battle-history"><br></div><div class="battle-history"><small>Registeel restored a little HP using its Leftovers!</small><br></div><div class="spacer battle-history"><br></div><h2 class="battle-history">Turn 20</h2><div class="spacer battle-history"><br></div><div class="battle-history">The opposing Echarpe used <strong>Bullet Seed</strong>!<br></div><div class="battle-history"><small>It's not very effective...</small><br></div><div class="battle-history"><small>(Registeel lost <abbr title="−8/364">2.2%</abbr> of its health!)</small><br></div><div class="battle-history"><small>It's not very effective...</small><br></div><div class="battle-history"><small>(Registeel lost <abbr title="−10/364">2.7%</abbr> of its health!)</small><br></div><div class="battle-history"><small>It's not very effective...</small><br></div><div class="battle-history"><small>(Registeel lost <abbr title="−9/364">2.5%</abbr> of its health!)</small><br></div><div class="battle-history"><small>It's not very effective...</small><br></div><div class="battle-history"><small>(Registeel lost <abbr title="−9/364">2.5%</abbr> of its health!)</small><br></div><div class="battle-history"><small>It's not very effective...</small><br></div><div class="battle-history"><small>(Registeel lost <abbr title="−9/364">2.5%</abbr> of its health!)</small><br></div><div class="battle-history"><small>Hit 5 times!</small><br></div><div class="spacer battle-history"><br></div><div class="battle-history">Registeel flinched and couldn't move!<br></div><div class="spacer battle-history"><br></div><div class="battle-history"><small>Registeel restored a little HP using its Leftovers!</small><br></div><div class="spacer battle-history"><br></div><h2 class="battle-history">Turn 21</h2><div class="spacer battle-history"><br></div><div class="battle-history">The opposing Echarpe used <strong>Bullet Seed</strong>!<br></div><div class="battle-history"><small>It's not very effective...</small><br></div><div class="battle-history"><small>(Registeel lost <abbr title="−9/364">2.5%</abbr> of its health!)</small><br></div><div class="battle-history"><small>It's not very effective...</small><br></div><div class="battle-history"><small>(Registeel lost <abbr title="−9/364">2.5%</abbr> of its health!)</small><br></div><div class="battle-history"><small>It's not very effective...</small><br></div><div class="battle-history"><small>(Registeel lost <abbr title="−8/364">2.2%</abbr> of its health!)</small><br></div><div class="battle-history"><small>It's not very effective...</small><br></div><div class="battle-history"><small>(Registeel lost <abbr title="−9/364">2.5%</abbr> of its health!)</small><br></div><div class="battle-history"><small>It's not very effective...</small><br></div><div class="battle-history"><small>(Registeel lost <abbr title="−8/364">2.2%</abbr> of its health!)</small><br></div><div class="battle-history"><small>Hit 5 times!</small><br></div><div class="spacer battle-history"><br></div><div class="battle-history">Registeel flinched and couldn't move!<br></div><div class="spacer battle-history"><br></div><div class="battle-history"><small>Registeel restored a little HP using its Leftovers!</small><br></div><div class="spacer battle-history"><br></div><h2 class="battle-history">Turn 22</h2><div class="spacer battle-history"><br></div><div class="battle-history">The opposing Echarpe used <strong>Bullet Seed</strong>!<br></div><div class="battle-history"><small>It's not very effective...</small><br></div><div class="battle-history"><small>(Registeel lost <abbr title="−8/364">2.2%</abbr> of its health!)</small><br></div><div class="battle-history"><small>It's not very effective...</small><br></div><div class="battle-history"><small>(Registeel lost <abbr title="−9/364">2.5%</abbr> of its health!)</small><br></div><div class="battle-history"><small>It's not very effective...</small><br></div><div class="battle-history"><small>(Registeel lost <abbr title="−9/364">2.5%</abbr> of its health!)</small><br></div><div class="battle-history"><small>It's not very effective...</small><br></div><div class="battle-history"><small>(Registeel lost <abbr title="−9/364">2.5%</abbr> of its health!)</small><br></div><div class="battle-history"><small>It's not very effective...</small><br></div><div class="battle-history"><small>(Registeel lost <abbr title="−9/364">2.5%</abbr> of its health!)</small><br></div><div class="battle-history"><small>Hit 5 times!</small><br></div><div class="spacer battle-history"><br></div><div class="battle-history">Registeel used <strong>Iron Head</strong>!<br></div><div class="battle-history"><small>(The opposing Echarpe lost <abbr title="−18/292">6.2%</abbr> of its health!)</small><br></div><div class="spacer battle-history"><br></div><div class="battle-history">The opposing Echarpe fainted!<br></div><div class="spacer battle-history"><br></div><div class="battle-history"><strong>Grumeaux Alola</strong> won the battle!<br></div><div class="chat chatmessage-grumeauxalola"><strong style="color:hsl(288,63%,47%)"><small>★</small><span class="username" data-name="Grumeaux Alola">Grumeaux Alola</span>:</strong> <em>gg</em></div></div><div class="inner-preempt"></div></div></div>
</div>
<script>
let daily = Math.floor(Date.now()/1000/60/60/24);document.write('<script src="https://play.pokemonshowdown.com/js/replay-embed.js?version'+daily+'"></'+'script>');
</script>
