<!DOCTYPE html>
<meta charset="utf-8" />
<!-- version 1 -->
<title>RU replay: soTsoT vs. EviGaro</title>
<style>
html,body {font-family:Verdana, sans-serif;font-size:10pt;margin:0;padding:0;}body{padding:12px 0;} .battle-log {font-family:Verdana, sans-serif;font-size:10pt;} .battle-log-inline {border:1px solid #AAAAAA;background:#EEF2F5;color:black;max-width:640px;margin:0 auto 80px;padding-bottom:5px;} .battle-log .inner {padding:4px 8px 0px 8px;} .battle-log .inner-preempt {padding:0 8px 4px 8px;} .battle-log .inner-after {margin-top:0.5em;} .battle-log h2 {margin:0.5em -8px;padding:4px 8px;border:1px solid #AAAAAA;background:#E0E7EA;border-left:0;border-right:0;font-family:Verdana, sans-serif;font-size:13pt;} .battle-log .chat {vertical-align:middle;padding:3px 0 3px 0;font-size:8pt;} .battle-log .chat strong {color:#40576A;} .battle-log .chat em {padding:1px 4px 1px 3px;color:#000000;font-style:normal;} .chat.mine {background:rgba(0,0,0,0.05);margin-left:-8px;margin-right:-8px;padding-left:8px;padding-right:8px;} .spoiler {color:#BBBBBB;background:#BBBBBB;padding:0px 3px;} .spoiler:hover, .spoiler:active, .spoiler-shown {color:#000000;background:#E2E2E2;padding:0px 3px;} .spoiler a {color:#BBBBBB;} .spoiler:hover a, .spoiler:active a, .spoiler-shown a {color:#2288CC;} .chat code, .chat .spoiler:hover code, .chat .spoiler:active code, .chat .spoiler-shown code {border:1px solid #C0C0C0;background:#EEEEEE;color:black;padding:0 2px;} .chat .spoiler code {border:1px solid #CCCCCC;background:#CCCCCC;color:#CCCCCC;} .battle-log .rated {padding:3px 4px;} .battle-log .rated strong {color:white;background:#89A;padding:1px 4px;border-radius:4px;} .spacer {margin-top:0.5em;} .message-announce {background:#6688AA;color:white;padding:1px 4px 2px;} .message-announce a, .broadcast-green a, .broadcast-blue a, .broadcast-red a {color:#DDEEFF;} .broadcast-green {background-color:#559955;color:white;padding:2px 4px;} .broadcast-blue {background-color:#6688AA;color:white;padding:2px 4px;} .infobox {border:1px solid #6688AA;padding:2px 4px;} .infobox-limited {max-height:200px;overflow:auto;overflow-x:hidden;} .broadcast-red {background-color:#AA5544;color:white;padding:2px 4px;} .message-learn-canlearn {font-weight:bold;color:#228822;text-decoration:underline;} .message-learn-cannotlearn {font-weight:bold;color:#CC2222;text-decoration:underline;} .message-effect-weak {font-weight:bold;color:#CC2222;} .message-effect-resist {font-weight:bold;color:#6688AA;} .message-effect-immune {font-weight:bold;color:#666666;} .message-learn-list {margin-top:0;margin-bottom:0;} .message-throttle-notice, .message-error {color:#992222;} .message-overflow, .chat small.message-overflow {font-size:0pt;} .message-overflow::before {font-size:9pt;content:'...';} .subtle {color:#3A4A66;}
</style>
<div class="wrapper replay-wrapper" style="max-width:1180px;margin:0 auto">
<input type="hidden" name="replayid" value="ru-588434517" />
<div class="battle"></div><div class="battle-log"></div><div class="replay-controls"></div><div class="replay-controls-2"></div>
<h1 style="font-weight:normal;text-align:center"><strong>RU</strong><br /><a href="http://pokemonshowdown.com/users/sotsot" class="subtle" target="_blank">soTsoT</a> vs. <a href="http://pokemonshowdown.com/users/evigaro" class="subtle" target="_blank">EviGaro</a></h1>
<script type="text/plain" class="battle-log-data">|j|soTsoT
|j|EviGaro
|player|p1|soTsoT|274
|teamsize|p1|6
|player|p2|EviGaro|128
|teamsize|p2|6
|gametype|singles
|gen|6
|tier|RU
|seed|29694,38875,54015,1430
|rule|Sleep Clause Mod: Limit one foe put to sleep
|rule|Species Clause: Limit one of each Pokémon
|rule|OHKO Clause: OHKO moves are banned
|rule|Moody Clause: Moody is banned
|rule|Evasion Moves Clause: Evasion moves are banned
|rule|Endless Battle Clause: Forcing endless battles is banned
|rule|HP Percentage Mod: HP is shown in percentages
|clearpoke
|poke|p1|Aromatisse, M|item
|poke|p1|Glalie, M|item
|poke|p1|Flygon, F|item
|poke|p1|Registeel|item
|poke|p1|Druddigon, F|item
|poke|p1|Malamar, F|item
|poke|p2|Clefairy, F|item
|poke|p2|Venusaur, F|item
|poke|p2|Slowking, M|item
|poke|p2|Rhyperior, F|item
|poke|p2|Flygon, M|item
|poke|p2|Gurdurr, F|item
|rule|Swagger Clause: Swagger is banned
|rule|Baton Pass Clause: Limit one Baton Passer, can't pass Spe and other stats simultaneously
|teampreview
|choice|team 3, team 2, team 1, team 4, team 5, team 6|team 4, team 2, team 3, team 1, team 5, team 6
|
|start
|switch|p1a: Flygon|Flygon, F|301\/301
|switch|p2a: Rhyperior|Rhyperior, F|371\/371
|turn|1
|choice|move earthpower|switch 2
|
|switch|p2a: Venusaur|Venusaur, F|363\/363
|move|p1a: Flygon|Earth Power|p2a: Venusaur
|-damage|p2a: Venusaur|221\/363
|-damage|p1a: Flygon|271\/301|[from] item: Life Orb
|
|-heal|p2a: Venusaur|243\/363|[from] item: Black Sludge
|upkeep
|turn|2
|choice|switch 4|move synthesis
|
|switch|p1a: Registeel|Registeel|364\/364
|move|p2a: Venusaur|Synthesis|p2a: Venusaur
|-heal|p2a: Venusaur|363\/363
|
|upkeep
|turn|3
|choice|move stealthrock|move leechseed
|
|move|p2a: Venusaur|Leech Seed|p1a: Registeel
|-start|p1a: Registeel|move: Leech Seed
|move|p1a: Registeel|Stealth Rock|p2a: Venusaur
|-sidestart|p2: EviGaro|move: Stealth Rock
|
|-damage|p1a: Registeel|319\/364|[from] Leech Seed|[of] p2a: Venusaur
|upkeep
|turn|4
|choice|switch 6|move leechseed
|
|switch|p1a: Malamar|Malamar, F|375\/375
|move|p2a: Venusaur|Leech Seed|p1a: Malamar
|-start|p1a: Malamar|move: Leech Seed
|
|-damage|p1a: Malamar|329\/375|[from] Leech Seed|[of] p2a: Venusaur
|upkeep
|turn|5
|choice|move knockoff|move sludgebomb
|
|move|p2a: Venusaur|Sludge Bomb|p1a: Malamar
|-damage|p1a: Malamar|227\/375
|move|p1a: Malamar|Knock Off|p2a: Venusaur
|-damage|p2a: Venusaur|239\/363
|-enditem|p2a: Venusaur|Black Sludge|[from] move: Knock Off|[of] p1a: Malamar
|
|-heal|p1a: Malamar|250\/375|[from] item: Leftovers
|-damage|p1a: Malamar|204\/375|[from] Leech Seed|[of] p2a: Venusaur
|-heal|p2a: Venusaur|285\/363|[silent]
|upkeep
|turn|6
|choice|move rest|switch 4
|
|switch|p2a: Oh.|Clefairy, F|344\/344
|move|p1a: Malamar|Rest|p1a: Malamar
|-status|p1a: Malamar|slp
|-heal|p1a: Malamar|375\/375 slp|[silent]
|-status|p1a: Malamar|slp|[from] move: Rest
|
|-damage|p1a: Malamar|329\/375 slp|[from] Leech Seed|[of] p2a: Oh.
|upkeep
|turn|7
|choice|switch 2|move stealthrock
|
|switch|p1a: Glalie|Glalie, M|301\/301
|move|p2a: Oh.|Stealth Rock|p1a: Glalie
|-sidestart|p1: soTsoT|move: Stealth Rock
|
|upkeep
|turn|8
|choice|move return mega|switch 3
|
|switch|p2a: Slowking|Slowking, M|394\/394
|-damage|p2a: Slowking|345\/394|[from] Stealth Rock
|detailschange|p1a: Glalie|Glalie-Mega, M
|-mega|p1a: Glalie|Glalie|Glalitite
|move|p1a: Glalie|Return|p2a: Slowking
|-resisted|p2a: Slowking
|-damage|p2a: Slowking|251\/394
|
|upkeep
|turn|9
|choice|move freezedry|move block
|
|move|p1a: Glalie|Freeze-Dry|p2a: Slowking
|-supereffective|p2a: Slowking
|-damage|p2a: Slowking|81\/394
|move|p2a: Slowking|Block|p1a: Glalie
|-activate|p1a: Glalie|trapped
|
|upkeep
|turn|10
|choice|move return|switch 6
|
|switch|p2a: Gurdurr|Gurdurr, F|374\/374
|-damage|p2a: Gurdurr|351\/374|[from] Stealth Rock
|move|p1a: Glalie|Return|p2a: Gurdurr
|-damage|p2a: Gurdurr|183\/374
|
|upkeep
|turn|11
|choice|switch 3|move drainpunch
|
|switch|p1a: Aromatisse|Aromatisse, M|406\/406
|-damage|p1a: Aromatisse|356\/406|[from] Stealth Rock
|move|p2a: Gurdurr|Drain Punch|p1a: Aromatisse
|-resisted|p1a: Aromatisse
|-damage|p1a: Aromatisse|304\/406
|-heal|p2a: Gurdurr|209\/374|[from] drain|[of] p1a: Aromatisse
|
|-heal|p1a: Aromatisse|329\/406|[from] item: Leftovers
|upkeep
|turn|12
|choice|move moonblast|switch 2
|
|switch|p2a: Rhyperior|Rhyperior, F|371\/371
|-damage|p2a: Rhyperior|348\/371|[from] Stealth Rock
|move|p1a: Aromatisse|Moonblast|p2a: Rhyperior
|-damage|p2a: Rhyperior|185\/371
|-unboost|p2a: Rhyperior|spa|1
|
|-heal|p1a: Aromatisse|354\/406|[from] item: Leftovers
|upkeep
|turn|13
|choice|move protect|switch 4
|
|switch|p2a: Venusaur|Venusaur, F|285\/363
|-damage|p2a: Venusaur|240\/363|[from] Stealth Rock
|move|p1a: Aromatisse|Protect|p1a: Aromatisse
|-fail|p1a: Aromatisse
|
|-heal|p1a: Aromatisse|379\/406|[from] item: Leftovers
|upkeep
|turn|14
|choice|switch 6|move leechseed
|
|switch|p1a: Registeel|Registeel|319\/364
|-damage|p1a: Registeel|297\/364|[from] Stealth Rock
|move|p2a: Venusaur|Leech Seed|p1a: Registeel
|-start|p1a: Registeel|move: Leech Seed
|
|-heal|p1a: Registeel|319\/364|[from] item: Leftovers
|-damage|p1a: Registeel|274\/364|[from] Leech Seed|[of] p2a: Venusaur
|-heal|p2a: Venusaur|285\/363|[silent]
|upkeep
|turn|15
|choice|switch 2|move synthesis
|
|switch|p1a: Malamar|Malamar, F|329\/375 slp
|-damage|p1a: Malamar|283\/375 slp|[from] Stealth Rock
|move|p2a: Venusaur|Synthesis|p2a: Venusaur
|-heal|p2a: Venusaur|363\/363
|
|-heal|p1a: Malamar|306\/375 slp|[from] item: Leftovers
|upkeep
|turn|16
|choice|move sleeptalk|move leechseed
|
|move|p2a: Venusaur|Leech Seed|p1a: Malamar|[miss]
|-miss|p2a: Venusaur|p1a: Malamar
|cant|p1a: Malamar|slp
|move|p1a: Malamar|Sleep Talk|p1a: Malamar
|move|p1a: Malamar|Knock Off|p2a: Venusaur|[from]Sleep Talk
|-crit|p2a: Venusaur
|-damage|p2a: Venusaur|242\/363
|
|-heal|p1a: Malamar|329\/375 slp|[from] item: Leftovers
|upkeep
|turn|17
|choice|move sleeptalk|move leechseed
|
|move|p2a: Venusaur|Leech Seed|p1a: Malamar
|-start|p1a: Malamar|move: Leech Seed
|cant|p1a: Malamar|slp
|move|p1a: Malamar|Sleep Talk|p1a: Malamar
|move|p1a: Malamar|Rest|p1a: Malamar|[from]Sleep Talk
|-fail|p1a: Malamar
|
|-heal|p1a: Malamar|352\/375 slp|[from] item: Leftovers
|-damage|p1a: Malamar|306\/375 slp|[from] Leech Seed|[of] p2a: Venusaur
|-heal|p2a: Venusaur|288\/363|[silent]
|upkeep
|turn|18
|choice|switch 2|move sludgebomb
|
|switch|p1a: Registeel|Registeel|274\/364
|-damage|p1a: Registeel|252\/364|[from] Stealth Rock
|move|p2a: Venusaur|Sludge Bomb|p1a: Registeel
|-immune|p1a: Registeel|[msg]
|
|-heal|p1a: Registeel|274\/364|[from] item: Leftovers
|upkeep
|turn|19
|choice|move protect|move leechseed
|
|move|p1a: Registeel|Protect|p1a: Registeel
|-singleturn|p1a: Registeel|Protect
|move|p2a: Venusaur|Leech Seed|p1a: Registeel
|-activate|p1a: Registeel|move: Protect
|
|-heal|p1a: Registeel|296\/364|[from] item: Leftovers
|upkeep
|turn|20
|choice|move seismictoss|move leechseed
|
|move|p2a: Venusaur|Leech Seed|p1a: Registeel
|-start|p1a: Registeel|move: Leech Seed
|move|p1a: Registeel|Seismic Toss|p2a: Venusaur
|-damage|p2a: Venusaur|188\/363
|
|-heal|p1a: Registeel|318\/364|[from] item: Leftovers
|-damage|p1a: Registeel|273\/364|[from] Leech Seed|[of] p2a: Venusaur
|-heal|p2a: Venusaur|233\/363|[silent]
|upkeep
|turn|21
|choice|move seismictoss|move synthesis
|
|move|p2a: Venusaur|Synthesis|p2a: Venusaur
|-heal|p2a: Venusaur|363\/363
|move|p1a: Registeel|Seismic Toss|p2a: Venusaur
|-damage|p2a: Venusaur|263\/363
|
|-heal|p1a: Registeel|295\/364|[from] item: Leftovers
|-damage|p1a: Registeel|250\/364|[from] Leech Seed|[of] p2a: Venusaur
|-heal|p2a: Venusaur|308\/363|[silent]
|upkeep
|turn|22
|choice|switch 2|switch 6
|
|switch|p2a: Slowking|Slowking, M|212\/394
|-damage|p2a: Slowking|163\/394|[from] Stealth Rock
|switch|p1a: Malamar|Malamar, F|306\/375 slp
|-damage|p1a: Malamar|260\/375 slp|[from] Stealth Rock
|
|-heal|p1a: Malamar|283\/375 slp|[from] item: Leftovers
|upkeep
|turn|23
|choice|move knockoff|switch 3
|
|switch|p2a: Oh.|Clefairy, F|344\/344
|-curestatus|p1a: Malamar|slp|[msg]
|move|p1a: Malamar|Knock Off|p2a: Oh.
|-resisted|p2a: Oh.
|-damage|p2a: Oh.|302\/344
|-enditem|p2a: Oh.|Eviolite|[from] move: Knock Off|[of] p1a: Malamar
|
|-heal|p1a: Malamar|306\/375|[from] item: Leftovers
|upkeep
|turn|24
|choice|switch 3|move knockoff
|
|switch|p1a: Glalie|Glalie-Mega, M|301\/301
|-damage|p1a: Glalie|226\/301|[from] Stealth Rock
|move|p2a: Oh.|Knock Off|p1a: Glalie
|-damage|p1a: Glalie|198\/301
|
|upkeep
|turn|25
|choice|move return|switch 3
|
|switch|p2a: Slowking|Slowking, M|294\/394
|-damage|p2a: Slowking|245\/394|[from] Stealth Rock
|move|p1a: Glalie|Return|p2a: Slowking
|-resisted|p2a: Slowking
|-damage|p2a: Slowking|146\/394
|
|upkeep
|turn|26
|choice|move freezedry|switch 4
|
|switch|p2a: Rhyperior|Rhyperior, F|185\/371
|-damage|p2a: Rhyperior|162\/371|[from] Stealth Rock
|move|p1a: Glalie|Freeze-Dry|p2a: Rhyperior
|-supereffective|p2a: Rhyperior
|-damage|p2a: Rhyperior|0 fnt
|faint|p2a: Rhyperior
|
|upkeep
|choice||switch 4
|
|switch|p2a: Slowking|Slowking, M|277\/394
|-damage|p2a: Slowking|228\/394|[from] Stealth Rock
|turn|27
|choice|switch 3|move scald
|
|switch|p1a: Malamar|Malamar, F|306\/375
|-damage|p1a: Malamar|260\/375|[from] Stealth Rock
|move|p2a: Slowking|Scald|p1a: Malamar
|-damage|p1a: Malamar|175\/375
|
|-heal|p1a: Malamar|198\/375|[from] item: Leftovers
|upkeep
|turn|28
|choice|move knockoff|switch 3
|
|switch|p2a: Oh.|Clefairy, F|302\/344
|move|p1a: Malamar|Knock Off|p2a: Oh.
|-resisted|p2a: Oh.
|-damage|p2a: Oh.|259\/344
|
|-heal|p1a: Malamar|221\/375|[from] item: Leftovers
|upkeep
|turn|29
|choice|move superpower|move moonblast
|
|move|p1a: Malamar|Superpower|p2a: Oh.
|-resisted|p2a: Oh.
|-damage|p2a: Oh.|210\/344
|-boost|p1a: Malamar|atk|1
|-boost|p1a: Malamar|def|1
|move|p2a: Oh.|Moonblast|p1a: Malamar
|-supereffective|p1a: Malamar
|-damage|p1a: Malamar|89\/375
|
|-heal|p1a: Malamar|112\/375|[from] item: Leftovers
|upkeep
|turn|30
|choice|move rest|move softboiled
|
|move|p1a: Malamar|Rest|p1a: Malamar
|-status|p1a: Malamar|slp
|-heal|p1a: Malamar|375\/375 slp|[silent]
|-status|p1a: Malamar|slp|[from] move: Rest
|move|p2a: Oh.|Soft-Boiled|p2a: Oh.
|-heal|p2a: Oh.|344\/344
|
|upkeep
|turn|31
|choice|move sleeptalk|move moonblast
|
|cant|p1a: Malamar|slp
|move|p1a: Malamar|Sleep Talk|p1a: Malamar
|move|p1a: Malamar|Rest|p1a: Malamar|[from]Sleep Talk
|-fail|p1a: Malamar
|move|p2a: Oh.|Moonblast|p1a: Malamar
|-supereffective|p1a: Malamar
|-damage|p1a: Malamar|225\/375 slp
|-boost|p1a: Malamar|spa|1
|
|-heal|p1a: Malamar|248\/375 slp|[from] item: Leftovers
|upkeep
|turn|32
|choice|switch 6|move moonblast
|
|switch|p1a: Aromatisse|Aromatisse, M|379\/406
|-damage|p1a: Aromatisse|329\/406|[from] Stealth Rock
|move|p2a: Oh.|Moonblast|p1a: Aromatisse
|-damage|p1a: Aromatisse|238\/406
|-unboost|p1a: Aromatisse|spa|1
|
|-heal|p1a: Aromatisse|263\/406|[from] item: Leftovers
|upkeep
|turn|33
|choice|move wish|move knockoff
|
|move|p2a: Oh.|Knock Off|p1a: Aromatisse
|-resisted|p1a: Aromatisse
|-damage|p1a: Aromatisse|247\/406
|-enditem|p1a: Aromatisse|Leftovers|[from] move: Knock Off|[of] p2a: Oh.
|move|p1a: Aromatisse|Wish|p1a: Aromatisse
|
|upkeep
|turn|34
|choice|move moonblast|switch 3
|
|switch|p2a: Slowking|Slowking, M|359\/394
|-damage|p2a: Slowking|310\/394|[from] Stealth Rock
|move|p1a: Aromatisse|Moonblast|p2a: Slowking
|-crit|p2a: Slowking
|-damage|p2a: Slowking|153\/394
|
|-heal|p1a: Aromatisse|406\/406|[from] move: Wish|[wisher] Aromatisse
|upkeep
|turn|35
|choice|switch 6|move scald
|
|switch|p1a: Malamar|Malamar, F|248\/375 slp
|-damage|p1a: Malamar|202\/375 slp|[from] Stealth Rock
|move|p2a: Slowking|Scald|p1a: Malamar
|-damage|p1a: Malamar|115\/375 slp
|
|-heal|p1a: Malamar|138\/375 slp|[from] item: Leftovers
|upkeep
|turn|36
|choice|move sleeptalk|switch 3
|
|switch|p2a: Oh.|Clefairy, F|344\/344
|cant|p1a: Malamar|slp
|move|p1a: Malamar|Sleep Talk|p1a: Malamar
|move|p1a: Malamar|Rest|p1a: Malamar|[from]Sleep Talk
|-fail|p1a: Malamar
|
|-heal|p1a: Malamar|161\/375 slp|[from] item: Leftovers
|upkeep
|turn|37
|choice|move rest|move moonblast
|
|-curestatus|p1a: Malamar|slp|[msg]
|move|p1a: Malamar|Rest|p1a: Malamar
|-status|p1a: Malamar|slp
|-heal|p1a: Malamar|375\/375 slp|[silent]
|-status|p1a: Malamar|slp|[from] move: Rest
|move|p2a: Oh.|Moonblast|p1a: Malamar
|-supereffective|p1a: Malamar
|-crit|p1a: Malamar
|-damage|p1a: Malamar|157\/375 slp
|
|-heal|p1a: Malamar|180\/375 slp|[from] item: Leftovers
|upkeep
|turn|38
|choice|switch 6|switch 6
|
|switch|p1a: Aromatisse|Aromatisse, M|406\/406
|-damage|p1a: Aromatisse|356\/406|[from] Stealth Rock
|switch|p2a: Venusaur|Venusaur, F|308\/363
|-damage|p2a: Venusaur|263\/363|[from] Stealth Rock
|
|upkeep
|turn|39
|choice|move protect|move leechseed
|
|move|p1a: Aromatisse|Protect|p1a: Aromatisse
|-singleturn|p1a: Aromatisse|Protect
|move|p2a: Venusaur|Leech Seed|p1a: Aromatisse
|-activate|p1a: Aromatisse|move: Protect
|
|upkeep
|turn|40
|choice|switch 4|move sludgebomb
|
|switch|p1a: Flygon|Flygon, F|271\/301
|-damage|p1a: Flygon|253\/301|[from] Stealth Rock
|move|p2a: Venusaur|Sludge Bomb|p1a: Flygon
|-resisted|p1a: Flygon
|-damage|p1a: Flygon|179\/301
|-status|p1a: Flygon|psn
|
|-damage|p1a: Flygon|142\/301 psn|[from] psn
|upkeep
|turn|41
|choice|move roost|move synthesis
|
|move|p1a: Flygon|Roost|p1a: Flygon
|-heal|p1a: Flygon|293\/301 psn
|move|p2a: Venusaur|Synthesis|p2a: Venusaur
|-heal|p2a: Venusaur|363\/363
|
|-damage|p1a: Flygon|256\/301 psn|[from] psn
|upkeep
|turn|42
|choice|switch 5|move gigadrain
|
|switch|p1a: Druddigon|Druddigon, F|354\/354
|-damage|p1a: Druddigon|310\/354|[from] Stealth Rock
|move|p2a: Venusaur|Giga Drain|p1a: Druddigon
|-resisted|p1a: Druddigon
|-damage|p1a: Druddigon|256\/354
|
|upkeep
|turn|43
|choice|move firepunch|switch 5
|
|switch|p2a: Flygon|Flygon, M|301\/301
|-damage|p2a: Flygon|283\/301|[from] Stealth Rock
|move|p1a: Druddigon|Fire Punch|p2a: Flygon
|-resisted|p2a: Flygon
|-damage|p2a: Flygon|182\/301
|
|upkeep
|turn|44
|choice|switch 5|move earthquake
|
|switch|p1a: Flygon|Flygon, F|256\/301 psn
|-damage|p1a: Flygon|238\/301 psn|[from] Stealth Rock
|move|p2a: Flygon|Earthquake|p1a: Flygon
|-immune|p1a: Flygon|[msg]|[from] ability: Levitate
|
|-damage|p1a: Flygon|201\/301 psn|[from] psn
|upkeep
|turn|45
|choice|move dracometeor|switch 5
|
|switch|p2a: Venusaur|Venusaur, F|363\/363
|-damage|p2a: Venusaur|318\/363|[from] Stealth Rock
|move|p1a: Flygon|Draco Meteor|p2a: Venusaur
|-damage|p2a: Venusaur|104\/363
|-unboost|p1a: Flygon|spa|2
|-damage|p1a: Flygon|171\/301 psn|[from] item: Life Orb
|
|-damage|p1a: Flygon|134\/301 psn|[from] psn
|upkeep
|turn|46
|choice|switch 5|switch 3
|
|switch|p1a: Druddigon|Druddigon, F|256\/354
|-damage|p1a: Druddigon|212\/354|[from] Stealth Rock
|switch|p2a: Slowking|Slowking, M|284\/394
|-damage|p2a: Slowking|235\/394|[from] Stealth Rock
|
|upkeep
|turn|47
|choice|move gunkshot|move scald
|
|move|p1a: Druddigon|Gunk Shot|p2a: Slowking
|-damage|p2a: Slowking|30\/394
|move|p2a: Slowking|Scald|p1a: Druddigon
|-resisted|p1a: Druddigon
|-damage|p1a: Druddigon|164\/354
|
|upkeep
|turn|48
|choice|move firepunch|switch 5
|
|switch|p2a: Flygon|Flygon, M|182\/301
|-damage|p2a: Flygon|164\/301|[from] Stealth Rock
|move|p1a: Druddigon|Fire Punch|p2a: Flygon
|-resisted|p2a: Flygon
|-damage|p2a: Flygon|68\/301
|
|upkeep
|turn|49
|choice|move suckerpunch|move earthquake
|
|move|p1a: Druddigon|Sucker Punch|p2a: Flygon
|-damage|p2a: Flygon|0 fnt
|-damage|p1a: Druddigon|129\/354|[from] item: Life Orb
|faint|p2a: Flygon
|
|upkeep
|choice||switch 2
|
|switch|p2a: Gurdurr|Gurdurr, F|209\/374
|-damage|p2a: Gurdurr|186\/374|[from] Stealth Rock
|turn|50
|choice|switch 4|move drainpunch
|
|switch|p1a: Aromatisse|Aromatisse, M|356\/406
|-damage|p1a: Aromatisse|306\/406|[from] Stealth Rock
|move|p2a: Gurdurr|Drain Punch|p1a: Aromatisse
|-resisted|p1a: Aromatisse
|-crit|p1a: Aromatisse
|-damage|p1a: Aromatisse|225\/406
|-heal|p2a: Gurdurr|227\/374|[from] drain|[of] p1a: Aromatisse
|
|upkeep
|turn|51
|choice|move aromatherapy|switch 5
|
|switch|p2a: Slowking|Slowking, M|161\/394
|-damage|p2a: Slowking|112\/394|[from] Stealth Rock
|move|p1a: Aromatisse|Aromatherapy|p1a: Aromatisse
|-activate|p1a: Aromatisse|move: Aromatherapy
|-curestatus|p1: Flygon|psn|[msg]
|-curestatus|p1: Malamar|slp|[msg]
|
|upkeep
|turn|52
|choice|switch 6|move scald
|
|switch|p1a: Malamar|Malamar, F|180\/375
|-damage|p1a: Malamar|134\/375|[from] Stealth Rock
|move|p2a: Slowking|Scald|p1a: Malamar
|-damage|p1a: Malamar|58\/375
|-status|p1a: Malamar|brn
|
|-heal|p1a: Malamar|81\/375 brn|[from] item: Leftovers
|-damage|p1a: Malamar|35\/375 brn|[from] brn
|upkeep
|turn|53
|choice|move rest|switch 6
|
|switch|p2a: Oh.|Clefairy, F|344\/344
|move|p1a: Malamar|Rest|p1a: Malamar
|-status|p1a: Malamar|slp
|-heal|p1a: Malamar|375\/375 slp|[silent]
|-status|p1a: Malamar|slp|[from] move: Rest
|
|upkeep
|turn|54
|choice|switch 2|move moonblast
|
|switch|p1a: Registeel|Registeel|250\/364
|-damage|p1a: Registeel|228\/364|[from] Stealth Rock
|move|p2a: Oh.|Moonblast|p1a: Registeel
|-resisted|p1a: Registeel
|-damage|p1a: Registeel|204\/364
|
|-heal|p1a: Registeel|226\/364|[from] item: Leftovers
|upkeep
|turn|55
|choice|switch 6|move knockoff
|
|switch|p1a: Aromatisse|Aromatisse, M|225\/406
|-damage|p1a: Aromatisse|175\/406|[from] Stealth Rock
|move|p2a: Oh.|Knock Off|p1a: Aromatisse
|-resisted|p1a: Aromatisse
|-damage|p1a: Aromatisse|165\/406
|
|upkeep
|turn|56
|choice|move wish|switch 6
|
|switch|p2a: Slowking|Slowking, M|243\/394
|-damage|p2a: Slowking|194\/394|[from] Stealth Rock
|move|p1a: Aromatisse|Wish|p1a: Aromatisse
|
|upkeep
|turn|57
|choice|move protect|move scald
|
|move|p1a: Aromatisse|Protect|p1a: Aromatisse
|-singleturn|p1a: Aromatisse|Protect
|move|p2a: Slowking|Scald|p1a: Aromatisse
|-activate|p1a: Aromatisse|move: Protect
|
|-heal|p1a: Aromatisse|368\/406|[from] move: Wish|[wisher] Aromatisse
|upkeep
|turn|58
|choice|switch 6|move block
|
|switch|p1a: Registeel|Registeel|226\/364
|-damage|p1a: Registeel|204\/364|[from] Stealth Rock
|move|p2a: Slowking|Block|p1a: Registeel
|-activate|p1a: Registeel|trapped
|
|-heal|p1a: Registeel|226\/364|[from] item: Leftovers
|upkeep
|turn|59
|choice|move toxic|move calmmind
|
|move|p1a: Registeel|Toxic|p2a: Slowking
|-status|p2a: Slowking|tox
|move|p2a: Slowking|Calm Mind|p2a: Slowking
|-boost|p2a: Slowking|spa|1
|-boost|p2a: Slowking|spd|1
|
|-heal|p1a: Registeel|248\/364|[from] item: Leftovers
|-damage|p2a: Slowking|170\/394 tox|[from] psn
|upkeep
|turn|60
|choice|move seismictoss|move rest
|
|move|p1a: Registeel|Seismic Toss|p2a: Slowking
|-damage|p2a: Slowking|70\/394 tox
|move|p2a: Slowking|Rest|p2a: Slowking
|-status|p2a: Slowking|slp
|-heal|p2a: Slowking|394\/394 slp|[silent]
|-status|p2a: Slowking|slp|[from] move: Rest
|
|-heal|p1a: Registeel|270\/364|[from] item: Leftovers
|upkeep
|turn|61
|choice|move seismictoss|move scald
|
|move|p1a: Registeel|Seismic Toss|p2a: Slowking
|-damage|p2a: Slowking|294\/394 slp
|cant|p2a: Slowking|slp
|
|-heal|p1a: Registeel|292\/364|[from] item: Leftovers
|upkeep
|turn|62
|c|☆soTsoT|I guess it was pretty obv i would bring Regi
|choice|move seismictoss|move scald
|
|move|p1a: Registeel|Seismic Toss|p2a: Slowking
|-damage|p2a: Slowking|194\/394 slp
|cant|p2a: Slowking|slp
|
|-heal|p1a: Registeel|314\/364|[from] item: Leftovers
|upkeep
|turn|63
|choice|move stealthrock|move scald
|
|move|p1a: Registeel|Stealth Rock|p2a: Slowking
|-fail|p2a: Slowking
|-curestatus|p2a: Slowking|slp|[msg]
|move|p2a: Slowking|Scald|p1a: Registeel
|-damage|p1a: Registeel|241\/364
|
|-heal|p1a: Registeel|263\/364|[from] item: Leftovers
|upkeep
|turn|64
|choice|move toxic|move rest
|
|move|p1a: Registeel|Toxic|p2a: Slowking|[miss]
|-miss|p1a: Registeel|p2a: Slowking
|move|p2a: Slowking|Rest|p2a: Slowking
|-status|p2a: Slowking|slp
|-heal|p2a: Slowking|394\/394 slp|[silent]
|-status|p2a: Slowking|slp|[from] move: Rest
|
|-heal|p1a: Registeel|285\/364|[from] item: Leftovers
|upkeep
|turn|65
|choice|move seismictoss|move calmmind
|
|move|p1a: Registeel|Seismic Toss|p2a: Slowking
|-damage|p2a: Slowking|294\/394 slp
|cant|p2a: Slowking|slp
|
|-heal|p1a: Registeel|307\/364|[from] item: Leftovers
|upkeep
|turn|66
|choice|move seismictoss|move calmmind
|
|move|p1a: Registeel|Seismic Toss|p2a: Slowking
|-damage|p2a: Slowking|194\/394 slp
|cant|p2a: Slowking|slp
|
|-heal|p1a: Registeel|329\/364|[from] item: Leftovers
|upkeep
|turn|67
|choice|move stealthrock|move rest
|
|move|p1a: Registeel|Stealth Rock|p2a: Slowking
|-fail|p2a: Slowking
|-curestatus|p2a: Slowking|slp|[msg]
|move|p2a: Slowking|Rest|p2a: Slowking
|-status|p2a: Slowking|slp
|-heal|p2a: Slowking|394\/394 slp|[silent]
|-status|p2a: Slowking|slp|[from] move: Rest
|
|-heal|p1a: Registeel|351\/364|[from] item: Leftovers
|upkeep
|turn|68
|choice|move seismictoss|move calmmind
|
|move|p1a: Registeel|Seismic Toss|p2a: Slowking
|-damage|p2a: Slowking|294\/394 slp
|cant|p2a: Slowking|slp
|
|-heal|p1a: Registeel|364\/364|[from] item: Leftovers
|upkeep
|turn|69
|choice|move stealthrock|move calmmind
|
|move|p1a: Registeel|Stealth Rock|p2a: Slowking
|-fail|p2a: Slowking
|cant|p2a: Slowking|slp
|
|upkeep
|turn|70
|choice|move stealthrock|move calmmind
|
|move|p1a: Registeel|Stealth Rock|p2a: Slowking
|-fail|p2a: Slowking
|-curestatus|p2a: Slowking|slp|[msg]
|move|p2a: Slowking|Calm Mind|p2a: Slowking
|-boost|p2a: Slowking|spa|1
|-boost|p2a: Slowking|spd|1
|
|upkeep
|turn|71
|choice|move toxic|move calmmind
|
|move|p1a: Registeel|Toxic|p2a: Slowking
|-status|p2a: Slowking|tox
|move|p2a: Slowking|Calm Mind|p2a: Slowking
|-boost|p2a: Slowking|spa|1
|-boost|p2a: Slowking|spd|1
|
|-damage|p2a: Slowking|270\/394 tox|[from] psn
|upkeep
|turn|72
|choice|move stealthrock|move calmmind
|
|move|p1a: Registeel|Stealth Rock|p2a: Slowking
|-fail|p2a: Slowking
|move|p2a: Slowking|Calm Mind|p2a: Slowking
|-boost|p2a: Slowking|spa|1
|-boost|p2a: Slowking|spd|1
|
|-damage|p2a: Slowking|222\/394 tox|[from] psn
|upkeep
|turn|73
|choice|move stealthrock|move rest
|
|move|p1a: Registeel|Stealth Rock|p2a: Slowking
|-fail|p2a: Slowking
|move|p2a: Slowking|Rest|p2a: Slowking
|-status|p2a: Slowking|slp
|-heal|p2a: Slowking|394\/394 slp|[silent]
|-status|p2a: Slowking|slp|[from] move: Rest
|
|upkeep
|turn|74
|choice|move seismictoss|move calmmind
|
|move|p1a: Registeel|Seismic Toss|p2a: Slowking
|-damage|p2a: Slowking|294\/394 slp
|cant|p2a: Slowking|slp
|
|upkeep
|turn|75
|choice|move seismictoss|move calmmind
|
|move|p1a: Registeel|Seismic Toss|p2a: Slowking
|-damage|p2a: Slowking|194\/394 slp
|cant|p2a: Slowking|slp
|
|upkeep
|turn|76
|choice|move stealthrock|move rest
|
|move|p1a: Registeel|Stealth Rock|p2a: Slowking
|-fail|p2a: Slowking
|-curestatus|p2a: Slowking|slp|[msg]
|move|p2a: Slowking|Rest|p2a: Slowking
|-status|p2a: Slowking|slp
|-heal|p2a: Slowking|394\/394 slp|[silent]
|-status|p2a: Slowking|slp|[from] move: Rest
|
|upkeep
|turn|77
|choice|move seismictoss|move calmmind
|
|move|p1a: Registeel|Seismic Toss|p2a: Slowking
|-damage|p2a: Slowking|294\/394 slp
|cant|p2a: Slowking|slp
|
|upkeep
|turn|78
|choice|move stealthrock|move calmmind
|
|move|p1a: Registeel|Stealth Rock|p2a: Slowking
|-fail|p2a: Slowking
|cant|p2a: Slowking|slp
|
|upkeep
|turn|79
|choice|move seismictoss|move calmmind
|
|move|p1a: Registeel|Seismic Toss|p2a: Slowking
|-damage|p2a: Slowking|194\/394 slp
|-curestatus|p2a: Slowking|slp|[msg]
|move|p2a: Slowking|Calm Mind|p2a: Slowking
|-boost|p2a: Slowking|spa|1
|-boost|p2a: Slowking|spd|1
|
|upkeep
|turn|80
|choice|move stealthrock|move rest
|
|move|p1a: Registeel|Stealth Rock|p2a: Slowking
|-fail|p2a: Slowking
|move|p2a: Slowking|Rest|p2a: Slowking
|-status|p2a: Slowking|slp
|-heal|p2a: Slowking|394\/394 slp|[silent]
|-status|p2a: Slowking|slp|[from] move: Rest
|
|upkeep
|turn|81
|choice|move seismictoss|move calmmind
|
|move|p1a: Registeel|Seismic Toss|p2a: Slowking
|-damage|p2a: Slowking|294\/394 slp
|cant|p2a: Slowking|slp
|
|upkeep
|turn|82
|choice|move stealthrock|move calmmind
|
|move|p1a: Registeel|Stealth Rock|p2a: Slowking
|-fail|p2a: Slowking
|cant|p2a: Slowking|slp
|
|upkeep
|turn|83
|choice|move seismictoss|move calmmind
|
|move|p1a: Registeel|Seismic Toss|p2a: Slowking
|-damage|p2a: Slowking|194\/394 slp
|-curestatus|p2a: Slowking|slp|[msg]
|move|p2a: Slowking|Calm Mind|p2a: Slowking
|-boost|p2a: Slowking|spa|1
|-boost|p2a: Slowking|spd|1
|
|upkeep
|turn|84
|choice|move stealthrock|move rest
|
|move|p1a: Registeel|Stealth Rock|p2a: Slowking
|-fail|p2a: Slowking
|move|p2a: Slowking|Rest|p2a: Slowking
|-status|p2a: Slowking|slp
|-heal|p2a: Slowking|394\/394 slp|[silent]
|-status|p2a: Slowking|slp|[from] move: Rest
|
|upkeep
|turn|85
|choice|move seismictoss|move calmmind
|
|move|p1a: Registeel|Seismic Toss|p2a: Slowking
|-damage|p2a: Slowking|294\/394 slp
|cant|p2a: Slowking|slp
|
|upkeep
|turn|86
|choice|move seismictoss|move calmmind
|
|move|p1a: Registeel|Seismic Toss|p2a: Slowking
|-damage|p2a: Slowking|194\/394 slp
|cant|p2a: Slowking|slp
|
|upkeep
|turn|87
|choice|move stealthrock|move rest
|
|move|p1a: Registeel|Stealth Rock|p2a: Slowking
|-fail|p2a: Slowking
|-curestatus|p2a: Slowking|slp|[msg]
|move|p2a: Slowking|Rest|p2a: Slowking
|-status|p2a: Slowking|slp
|-heal|p2a: Slowking|394\/394 slp|[silent]
|-status|p2a: Slowking|slp|[from] move: Rest
|
|upkeep
|turn|88
|choice|move seismictoss|move calmmind
|
|move|p1a: Registeel|Seismic Toss|p2a: Slowking
|-damage|p2a: Slowking|294\/394 slp
|cant|p2a: Slowking|slp
|
|upkeep
|turn|89
|choice|move stealthrock|move calmmind
|
|move|p1a: Registeel|Stealth Rock|p2a: Slowking
|-fail|p2a: Slowking
|cant|p2a: Slowking|slp
|
|upkeep
|turn|90
|choice|move protect|move calmmind
|
|move|p1a: Registeel|Protect|p1a: Registeel
|-singleturn|p1a: Registeel|Protect
|-curestatus|p2a: Slowking|slp|[msg]
|move|p2a: Slowking|Calm Mind|p2a: Slowking
|-boost|p2a: Slowking|spa|0
|-boost|p2a: Slowking|spd|0
|
|upkeep
|turn|91
|choice|move seismictoss|move calmmind
|
|move|p1a: Registeel|Seismic Toss|p2a: Slowking
|-damage|p2a: Slowking|194\/394
|move|p2a: Slowking|Calm Mind|p2a: Slowking
|-boost|p2a: Slowking|spa|0
|-boost|p2a: Slowking|spd|0
|
|upkeep
|turn|92
|choice|move stealthrock|move rest
|
|move|p1a: Registeel|Stealth Rock|p2a: Slowking
|-fail|p2a: Slowking
|move|p2a: Slowking|Rest|p2a: Slowking
|-status|p2a: Slowking|slp
|-heal|p2a: Slowking|394\/394 slp|[silent]
|-status|p2a: Slowking|slp|[from] move: Rest
|
|upkeep
|turn|93
|choice|move seismictoss|move calmmind
|
|move|p1a: Registeel|Seismic Toss|p2a: Slowking
|-damage|p2a: Slowking|294\/394 slp
|cant|p2a: Slowking|slp
|
|upkeep
|turn|94
|choice|move seismictoss|move calmmind
|
|move|p1a: Registeel|Seismic Toss|p2a: Slowking
|-damage|p2a: Slowking|194\/394 slp
|cant|p2a: Slowking|slp
|
|upkeep
|turn|95
|choice|move stealthrock|move rest
|
|move|p1a: Registeel|Stealth Rock|p2a: Slowking
|-fail|p2a: Slowking
|-curestatus|p2a: Slowking|slp|[msg]
|move|p2a: Slowking|Rest|p2a: Slowking
|-status|p2a: Slowking|slp
|-heal|p2a: Slowking|394\/394 slp|[silent]
|-status|p2a: Slowking|slp|[from] move: Rest
|
|upkeep
|turn|96
|choice|move seismictoss|move calmmind
|
|move|p1a: Registeel|Seismic Toss|p2a: Slowking
|-damage|p2a: Slowking|294\/394 slp
|cant|p2a: Slowking|slp
|
|upkeep
|turn|97
|choice|move stealthrock|move calmmind
|
|move|p1a: Registeel|Stealth Rock|p2a: Slowking
|-fail|p2a: Slowking
|cant|p2a: Slowking|slp
|
|upkeep
|turn|98
|choice|move protect|move calmmind
|
|move|p1a: Registeel|Protect|p1a: Registeel
|-singleturn|p1a: Registeel|Protect
|-curestatus|p2a: Slowking|slp|[msg]
|move|p2a: Slowking|Calm Mind|p2a: Slowking
|-boost|p2a: Slowking|spa|0
|-boost|p2a: Slowking|spd|0
|
|upkeep
|turn|99
|choice|move seismictoss|move calmmind
|
|move|p1a: Registeel|Seismic Toss|p2a: Slowking
|-damage|p2a: Slowking|194\/394
|move|p2a: Slowking|Calm Mind|p2a: Slowking
|-boost|p2a: Slowking|spa|0
|-boost|p2a: Slowking|spd|0
|
|upkeep
|turn|100
|choice|move stealthrock|move rest
|
|move|p1a: Registeel|Stealth Rock|p2a: Slowking
|-fail|p2a: Slowking
|move|p2a: Slowking|Rest|p2a: Slowking
|-status|p2a: Slowking|slp
|-heal|p2a: Slowking|394\/394 slp|[silent]
|-status|p2a: Slowking|slp|[from] move: Rest
|
|upkeep
|turn|101
|choice|move seismictoss|move calmmind
|
|move|p1a: Registeel|Seismic Toss|p2a: Slowking
|-damage|p2a: Slowking|294\/394 slp
|cant|p2a: Slowking|slp
|
|upkeep
|turn|102
|choice|move seismictoss|move calmmind
|
|move|p1a: Registeel|Seismic Toss|p2a: Slowking
|-damage|p2a: Slowking|194\/394 slp
|cant|p2a: Slowking|slp
|
|upkeep
|turn|103
|choice|move stealthrock|move rest
|
|move|p1a: Registeel|Stealth Rock|p2a: Slowking
|-fail|p2a: Slowking
|-curestatus|p2a: Slowking|slp|[msg]
|move|p2a: Slowking|Rest|p2a: Slowking
|-status|p2a: Slowking|slp
|-heal|p2a: Slowking|394\/394 slp|[silent]
|-status|p2a: Slowking|slp|[from] move: Rest
|
|upkeep
|turn|104
|choice|move seismictoss|move calmmind
|
|move|p1a: Registeel|Seismic Toss|p2a: Slowking
|-damage|p2a: Slowking|294\/394 slp
|cant|p2a: Slowking|slp
|
|upkeep
|turn|105
|choice|move seismictoss|move calmmind
|
|move|p1a: Registeel|Seismic Toss|p2a: Slowking
|-damage|p2a: Slowking|194\/394 slp
|cant|p2a: Slowking|slp
|
|upkeep
|turn|106
|choice|move stealthrock|move rest
|
|move|p1a: Registeel|Stealth Rock|p2a: Slowking
|-fail|p2a: Slowking
|-curestatus|p2a: Slowking|slp|[msg]
|move|p2a: Slowking|Rest|p2a: Slowking
|-status|p2a: Slowking|slp
|-heal|p2a: Slowking|394\/394 slp|[silent]
|-status|p2a: Slowking|slp|[from] move: Rest
|
|upkeep
|turn|107
|choice|move seismictoss|move calmmind
|
|move|p1a: Registeel|Seismic Toss|p2a: Slowking
|-damage|p2a: Slowking|294\/394 slp
|cant|p2a: Slowking|slp
|
|upkeep
|turn|108
|choice|move seismictoss|move calmmind
|
|move|p1a: Registeel|Seismic Toss|p2a: Slowking
|-damage|p2a: Slowking|194\/394 slp
|cant|p2a: Slowking|slp
|
|upkeep
|turn|109
|choice|move protect|move rest
|
|move|p1a: Registeel|Protect|p1a: Registeel
|-singleturn|p1a: Registeel|Protect
|-curestatus|p2a: Slowking|slp|[msg]
|move|p2a: Slowking|Rest|p2a: Slowking
|-status|p2a: Slowking|slp
|-heal|p2a: Slowking|394\/394 slp|[silent]
|-status|p2a: Slowking|slp|[from] move: Rest
|
|upkeep
|turn|110
|choice|move seismictoss|move calmmind
|
|move|p1a: Registeel|Seismic Toss|p2a: Slowking
|-damage|p2a: Slowking|294\/394 slp
|cant|p2a: Slowking|slp
|
|upkeep
|turn|111
|choice|move seismictoss|move calmmind
|
|move|p1a: Registeel|Seismic Toss|p2a: Slowking
|-damage|p2a: Slowking|194\/394 slp
|cant|p2a: Slowking|slp
|
|upkeep
|turn|112
|choice|move protect|move rest
|
|move|p1a: Registeel|Protect|p1a: Registeel
|-singleturn|p1a: Registeel|Protect
|-curestatus|p2a: Slowking|slp|[msg]
|move|p2a: Slowking|Rest|p2a: Slowking
|-status|p2a: Slowking|slp
|-heal|p2a: Slowking|394\/394 slp|[silent]
|-status|p2a: Slowking|slp|[from] move: Rest
|
|upkeep
|turn|113
|choice|move seismictoss|move calmmind
|
|move|p1a: Registeel|Seismic Toss|p2a: Slowking
|-damage|p2a: Slowking|294\/394 slp
|cant|p2a: Slowking|slp
|
|upkeep
|turn|114
|choice|move seismictoss|move calmmind
|
|move|p1a: Registeel|Seismic Toss|p2a: Slowking
|-damage|p2a: Slowking|194\/394 slp
|cant|p2a: Slowking|slp
|
|upkeep
|turn|115
|choice|move protect|move calmmind
|
|move|p1a: Registeel|Protect|p1a: Registeel
|-singleturn|p1a: Registeel|Protect
|-curestatus|p2a: Slowking|slp|[msg]
|move|p2a: Slowking|Calm Mind|p2a: Slowking
|-boost|p2a: Slowking|spa|0
|-boost|p2a: Slowking|spd|0
|
|upkeep
|turn|116
|choice|move toxic|move calmmind
|
|move|p1a: Registeel|Toxic|p2a: Slowking
|-status|p2a: Slowking|tox
|move|p2a: Slowking|Calm Mind|p2a: Slowking
|-boost|p2a: Slowking|spa|0
|-boost|p2a: Slowking|spd|0
|
|-damage|p2a: Slowking|170\/394 tox|[from] psn
|upkeep
|turn|117
|choice|move protect|move rest
|
|move|p1a: Registeel|Protect|p1a: Registeel
|-singleturn|p1a: Registeel|Protect
|move|p2a: Slowking|Rest|p2a: Slowking
|-status|p2a: Slowking|slp
|-heal|p2a: Slowking|394\/394 slp|[silent]
|-status|p2a: Slowking|slp|[from] move: Rest
|
|upkeep
|turn|118
|choice|move stealthrock|move scald
|
|move|p1a: Registeel|Stealth Rock|p2a: Slowking
|-fail|p2a: Slowking
|cant|p2a: Slowking|slp
|
|upkeep
|turn|119
|choice|move stealthrock|move scald
|
|move|p1a: Registeel|Stealth Rock|p2a: Slowking
|-fail|p2a: Slowking
|cant|p2a: Slowking|slp
|
|upkeep
|turn|120
|choice|move protect|move scald
|
|move|p1a: Registeel|Protect|p1a: Registeel
|-singleturn|p1a: Registeel|Protect
|-curestatus|p2a: Slowking|slp|[msg]
|move|p2a: Slowking|Scald|p1a: Registeel
|-activate|p1a: Registeel|move: Protect
|
|upkeep
|turn|121
|choice|move toxic|move scald
|
|move|p1a: Registeel|Toxic|p2a: Slowking
|-status|p2a: Slowking|tox
|move|p2a: Slowking|Scald|p1a: Registeel
|-damage|p1a: Registeel|163\/364
|
|-heal|p1a: Registeel|185\/364|[from] item: Leftovers
|-damage|p2a: Slowking|370\/394 tox|[from] psn
|upkeep
|turn|122
|choice|move protect|move scald
|
|move|p1a: Registeel|Protect|p1a: Registeel
|-singleturn|p1a: Registeel|Protect
|move|p2a: Slowking|Scald|p1a: Registeel
|-activate|p1a: Registeel|move: Protect
|
|-heal|p1a: Registeel|207\/364|[from] item: Leftovers
|-damage|p2a: Slowking|322\/394 tox|[from] psn
|upkeep
|turn|123
|choice|move protect|move scald
|
|move|p1a: Registeel|Protect|p1a: Registeel
|-fail|p1a: Registeel
|move|p2a: Slowking|Scald|p1a: Registeel
|-damage|p1a: Registeel|11\/364
|
|-heal|p1a: Registeel|33\/364|[from] item: Leftovers
|-damage|p2a: Slowking|250\/394 tox|[from] psn
|upkeep
|turn|124
|choice|move protect|move scald
|
|move|p1a: Registeel|Protect|p1a: Registeel
|-singleturn|p1a: Registeel|Protect
|move|p2a: Slowking|Scald|p1a: Registeel
|-activate|p1a: Registeel|move: Protect
|
|-heal|p1a: Registeel|55\/364|[from] item: Leftovers
|-damage|p2a: Slowking|154\/394 tox|[from] psn
|upkeep
|turn|125
|choice|move protect|move scald
|
|move|p1a: Registeel|Protect|p1a: Registeel
|-fail|p1a: Registeel
|move|p2a: Slowking|Scald|p1a: Registeel
|-damage|p1a: Registeel|0 fnt
|faint|p1a: Registeel
|
|-damage|p2a: Slowking|34\/394 tox|[from] psn
|upkeep
|choice|switch 3|
|
|switch|p1a: Glalie|Glalie-Mega, M|198\/301
|-damage|p1a: Glalie|123\/301|[from] Stealth Rock
|turn|126
|choice|move return|move scald
|
|move|p1a: Glalie|Return|p2a: Slowking
|-resisted|p2a: Slowking
|-damage|p2a: Slowking|0 fnt
|faint|p2a: Slowking
|
|upkeep
|choice||switch 5
|
|switch|p2a: Gurdurr|Gurdurr, F|227\/374
|-damage|p2a: Gurdurr|204\/374|[from] Stealth Rock
|turn|127
|choice|switch 6|move drainpunch
|
|switch|p1a: Aromatisse|Aromatisse, M|368\/406
|-damage|p1a: Aromatisse|318\/406|[from] Stealth Rock
|move|p2a: Gurdurr|Drain Punch|p1a: Aromatisse
|-resisted|p1a: Aromatisse
|-damage|p1a: Aromatisse|264\/406
|-heal|p2a: Gurdurr|231\/374|[from] drain|[of] p1a: Aromatisse
|
|upkeep
|turn|128
|choice|move moonblast|switch 6
|
|switch|p2a: Oh.|Clefairy, F|344\/344
|move|p1a: Aromatisse|Moonblast|p2a: Oh.
|-damage|p2a: Oh.|190\/344
|-unboost|p2a: Oh.|spa|1
|
|upkeep
|turn|129
|choice|move moonblast|move moonblast
|
|move|p2a: Oh.|Moonblast|p1a: Aromatisse
|-damage|p1a: Aromatisse|210\/406
|move|p1a: Aromatisse|Moonblast|p2a: Oh.
|-damage|p2a: Oh.|19\/344
|-unboost|p2a: Oh.|spa|1
|
|upkeep
|turn|130
|choice|move wish|move softboiled
|
|move|p2a: Oh.|Soft-Boiled|p2a: Oh.
|-heal|p2a: Oh.|191\/344
|move|p1a: Aromatisse|Wish|p1a: Aromatisse
|
|upkeep
|turn|131
|choice|move moonblast|move moonblast
|
|move|p2a: Oh.|Moonblast|p1a: Aromatisse
|-damage|p1a: Aromatisse|167\/406
|-unboost|p1a: Aromatisse|spa|1
|move|p1a: Aromatisse|Moonblast|p2a: Oh.
|-damage|p2a: Oh.|83\/344
|-unboost|p2a: Oh.|spa|1
|
|-heal|p1a: Aromatisse|370\/406|[from] move: Wish|[wisher] Aromatisse
|upkeep
|turn|132
|choice|move moonblast|move softboiled
|
|move|p2a: Oh.|Soft-Boiled|p2a: Oh.
|-heal|p2a: Oh.|255\/344
|move|p1a: Aromatisse|Moonblast|p2a: Oh.
|-damage|p2a: Oh.|141\/344
|
|upkeep
|turn|133
|choice|move wish|move softboiled
|
|move|p2a: Oh.|Soft-Boiled|p2a: Oh.
|-heal|p2a: Oh.|313\/344
|move|p1a: Aromatisse|Wish|p1a: Aromatisse
|
|upkeep
|turn|134
|choice|switch 2|move softboiled
|
|switch|p1a: Malamar|Malamar, F|375\/375 slp
|-damage|p1a: Malamar|329\/375 slp|[from] Stealth Rock
|move|p2a: Oh.|Soft-Boiled|p2a: Oh.
|-heal|p2a: Oh.|344\/344
|
|-heal|p1a: Malamar|375\/375 slp|[from] move: Wish|[wisher] Aromatisse
|upkeep
|turn|135
|choice|move sleeptalk|move moonblast
|
|cant|p1a: Malamar|slp
|move|p1a: Malamar|Sleep Talk|p1a: Malamar
|move|p1a: Malamar|Superpower|p2a: Oh.|[from]Sleep Talk
|-resisted|p2a: Oh.
|-damage|p2a: Oh.|292\/344
|-boost|p1a: Malamar|atk|1
|-boost|p1a: Malamar|def|1
|move|p2a: Oh.|Moonblast|p1a: Malamar
|-supereffective|p1a: Malamar
|-damage|p1a: Malamar|321\/375 slp
|
|-heal|p1a: Malamar|344\/375 slp|[from] item: Leftovers
|upkeep
|turn|136
|choice|move sleeptalk|switch 6
|
|switch|p2a: Gurdurr|Gurdurr, F|231\/374
|-damage|p2a: Gurdurr|208\/374|[from] Stealth Rock
|cant|p1a: Malamar|slp
|move|p1a: Malamar|Sleep Talk|p1a: Malamar
|move|p1a: Malamar|Knock Off|p2a: Gurdurr|[from]Sleep Talk
|-resisted|p2a: Gurdurr
|-damage|p2a: Gurdurr|142\/374
|-enditem|p2a: Gurdurr|Eviolite|[from] move: Knock Off|[of] p1a: Malamar
|
|-heal|p1a: Malamar|367\/375 slp|[from] item: Leftovers
|upkeep
|turn|137
|choice|move superpower|switch 6
|
|switch|p2a: Oh.|Clefairy, F|292\/344
|-curestatus|p1a: Malamar|slp|[msg]
|move|p1a: Malamar|Superpower|p2a: Oh.
|-resisted|p2a: Oh.
|-damage|p2a: Oh.|216\/344
|-boost|p1a: Malamar|atk|1
|-boost|p1a: Malamar|def|1
|
|-heal|p1a: Malamar|375\/375|[from] item: Leftovers
|upkeep
|turn|138
|choice|move superpower|move softboiled
|
|move|p1a: Malamar|Superpower|p2a: Oh.
|-resisted|p2a: Oh.
|-damage|p2a: Oh.|118\/344
|-boost|p1a: Malamar|atk|1
|-boost|p1a: Malamar|def|1
|move|p2a: Oh.|Soft-Boiled|p2a: Oh.
|-heal|p2a: Oh.|290\/344
|
|upkeep
|turn|139
|choice|move superpower|move moonblast
|
|move|p1a: Malamar|Superpower|p2a: Oh.
|-resisted|p2a: Oh.
|-damage|p2a: Oh.|161\/344
|-boost|p1a: Malamar|atk|1
|-boost|p1a: Malamar|def|1
|move|p2a: Oh.|Moonblast|p1a: Malamar
|-supereffective|p1a: Malamar
|-damage|p1a: Malamar|247\/375
|
|-heal|p1a: Malamar|270\/375|[from] item: Leftovers
|upkeep
|turn|140
|choice|move superpower|move moonblast
|
|move|p1a: Malamar|Superpower|p2a: Oh.
|-resisted|p2a: Oh.
|-damage|p2a: Oh.|4\/344
|-boost|p1a: Malamar|atk|1
|-boost|p1a: Malamar|def|1
|move|p2a: Oh.|Moonblast|p1a: Malamar
|-supereffective|p1a: Malamar
|-damage|p1a: Malamar|132\/375
|-boost|p1a: Malamar|spa|1
|
|-heal|p1a: Malamar|155\/375|[from] item: Leftovers
|upkeep
|turn|141
|choice|move superpower|move moonblast
|
|move|p1a: Malamar|Superpower|p2a: Oh.
|-resisted|p2a: Oh.
|-damage|p2a: Oh.|0 fnt
|-boost|p1a: Malamar|atk|1
|-boost|p1a: Malamar|def|1
|faint|p2a: Oh.
|
|-heal|p1a: Malamar|178\/375|[from] item: Leftovers
|upkeep
|choice||switch 3
|
|switch|p2a: Venusaur|Venusaur, F|104\/363
|-damage|p2a: Venusaur|59\/363|[from] Stealth Rock
|turn|142
|choice|move knockoff|move gigadrain
|
|move|p2a: Venusaur|Giga Drain|p1a: Malamar
|-damage|p1a: Malamar|60\/375
|-heal|p2a: Venusaur|118\/363|[from] drain|[of] p1a: Malamar
|move|p1a: Malamar|Knock Off|p2a: Venusaur
|-damage|p2a: Venusaur|0 fnt
|faint|p2a: Venusaur
|
|-heal|p1a: Malamar|83\/375|[from] item: Leftovers
|upkeep
|c|☆EviGaro|ya gg
|c|☆soTsoT|gg
|c|☆EviGaro|oml I choked ROFL
|c|☆EviGaro|wow
|-message|EviGaro forfeited.
|
|win|soTsoT
|l|EviGaro</script>
</div>
<div class="battle-log battle-log-inline"><div class="inner"><div class="battle-options"></div><div class="inner"><div class="chat"><small>soTsoT joined.</small></div><div class="chat"><small>EviGaro joined.</small></div><div class=""><small>Format:</small> <br><strong>RU</strong></div><div class=""><small><em>Sleep Clause Mod:</em> Limit one foe put to sleep</small></div><div class=""><small><em>Species Clause:</em> Limit one of each Pokémon</small></div><div class=""><small><em>OHKO Clause:</em> OHKO moves are banned</small></div><div class=""><small><em>Moody Clause:</em> Moody is banned</small></div><div class=""><small><em>Evasion Moves Clause:</em> Evasion moves are banned</small></div><div class=""><small><em>Endless Battle Clause:</em> Forcing endless battles is banned</small></div><div class=""><small><em>HP Percentage Mod:</em> HP is shown in percentages</small></div><div class=""><small><em>Swagger Clause:</em> Swagger is banned</small></div><div class=""><small><em>Baton Pass Clause:</em> Limit one Baton Passer, can't pass Spe and other stats simultaneously</small></div><div class="chat battle-history"><strong>soTsoT's team:</strong> <em style="color:#445566;display:block;">Aromatisse / Glalie / Flygon / Registeel / Druddigon / Malamar</em></div><div class="chat battle-history"><strong>EviGaro's team:</strong> <em style="color:#445566;display:block;">Clefairy / Venusaur / Slowking / Rhyperior / Flygon / Gurdurr</em></div><div class="spacer battle-history"><br></div><div class="battle-history">Battle started between soTsoT and EviGaro!<br></div><div class="spacer battle-history"><br></div><div class="battle-history">Go! <strong>Flygon</strong>!<br></div><div class="spacer battle-history"><br></div><div class="battle-history">EviGaro sent out <strong>Rhyperior</strong>!<br></div><div class="spacer battle-history"><br></div><h2 class="battle-history">Turn 1</h2><div class="spacer battle-history"><br></div><div class="battle-history">EviGaro withdrew Rhyperior!<br></div><div class="battle-history">EviGaro sent out <strong>Venusaur</strong>!<br></div><div class="spacer battle-history"><br></div><div class="battle-history">Flygon used <strong>Earth Power</strong>!<br></div><div class="battle-history"><small>(The opposing Venusaur lost <abbr title="−142/363">39.1%</abbr> of its health!)</small><br></div><div class="battle-history"><small>Flygon lost some of its HP!</small><br></div><div class="spacer battle-history"><br></div><div class="battle-history"><small>The opposing Venusaur restored a little HP using its Black Sludge!</small><br></div><div class="spacer battle-history"><br></div><h2 class="battle-history">Turn 2</h2><div class="spacer battle-history"><br></div><div class="battle-history">Flygon, come back!<br></div><div class="battle-history">Go! <strong>Registeel</strong>!<br></div><div class="spacer battle-history"><br></div><div class="battle-history">The opposing Venusaur used <strong>Synthesis</strong>!<br></div><div class="battle-history"><small>The opposing Venusaur restored its HP.</small><br></div><div class="spacer battle-history"><br></div><h2 class="battle-history">Turn 3</h2><div class="spacer battle-history"><br></div><div class="battle-history">The opposing Venusaur used <strong>Leech Seed</strong>!<br></div><div class="battle-history"><small>Registeel was seeded!</small><br></div><div class="spacer battle-history"><br></div><div class="battle-history">Registeel used <strong>Stealth Rock</strong>!<br></div><div class="battle-history"><small>Pointed stones float in the air around the opposing team!</small><br></div><div class="spacer battle-history"><br></div><div class="battle-history"><small>Registeel's health is sapped by Leech Seed!</small><br></div><div class="spacer battle-history"><br></div><h2 class="battle-history">Turn 4</h2><div class="spacer battle-history"><br></div><div class="battle-history">Registeel, come back!<br></div><div class="battle-history">Go! <strong>Malamar</strong>!<br></div><div class="spacer battle-history"><br></div><div class="battle-history">The opposing Venusaur used <strong>Leech Seed</strong>!<br></div><div class="battle-history"><small>Malamar was seeded!</small><br></div><div class="spacer battle-history"><br></div><div class="battle-history"><small>Malamar's health is sapped by Leech Seed!</small><br></div><div class="spacer battle-history"><br></div><h2 class="battle-history">Turn 5</h2><div class="spacer battle-history"><br></div><div class="battle-history">The opposing Venusaur used <strong>Sludge Bomb</strong>!<br></div><div class="battle-history"><small>(Malamar lost <abbr title="−102/375">27.2%</abbr> of its health!)</small><br></div><div class="spacer battle-history"><br></div><div class="battle-history">Malamar used <strong>Knock Off</strong>!<br></div><div class="battle-history"><small>(The opposing Venusaur lost <abbr title="−124/363">34.2%</abbr> of its health!)</small><br></div><div class="battle-history"><small>Malamar knocked off the opposing Venusaur's Black Sludge!</small><br></div><div class="spacer battle-history"><br></div><div class="battle-history"><small>Malamar restored a little HP using its Leftovers!</small><br></div><div class="battle-history"><small>Malamar's health is sapped by Leech Seed!</small><br></div><div class="spacer battle-history"><br></div><h2 class="battle-history">Turn 6</h2><div class="spacer battle-history"><br></div><div class="battle-history">EviGaro withdrew Venusaur!<br></div><div class="battle-history">EviGaro sent out Oh. (<strong>Clefairy</strong>)!<br></div><div class="spacer battle-history"><br></div><div class="battle-history">Malamar used <strong>Rest</strong>!<br></div><div class="battle-history"><small>Malamar fell asleep!</small><br></div><div class="battle-history"><small>Malamar slept and became healthy!</small><br></div><div class="spacer battle-history"><br></div><div class="battle-history"><small>Malamar's health is sapped by Leech Seed!</small><br></div><div class="spacer battle-history"><br></div><h2 class="battle-history">Turn 7</h2><div class="spacer battle-history"><br></div><div class="battle-history">Malamar, come back!<br></div><div class="battle-history">Go! <strong>Glalie</strong>!<br></div><div class="spacer battle-history"><br></div><div class="battle-history">The opposing Oh. used <strong>Stealth Rock</strong>!<br></div><div class="battle-history"><small>Pointed stones float in the air around your team!</small><br></div><div class="spacer battle-history"><br></div><h2 class="battle-history">Turn 8</h2><div class="spacer battle-history"><br></div><div class="battle-history">EviGaro withdrew Oh.!<br></div><div class="battle-history">EviGaro sent out <strong>Slowking</strong>!<br></div><div class="battle-history"><small>Pointed stones dug into the opposing Slowking!</small><br></div><div class="spacer battle-history"><br></div><div class="battle-history"><small>Glalie's Glalitite is reacting to soTsoT's Mega Bracelet!</small><br>Glalie has Mega Evolved into Mega Glalie!<br></div><div class="spacer battle-history"><br></div><div class="battle-history">Glalie used <strong>Return</strong>!<br></div><div class="battle-history"><small>It's not very effective...</small><br></div><div class="battle-history"><small>(The opposing Slowking lost <abbr title="−94/394">23.9%</abbr> of its health!)</small><br></div><div class="spacer battle-history"><br></div><h2 class="battle-history">Turn 9</h2><div class="spacer battle-history"><br></div><div class="battle-history">Glalie used <strong>Freeze-Dry</strong>!<br></div><div class="battle-history"><small>It's super effective!</small><br></div><div class="battle-history"><small>(The opposing Slowking lost <abbr title="−170/394">43.1%</abbr> of its health!)</small><br></div><div class="spacer battle-history"><br></div><div class="battle-history">The opposing Slowking used <strong>Block</strong>!<br></div><div class="battle-history"><small>Glalie can no longer escape!</small><br></div><div class="spacer battle-history"><br></div><h2 class="battle-history">Turn 10</h2><div class="spacer battle-history"><br></div><div class="battle-history">EviGaro withdrew Slowking!<br></div><div class="battle-history">EviGaro sent out <strong>Gurdurr</strong>!<br></div><div class="battle-history"><small>Pointed stones dug into the opposing Gurdurr!</small><br></div><div class="spacer battle-history"><br></div><div class="battle-history">Glalie used <strong>Return</strong>!<br></div><div class="battle-history"><small>(The opposing Gurdurr lost <abbr title="−168/374">44.9%</abbr> of its health!)</small><br></div><div class="spacer battle-history"><br></div><h2 class="battle-history">Turn 11</h2><div class="spacer battle-history"><br></div><div class="battle-history">Glalie, come back!<br></div><div class="battle-history">Go! <strong>Aromatisse</strong>!<br></div><div class="battle-history"><small>Pointed stones dug into Aromatisse!</small><br></div><div class="spacer battle-history"><br></div><div class="battle-history">The opposing Gurdurr used <strong>Drain Punch</strong>!<br></div><div class="battle-history"><small>It's not very effective...</small><br></div><div class="battle-history"><small>(Aromatisse lost <abbr title="−52/406">12.8%</abbr> of its health!)</small><br></div><div class="battle-history"><small>Aromatisse had its energy drained!</small><br></div><div class="spacer battle-history"><br></div><div class="battle-history"><small>Aromatisse restored a little HP using its Leftovers!</small><br></div><div class="spacer battle-history"><br></div><h2 class="battle-history">Turn 12</h2><div class="spacer battle-history"><br></div><div class="battle-history">EviGaro withdrew Gurdurr!<br></div><div class="battle-history">EviGaro sent out <strong>Rhyperior</strong>!<br></div><div class="battle-history"><small>Pointed stones dug into the opposing Rhyperior!</small><br></div><div class="spacer battle-history"><br></div><div class="battle-history">Aromatisse used <strong>Moonblast</strong>!<br></div><div class="battle-history"><small>(The opposing Rhyperior lost <abbr title="−163/371">43.9%</abbr> of its health!)</small><br></div><div class="battle-history"><small>The opposing Rhyperior's Special Attack fell!</small><br></div><div class="spacer battle-history"><br></div><div class="battle-history"><small>Aromatisse restored a little HP using its Leftovers!</small><br></div><div class="spacer battle-history"><br></div><h2 class="battle-history">Turn 13</h2><div class="spacer battle-history"><br></div><div class="battle-history">EviGaro withdrew Rhyperior!<br></div><div class="battle-history">EviGaro sent out <strong>Venusaur</strong>!<br></div><div class="battle-history"><small>Pointed stones dug into the opposing Venusaur!</small><br></div><div class="spacer battle-history"><br></div><div class="battle-history">Aromatisse used <strong>Protect</strong>!<br></div><div class="battle-history"><small>But it failed!</small><br></div><div class="spacer battle-history"><br></div><div class="battle-history"><small>Aromatisse restored a little HP using its Leftovers!</small><br></div><div class="spacer battle-history"><br></div><h2 class="battle-history">Turn 14</h2><div class="spacer battle-history"><br></div><div class="battle-history">Aromatisse, come back!<br></div><div class="battle-history">Go! <strong>Registeel</strong>!<br></div><div class="battle-history"><small>Pointed stones dug into Registeel!</small><br></div><div class="spacer battle-history"><br></div><div class="battle-history">The opposing Venusaur used <strong>Leech Seed</strong>!<br></div><div class="battle-history"><small>Registeel was seeded!</small><br></div><div class="spacer battle-history"><br></div><div class="battle-history"><small>Registeel restored a little HP using its Leftovers!</small><br></div><div class="battle-history"><small>Registeel's health is sapped by Leech Seed!</small><br></div><div class="spacer battle-history"><br></div><h2 class="battle-history">Turn 15</h2><div class="spacer battle-history"><br></div><div class="battle-history">Registeel, come back!<br></div><div class="battle-history">Go! <strong>Malamar</strong>!<br></div><div class="battle-history"><small>Pointed stones dug into Malamar!</small><br></div><div class="spacer battle-history"><br></div><div class="battle-history">The opposing Venusaur used <strong>Synthesis</strong>!<br></div><div class="battle-history"><small>The opposing Venusaur restored its HP.</small><br></div><div class="spacer battle-history"><br></div><div class="battle-history"><small>Malamar restored a little HP using its Leftovers!</small><br></div><div class="spacer battle-history"><br></div><h2 class="battle-history">Turn 16</h2><div class="spacer battle-history"><br></div><div class="battle-history">The opposing Venusaur used <strong>Leech Seed</strong>!<br></div><div class="battle-history"><small>Malamar avoided the attack!</small><br></div><div class="spacer battle-history"><br></div><div class="battle-history">Malamar is fast asleep.<br></div><div class="spacer battle-history"><br></div><div class="battle-history">Malamar used <strong>Sleep Talk</strong>!<br></div><div class="spacer battle-history"><br></div><div class="battle-history">Malamar used <strong>Knock Off</strong>!<br></div><div class="battle-history"><small>A critical hit!</small><br></div><div class="battle-history"><small>(The opposing Venusaur lost <abbr title="−121/363">33.3%</abbr> of its health!)</small><br></div><div class="spacer battle-history"><br></div><div class="battle-history"><small>Malamar restored a little HP using its Leftovers!</small><br></div><div class="spacer battle-history"><br></div><h2 class="battle-history">Turn 17</h2><div class="spacer battle-history"><br></div><div class="battle-history">The opposing Venusaur used <strong>Leech Seed</strong>!<br></div><div class="battle-history"><small>Malamar was seeded!</small><br></div><div class="spacer battle-history"><br></div><div class="battle-history">Malamar is fast asleep.<br></div><div class="spacer battle-history"><br></div><div class="battle-history">Malamar used <strong>Sleep Talk</strong>!<br></div><div class="spacer battle-history"><br></div><div class="battle-history">Malamar used <strong>Rest</strong>!<br></div><div class="battle-history"><small>But it failed!</small><br></div><div class="spacer battle-history"><br></div><div class="battle-history"><small>Malamar restored a little HP using its Leftovers!</small><br></div><div class="battle-history"><small>Malamar's health is sapped by Leech Seed!</small><br></div><div class="spacer battle-history"><br></div><h2 class="battle-history">Turn 18</h2><div class="spacer battle-history"><br></div><div class="battle-history">Malamar, come back!<br></div><div class="battle-history">Go! <strong>Registeel</strong>!<br></div><div class="battle-history"><small>Pointed stones dug into Registeel!</small><br></div><div class="spacer battle-history"><br></div><div class="battle-history">The opposing Venusaur used <strong>Sludge Bomb</strong>!<br></div><div class="battle-history"><small>It doesn't affect Registeel...</small><br></div><div class="spacer battle-history"><br></div><div class="battle-history"><small>Registeel restored a little HP using its Leftovers!</small><br></div><div class="spacer battle-history"><br></div><h2 class="battle-history">Turn 19</h2><div class="spacer battle-history"><br></div><div class="battle-history">Registeel used <strong>Protect</strong>!<br></div><div class="battle-history"><small>Registeel protected itself!</small><br></div><div class="spacer battle-history"><br></div><div class="battle-history">The opposing Venusaur used <strong>Leech Seed</strong>!<br></div><div class="battle-history"><small>Registeel protected itself!</small><br></div><div class="spacer battle-history"><br></div><div class="battle-history"><small>Registeel restored a little HP using its Leftovers!</small><br></div><div class="spacer battle-history"><br></div><h2 class="battle-history">Turn 20</h2><div class="spacer battle-history"><br></div><div class="battle-history">The opposing Venusaur used <strong>Leech Seed</strong>!<br></div><div class="battle-history"><small>Registeel was seeded!</small><br></div><div class="spacer battle-history"><br></div><div class="battle-history">Registeel used <strong>Seismic Toss</strong>!<br></div><div class="battle-history"><small>(The opposing Venusaur lost <abbr title="−100/363">27.5%</abbr> of its health!)</small><br></div><div class="spacer battle-history"><br></div><div class="battle-history"><small>Registeel restored a little HP using its Leftovers!</small><br></div><div class="battle-history"><small>Registeel's health is sapped by Leech Seed!</small><br></div><div class="spacer battle-history"><br></div><h2 class="battle-history">Turn 21</h2><div class="spacer battle-history"><br></div><div class="battle-history">The opposing Venusaur used <strong>Synthesis</strong>!<br></div><div class="battle-history"><small>The opposing Venusaur restored its HP.</small><br></div><div class="spacer battle-history"><br></div><div class="battle-history">Registeel used <strong>Seismic Toss</strong>!<br></div><div class="battle-history"><small>(The opposing Venusaur lost <abbr title="−100/363">27.5%</abbr> of its health!)</small><br></div><div class="spacer battle-history"><br></div><div class="battle-history"><small>Registeel restored a little HP using its Leftovers!</small><br></div><div class="battle-history"><small>Registeel's health is sapped by Leech Seed!</small><br></div><div class="spacer battle-history"><br></div><h2 class="battle-history">Turn 22</h2><div class="spacer battle-history"><br></div><div class="battle-history">EviGaro withdrew Venusaur!<br></div><div class="battle-history">EviGaro sent out <strong>Slowking</strong>!<br></div><div class="battle-history"><small>Pointed stones dug into the opposing Slowking!</small><br></div><div class="spacer battle-history"><br></div><div class="battle-history">Registeel, come back!<br></div><div class="battle-history">Go! <strong>Malamar</strong>!<br></div><div class="battle-history"><small>Pointed stones dug into Malamar!</small><br></div><div class="spacer battle-history"><br></div><div class="battle-history"><small>Malamar restored a little HP using its Leftovers!</small><br></div><div class="spacer battle-history"><br></div><h2 class="battle-history">Turn 23</h2><div class="spacer battle-history"><br></div><div class="battle-history">EviGaro withdrew Slowking!<br></div><div class="battle-history">EviGaro sent out Oh. (<strong>Clefairy</strong>)!<br></div><div class="battle-history"><small>Malamar woke up!</small><br></div><div class="spacer battle-history"><br></div><div class="battle-history">Malamar used <strong>Knock Off</strong>!<br></div><div class="battle-history"><small>It's not very effective...</small><br></div><div class="battle-history"><small>(The opposing Oh. lost <abbr title="−42/344">12.2%</abbr> of its health!)</small><br></div><div class="battle-history"><small>Malamar knocked off the opposing Oh.'s Eviolite!</small><br></div><div class="spacer battle-history"><br></div><div class="battle-history"><small>Malamar restored a little HP using its Leftovers!</small><br></div><div class="spacer battle-history"><br></div><h2 class="battle-history">Turn 24</h2><div class="spacer battle-history"><br></div><div class="battle-history">Malamar, come back!<br></div><div class="battle-history">Go! Glalie (<strong>Glalie-Mega</strong>)!<br></div><div class="battle-history"><small>Pointed stones dug into Glalie!</small><br></div><div class="spacer battle-history"><br></div><div class="battle-history">The opposing Oh. used <strong>Knock Off</strong>!<br></div><div class="battle-history"><small>(Glalie lost <abbr title="−28/301">9.3%</abbr> of its health!)</small><br></div><div class="spacer battle-history"><br></div><h2 class="battle-history">Turn 25</h2><div class="spacer battle-history"><br></div><div class="battle-history">EviGaro withdrew Oh.!<br></div><div class="battle-history">EviGaro sent out <strong>Slowking</strong>!<br></div><div class="battle-history"><small>Pointed stones dug into the opposing Slowking!</small><br></div><div class="spacer battle-history"><br></div><div class="battle-history">Glalie used <strong>Return</strong>!<br></div><div class="battle-history"><small>It's not very effective...</small><br></div><div class="battle-history"><small>(The opposing Slowking lost <abbr title="−99/394">25.1%</abbr> of its health!)</small><br></div><div class="spacer battle-history"><br></div><h2 class="battle-history">Turn 26</h2><div class="spacer battle-history"><br></div><div class="battle-history">EviGaro withdrew Slowking!<br></div><div class="battle-history">EviGaro sent out <strong>Rhyperior</strong>!<br></div><div class="battle-history"><small>Pointed stones dug into the opposing Rhyperior!</small><br></div><div class="spacer battle-history"><br></div><div class="battle-history">Glalie used <strong>Freeze-Dry</strong>!<br></div><div class="battle-history"><small>It's super effective!</small><br></div><div class="battle-history"><small>(The opposing Rhyperior lost <abbr title="−162/371">43.7%</abbr> of its health!)</small><br></div><div class="spacer battle-history"><br></div><div class="battle-history">The opposing Rhyperior fainted!<br></div><div class="spacer battle-history"><br></div><div class="battle-history">EviGaro sent out <strong>Slowking</strong>!<br></div><div class="battle-history"><small>Pointed stones dug into the opposing Slowking!</small><br></div><div class="spacer battle-history"><br></div><h2 class="battle-history">Turn 27</h2><div class="spacer battle-history"><br></div><div class="battle-history">Glalie, come back!<br></div><div class="battle-history">Go! <strong>Malamar</strong>!<br></div><div class="battle-history"><small>Pointed stones dug into Malamar!</small><br></div><div class="spacer battle-history"><br></div><div class="battle-history">The opposing Slowking used <strong>Scald</strong>!<br></div><div class="battle-history"><small>(Malamar lost <abbr title="−85/375">22.7%</abbr> of its health!)</small><br></div><div class="spacer battle-history"><br></div><div class="battle-history"><small>Malamar restored a little HP using its Leftovers!</small><br></div><div class="spacer battle-history"><br></div><h2 class="battle-history">Turn 28</h2><div class="spacer battle-history"><br></div><div class="battle-history">EviGaro withdrew Slowking!<br></div><div class="battle-history">EviGaro sent out Oh. (<strong>Clefairy</strong>)!<br></div><div class="spacer battle-history"><br></div><div class="battle-history">Malamar used <strong>Knock Off</strong>!<br></div><div class="battle-history"><small>It's not very effective...</small><br></div><div class="battle-history"><small>(The opposing Oh. lost <abbr title="−43/344">12.5%</abbr> of its health!)</small><br></div><div class="spacer battle-history"><br></div><div class="battle-history"><small>Malamar restored a little HP using its Leftovers!</small><br></div><div class="spacer battle-history"><br></div><h2 class="battle-history">Turn 29</h2><div class="spacer battle-history"><br></div><div class="battle-history">Malamar used <strong>Superpower</strong>!<br></div><div class="battle-history"><small>It's not very effective...</small><br></div><div class="battle-history"><small>(The opposing Oh. lost <abbr title="−49/344">14.2%</abbr> of its health!)</small><br></div><div class="battle-history"><small>Malamar's Attack rose!</small><br></div><div class="battle-history"><small>Malamar's Defense rose!</small><br></div><div class="spacer battle-history"><br></div><div class="battle-history">The opposing Oh. used <strong>Moonblast</strong>!<br></div><div class="battle-history"><small>It's super effective!</small><br></div><div class="battle-history"><small>(Malamar lost <abbr title="−132/375">35.2%</abbr> of its health!)</small><br></div><div class="spacer battle-history"><br></div><div class="battle-history"><small>Malamar restored a little HP using its Leftovers!</small><br></div><div class="spacer battle-history"><br></div><h2 class="battle-history">Turn 30</h2><div class="spacer battle-history"><br></div><div class="battle-history">Malamar used <strong>Rest</strong>!<br></div><div class="battle-history"><small>Malamar fell asleep!</small><br></div><div class="battle-history"><small>Malamar slept and became healthy!</small><br></div><div class="spacer battle-history"><br></div><div class="battle-history">The opposing Oh. used <strong>Soft-Boiled</strong>!<br></div><div class="battle-history"><small>The opposing Oh. restored its HP.</small><br></div><div class="spacer battle-history"><br></div><h2 class="battle-history">Turn 31</h2><div class="spacer battle-history"><br></div><div class="battle-history">Malamar is fast asleep.<br></div><div class="spacer battle-history"><br></div><div class="battle-history">Malamar used <strong>Sleep Talk</strong>!<br></div><div class="spacer battle-history"><br></div><div class="battle-history">Malamar used <strong>Rest</strong>!<br></div><div class="battle-history"><small>But it failed!</small><br></div><div class="spacer battle-history"><br></div><div class="battle-history">The opposing Oh. used <strong>Moonblast</strong>!<br></div><div class="battle-history"><small>It's super effective!</small><br></div><div class="battle-history"><small>(Malamar lost <abbr title="−150/375">40%</abbr> of its health!)</small><br></div><div class="battle-history"><small>Malamar's Special Attack rose!</small><br></div><div class="spacer battle-history"><br></div><div class="battle-history"><small>Malamar restored a little HP using its Leftovers!</small><br></div><div class="spacer battle-history"><br></div><h2 class="battle-history">Turn 32</h2><div class="spacer battle-history"><br></div><div class="battle-history">Malamar, come back!<br></div><div class="battle-history">Go! <strong>Aromatisse</strong>!<br></div><div class="battle-history"><small>Pointed stones dug into Aromatisse!</small><br></div><div class="spacer battle-history"><br></div><div class="battle-history">The opposing Oh. used <strong>Moonblast</strong>!<br></div><div class="battle-history"><small>(Aromatisse lost <abbr title="−91/406">22.4%</abbr> of its health!)</small><br></div><div class="battle-history"><small>Aromatisse's Special Attack fell!</small><br></div><div class="spacer battle-history"><br></div><div class="battle-history"><small>Aromatisse restored a little HP using its Leftovers!</small><br></div><div class="spacer battle-history"><br></div><h2 class="battle-history">Turn 33</h2><div class="spacer battle-history"><br></div><div class="battle-history">The opposing Oh. used <strong>Knock Off</strong>!<br></div><div class="battle-history"><small>It's not very effective...</small><br></div><div class="battle-history"><small>(Aromatisse lost <abbr title="−16/406">3.9%</abbr> of its health!)</small><br></div><div class="battle-history"><small>The opposing Oh. knocked off Aromatisse's Leftovers!</small><br></div><div class="spacer battle-history"><br></div><div class="battle-history">Aromatisse used <strong>Wish</strong>!<br></div><div class="spacer battle-history"><br></div><h2 class="battle-history">Turn 34</h2><div class="spacer battle-history"><br></div><div class="battle-history">EviGaro withdrew Oh.!<br></div><div class="battle-history">EviGaro sent out <strong>Slowking</strong>!<br></div><div class="battle-history"><small>Pointed stones dug into the opposing Slowking!</small><br></div><div class="spacer battle-history"><br></div><div class="battle-history">Aromatisse used <strong>Moonblast</strong>!<br></div><div class="battle-history"><small>A critical hit!</small><br></div><div class="battle-history"><small>(The opposing Slowking lost <abbr title="−157/394">39.8%</abbr> of its health!)</small><br></div><div class="spacer battle-history"><br></div><div class="battle-history"><small>Aromatisse's wish came true!</small><br></div><div class="spacer battle-history"><br></div><h2 class="battle-history">Turn 35</h2><div class="spacer battle-history"><br></div><div class="battle-history">Aromatisse, come back!<br></div><div class="battle-history">Go! <strong>Malamar</strong>!<br></div><div class="battle-history"><small>Pointed stones dug into Malamar!</small><br></div><div class="spacer battle-history"><br></div><div class="battle-history">The opposing Slowking used <strong>Scald</strong>!<br></div><div class="battle-history"><small>(Malamar lost <abbr title="−87/375">23.2%</abbr> of its health!)</small><br></div><div class="spacer battle-history"><br></div><div class="battle-history"><small>Malamar restored a little HP using its Leftovers!</small><br></div><div class="spacer battle-history"><br></div><h2 class="battle-history">Turn 36</h2><div class="spacer battle-history"><br></div><div class="battle-history">EviGaro withdrew Slowking!<br></div><div class="battle-history">EviGaro sent out Oh. (<strong>Clefairy</strong>)!<br></div><div class="spacer battle-history"><br></div><div class="battle-history">Malamar is fast asleep.<br></div><div class="spacer battle-history"><br></div><div class="battle-history">Malamar used <strong>Sleep Talk</strong>!<br></div><div class="spacer battle-history"><br></div><div class="battle-history">Malamar used <strong>Rest</strong>!<br></div><div class="battle-history"><small>But it failed!</small><br></div><div class="spacer battle-history"><br></div><div class="battle-history"><small>Malamar restored a little HP using its Leftovers!</small><br></div><div class="spacer battle-history"><br></div><h2 class="battle-history">Turn 37</h2><div class="spacer battle-history"><br></div><div class="battle-history"><small>Malamar woke up!</small><br></div><div class="spacer battle-history"><br></div><div class="battle-history">Malamar used <strong>Rest</strong>!<br></div><div class="battle-history"><small>Malamar fell asleep!</small><br></div><div class="battle-history"><small>Malamar slept and became healthy!</small><br></div><div class="spacer battle-history"><br></div><div class="battle-history">The opposing Oh. used <strong>Moonblast</strong>!<br></div><div class="battle-history"><small>It's super effective!</small><br></div><div class="battle-history"><small>A critical hit!</small><br></div><div class="battle-history"><small>(Malamar lost <abbr title="−218/375">58.1%</abbr> of its health!)</small><br></div><div class="spacer battle-history"><br></div><div class="battle-history"><small>Malamar restored a little HP using its Leftovers!</small><br></div><div class="spacer battle-history"><br></div><h2 class="battle-history">Turn 38</h2><div class="spacer battle-history"><br></div><div class="battle-history">Malamar, come back!<br></div><div class="battle-history">Go! <strong>Aromatisse</strong>!<br></div><div class="battle-history"><small>Pointed stones dug into Aromatisse!</small><br></div><div class="spacer battle-history"><br></div><div class="battle-history">EviGaro withdrew Oh.!<br></div><div class="battle-history">EviGaro sent out <strong>Venusaur</strong>!<br></div><div class="battle-history"><small>Pointed stones dug into the opposing Venusaur!</small><br></div><div class="spacer battle-history"><br></div><h2 class="battle-history">Turn 39</h2><div class="spacer battle-history"><br></div><div class="battle-history">Aromatisse used <strong>Protect</strong>!<br></div><div class="battle-history"><small>Aromatisse protected itself!</small><br></div><div class="spacer battle-history"><br></div><div class="battle-history">The opposing Venusaur used <strong>Leech Seed</strong>!<br></div><div class="battle-history"><small>Aromatisse protected itself!</small><br></div><div class="spacer battle-history"><br></div><h2 class="battle-history">Turn 40</h2><div class="spacer battle-history"><br></div><div class="battle-history">Aromatisse, come back!<br></div><div class="battle-history">Go! <strong>Flygon</strong>!<br></div><div class="battle-history"><small>Pointed stones dug into Flygon!</small><br></div><div class="spacer battle-history"><br></div><div class="battle-history">The opposing Venusaur used <strong>Sludge Bomb</strong>!<br></div><div class="battle-history"><small>It's not very effective...</small><br></div><div class="battle-history"><small>(Flygon lost <abbr title="−74/301">24.6%</abbr> of its health!)</small><br></div><div class="battle-history"><small>Flygon was poisoned!</small><br></div><div class="spacer battle-history"><br></div><div class="battle-history"><small>Flygon was hurt by poison!</small><br></div><div class="spacer battle-history"><br></div><h2 class="battle-history">Turn 41</h2><div class="spacer battle-history"><br></div><div class="battle-history">Flygon used <strong>Roost</strong>!<br></div><div class="battle-history"><small>Flygon restored its HP.</small><br></div><div class="spacer battle-history"><br></div><div class="battle-history">The opposing Venusaur used <strong>Synthesis</strong>!<br></div><div class="battle-history"><small>The opposing Venusaur restored its HP.</small><br></div><div class="spacer battle-history"><br></div><div class="battle-history"><small>Flygon was hurt by poison!</small><br></div><div class="spacer battle-history"><br></div><h2 class="battle-history">Turn 42</h2><div class="spacer battle-history"><br></div><div class="battle-history">Flygon, come back!<br></div><div class="battle-history">Go! <strong>Druddigon</strong>!<br></div><div class="battle-history"><small>Pointed stones dug into Druddigon!</small><br></div><div class="spacer battle-history"><br></div><div class="battle-history">The opposing Venusaur used <strong>Giga Drain</strong>!<br></div><div class="battle-history"><small>It's not very effective...</small><br></div><div class="battle-history"><small>(Druddigon lost <abbr title="−54/354">15.3%</abbr> of its health!)</small><br></div><div class="spacer battle-history"><br></div><h2 class="battle-history">Turn 43</h2><div class="spacer battle-history"><br></div><div class="battle-history">EviGaro withdrew Venusaur!<br></div><div class="battle-history">EviGaro sent out <strong>Flygon</strong>!<br></div><div class="battle-history"><small>Pointed stones dug into the opposing Flygon!</small><br></div><div class="spacer battle-history"><br></div><div class="battle-history">Druddigon used <strong>Fire Punch</strong>!<br></div><div class="battle-history"><small>It's not very effective...</small><br></div><div class="battle-history"><small>(The opposing Flygon lost <abbr title="−101/301">33.6%</abbr> of its health!)</small><br></div><div class="spacer battle-history"><br></div><h2 class="battle-history">Turn 44</h2><div class="spacer battle-history"><br></div><div class="battle-history">Druddigon, come back!<br></div><div class="battle-history">Go! <strong>Flygon</strong>!<br></div><div class="battle-history"><small>Pointed stones dug into Flygon!</small><br></div><div class="spacer battle-history"><br></div><div class="battle-history">The opposing Flygon used <strong>Earthquake</strong>!<br></div><div class="battle-history"><small>[Flygon's Levitate]</small><br><small>It doesn't affect Flygon...</small><br></div><div class="spacer battle-history"><br></div><div class="battle-history"><small>Flygon was hurt by poison!</small><br></div><div class="spacer battle-history"><br></div><h2 class="battle-history">Turn 45</h2><div class="spacer battle-history"><br></div><div class="battle-history">EviGaro withdrew Flygon!<br></div><div class="battle-history">EviGaro sent out <strong>Venusaur</strong>!<br></div><div class="battle-history"><small>Pointed stones dug into the opposing Venusaur!</small><br></div><div class="spacer battle-history"><br></div><div class="battle-history">Flygon used <strong>Draco Meteor</strong>!<br></div><div class="battle-history"><small>(The opposing Venusaur lost <abbr title="−214/363">59.0%</abbr> of its health!)</small><br></div><div class="battle-history"><small>Flygon's Special Attack fell harshly!</small><br></div><div class="battle-history"><small>Flygon lost some of its HP!</small><br></div><div class="spacer battle-history"><br></div><div class="battle-history"><small>Flygon was hurt by poison!</small><br></div><div class="spacer battle-history"><br></div><h2 class="battle-history">Turn 46</h2><div class="spacer battle-history"><br></div><div class="battle-history">Flygon, come back!<br></div><div class="battle-history">Go! <strong>Druddigon</strong>!<br></div><div class="battle-history"><small>Pointed stones dug into Druddigon!</small><br></div><div class="spacer battle-history"><br></div><div class="battle-history">EviGaro withdrew Venusaur!<br></div><div class="battle-history">EviGaro sent out <strong>Slowking</strong>!<br></div><div class="battle-history"><small>Pointed stones dug into the opposing Slowking!</small><br></div><div class="spacer battle-history"><br></div><h2 class="battle-history">Turn 47</h2><div class="spacer battle-history"><br></div><div class="battle-history">Druddigon used <strong>Gunk Shot</strong>!<br></div><div class="battle-history"><small>(The opposing Slowking lost <abbr title="−205/394">52.0%</abbr> of its health!)</small><br></div><div class="spacer battle-history"><br></div><div class="battle-history">The opposing Slowking used <strong>Scald</strong>!<br></div><div class="battle-history"><small>It's not very effective...</small><br></div><div class="battle-history"><small>(Druddigon lost <abbr title="−48/354">13.6%</abbr> of its health!)</small><br></div><div class="spacer battle-history"><br></div><h2 class="battle-history">Turn 48</h2><div class="spacer battle-history"><br></div><div class="battle-history">EviGaro withdrew Slowking!<br></div><div class="battle-history">EviGaro sent out <strong>Flygon</strong>!<br></div><div class="battle-history"><small>Pointed stones dug into the opposing Flygon!</small><br></div><div class="spacer battle-history"><br></div><div class="battle-history">Druddigon used <strong>Fire Punch</strong>!<br></div><div class="battle-history"><small>It's not very effective...</small><br></div><div class="battle-history"><small>(The opposing Flygon lost <abbr title="−96/301">31.9%</abbr> of its health!)</small><br></div><div class="spacer battle-history"><br></div><h2 class="battle-history">Turn 49</h2><div class="spacer battle-history"><br></div><div class="battle-history">Druddigon used <strong>Sucker Punch</strong>!<br></div><div class="battle-history"><small>(The opposing Flygon lost <abbr title="−68/301">22.6%</abbr> of its health!)</small><br></div><div class="battle-history"><small>Druddigon lost some of its HP!</small><br></div><div class="spacer battle-history"><br></div><div class="battle-history">The opposing Flygon fainted!<br></div><div class="spacer battle-history"><br></div><div class="battle-history">EviGaro sent out <strong>Gurdurr</strong>!<br></div><div class="battle-history"><small>Pointed stones dug into the opposing Gurdurr!</small><br></div><div class="spacer battle-history"><br></div><h2 class="battle-history">Turn 50</h2><div class="spacer battle-history"><br></div><div class="battle-history">Druddigon, come back!<br></div><div class="battle-history">Go! <strong>Aromatisse</strong>!<br></div><div class="battle-history"><small>Pointed stones dug into Aromatisse!</small><br></div><div class="spacer battle-history"><br></div><div class="battle-history">The opposing Gurdurr used <strong>Drain Punch</strong>!<br></div><div class="battle-history"><small>It's not very effective...</small><br></div><div class="battle-history"><small>A critical hit!</small><br></div><div class="battle-history"><small>(Aromatisse lost <abbr title="−81/406">20.0%</abbr> of its health!)</small><br></div><div class="battle-history"><small>Aromatisse had its energy drained!</small><br></div><div class="spacer battle-history"><br></div><h2 class="battle-history">Turn 51</h2><div class="spacer battle-history"><br></div><div class="battle-history">EviGaro withdrew Gurdurr!<br></div><div class="battle-history">EviGaro sent out <strong>Slowking</strong>!<br></div><div class="battle-history"><small>Pointed stones dug into the opposing Slowking!</small><br></div><div class="spacer battle-history"><br></div><div class="battle-history">Aromatisse used <strong>Aromatherapy</strong>!<br></div><div class="battle-history"><small>A soothing aroma wafted through the area!</small><br></div><div class="battle-history"><small>Flygon was cured of its poisoning.</small><br></div><div class="battle-history"><small>Malamar woke up!</small><br></div><div class="spacer battle-history"><br></div><h2 class="battle-history">Turn 52</h2><div class="spacer battle-history"><br></div><div class="battle-history">Aromatisse, come back!<br></div><div class="battle-history">Go! <strong>Malamar</strong>!<br></div><div class="battle-history"><small>Pointed stones dug into Malamar!</small><br></div><div class="spacer battle-history"><br></div><div class="battle-history">The opposing Slowking used <strong>Scald</strong>!<br></div><div class="battle-history"><small>(Malamar lost <abbr title="−76/375">20.3%</abbr> of its health!)</small><br></div><div class="battle-history"><small>Malamar was burned!</small><br></div><div class="spacer battle-history"><br></div><div class="battle-history"><small>Malamar restored a little HP using its Leftovers!</small><br></div><div class="battle-history"><small>Malamar was hurt by its burn!</small><br></div><div class="spacer battle-history"><br></div><h2 class="battle-history">Turn 53</h2><div class="spacer battle-history"><br></div><div class="battle-history">EviGaro withdrew Slowking!<br></div><div class="battle-history">EviGaro sent out Oh. (<strong>Clefairy</strong>)!<br></div><div class="spacer battle-history"><br></div><div class="battle-history">Malamar used <strong>Rest</strong>!<br></div><div class="battle-history"><small>Malamar fell asleep!</small><br></div><div class="battle-history"><small>Malamar slept and became healthy!</small><br></div><div class="spacer battle-history"><br></div><h2 class="battle-history">Turn 54</h2><div class="spacer battle-history"><br></div><div class="battle-history">Malamar, come back!<br></div><div class="battle-history">Go! <strong>Registeel</strong>!<br></div><div class="battle-history"><small>Pointed stones dug into Registeel!</small><br></div><div class="spacer battle-history"><br></div><div class="battle-history">The opposing Oh. used <strong>Moonblast</strong>!<br></div><div class="battle-history"><small>It's not very effective...</small><br></div><div class="battle-history"><small>(Registeel lost <abbr title="−24/364">6.6%</abbr> of its health!)</small><br></div><div class="spacer battle-history"><br></div><div class="battle-history"><small>Registeel restored a little HP using its Leftovers!</small><br></div><div class="spacer battle-history"><br></div><h2 class="battle-history">Turn 55</h2><div class="spacer battle-history"><br></div><div class="battle-history">Registeel, come back!<br></div><div class="battle-history">Go! <strong>Aromatisse</strong>!<br></div><div class="battle-history"><small>Pointed stones dug into Aromatisse!</small><br></div><div class="spacer battle-history"><br></div><div class="battle-history">The opposing Oh. used <strong>Knock Off</strong>!<br></div><div class="battle-history"><small>It's not very effective...</small><br></div><div class="battle-history"><small>(Aromatisse lost <abbr title="−10/406">2.5%</abbr> of its health!)</small><br></div><div class="spacer battle-history"><br></div><h2 class="battle-history">Turn 56</h2><div class="spacer battle-history"><br></div><div class="battle-history">EviGaro withdrew Oh.!<br></div><div class="battle-history">EviGaro sent out <strong>Slowking</strong>!<br></div><div class="battle-history"><small>Pointed stones dug into the opposing Slowking!</small><br></div><div class="spacer battle-history"><br></div><div class="battle-history">Aromatisse used <strong>Wish</strong>!<br></div><div class="spacer battle-history"><br></div><h2 class="battle-history">Turn 57</h2><div class="spacer battle-history"><br></div><div class="battle-history">Aromatisse used <strong>Protect</strong>!<br></div><div class="battle-history"><small>Aromatisse protected itself!</small><br></div><div class="spacer battle-history"><br></div><div class="battle-history">The opposing Slowking used <strong>Scald</strong>!<br></div><div class="battle-history"><small>Aromatisse protected itself!</small><br></div><div class="spacer battle-history"><br></div><div class="battle-history"><small>Aromatisse's wish came true!</small><br></div><div class="spacer battle-history"><br></div><h2 class="battle-history">Turn 58</h2><div class="spacer battle-history"><br></div><div class="battle-history">Aromatisse, come back!<br></div><div class="battle-history">Go! <strong>Registeel</strong>!<br></div><div class="battle-history"><small>Pointed stones dug into Registeel!</small><br></div><div class="spacer battle-history"><br></div><div class="battle-history">The opposing Slowking used <strong>Block</strong>!<br></div><div class="battle-history"><small>Registeel can no longer escape!</small><br></div><div class="spacer battle-history"><br></div><div class="battle-history"><small>Registeel restored a little HP using its Leftovers!</small><br></div><div class="spacer battle-history"><br></div><h2 class="battle-history">Turn 59</h2><div class="spacer battle-history"><br></div><div class="battle-history">Registeel used <strong>Toxic</strong>!<br></div><div class="battle-history"><small>The opposing Slowking was badly poisoned!</small><br></div><div class="spacer battle-history"><br></div><div class="battle-history">The opposing Slowking used <strong>Calm Mind</strong>!<br></div><div class="battle-history"><small>The opposing Slowking's Special Attack rose!</small><br></div><div class="battle-history"><small>The opposing Slowking's Special Defense rose!</small><br></div><div class="spacer battle-history"><br></div><div class="battle-history"><small>Registeel restored a little HP using its Leftovers!</small><br></div><div class="battle-history"><small>The opposing Slowking was hurt by poison!</small><br></div><div class="spacer battle-history"><br></div><h2 class="battle-history">Turn 60</h2><div class="spacer battle-history"><br></div><div class="battle-history">Registeel used <strong>Seismic Toss</strong>!<br></div><div class="battle-history"><small>(The opposing Slowking lost <abbr title="−100/394">25.4%</abbr> of its health!)</small><br></div><div class="spacer battle-history"><br></div><div class="battle-history">The opposing Slowking used <strong>Rest</strong>!<br></div><div class="battle-history"><small>The opposing Slowking fell asleep!</small><br></div><div class="battle-history"><small>The opposing Slowking slept and became healthy!</small><br></div><div class="spacer battle-history"><br></div><div class="battle-history"><small>Registeel restored a little HP using its Leftovers!</small><br></div><div class="spacer battle-history"><br></div><h2 class="battle-history">Turn 61</h2><div class="spacer battle-history"><br></div><div class="battle-history">Registeel used <strong>Seismic Toss</strong>!<br></div><div class="battle-history"><small>(The opposing Slowking lost <abbr title="−100/394">25.4%</abbr> of its health!)</small><br></div><div class="spacer battle-history"><br></div><div class="battle-history">The opposing Slowking is fast asleep.<br></div><div class="spacer battle-history"><br></div><div class="battle-history"><small>Registeel restored a little HP using its Leftovers!</small><br></div><div class="spacer battle-history"><br></div><h2 class="battle-history">Turn 62</h2><div class="chat chatmessage-sotsot"><strong style="color:hsl(262,40%,57.969621826280196%)"><small>☆</small><span class="username" data-name="soTsoT">soTsoT</span>:</strong> <em>I guess it was pretty obv i would bring Regi</em></div><div class="spacer battle-history"><br></div><div class="battle-history">Registeel used <strong>Seismic Toss</strong>!<br></div><div class="battle-history"><small>(The opposing Slowking lost <abbr title="−100/394">25.4%</abbr> of its health!)</small><br></div><div class="spacer battle-history"><br></div><div class="battle-history">The opposing Slowking is fast asleep.<br></div><div class="spacer battle-history"><br></div><div class="battle-history"><small>Registeel restored a little HP using its Leftovers!</small><br></div><div class="spacer battle-history"><br></div><h2 class="battle-history">Turn 63</h2><div class="spacer battle-history"><br></div><div class="battle-history">Registeel used <strong>Stealth Rock</strong>!<br></div><div class="battle-history"><small>But it failed!</small><br></div><div class="battle-history"><small>The opposing Slowking woke up!</small><br></div><div class="spacer battle-history"><br></div><div class="battle-history">The opposing Slowking used <strong>Scald</strong>!<br></div><div class="battle-history"><small>(Registeel lost <abbr title="−73/364">20.1%</abbr> of its health!)</small><br></div><div class="spacer battle-history"><br></div><div class="battle-history"><small>Registeel restored a little HP using its Leftovers!</small><br></div><div class="spacer battle-history"><br></div><h2 class="battle-history">Turn 64</h2><div class="spacer battle-history"><br></div><div class="battle-history">Registeel used <strong>Toxic</strong>!<br></div><div class="battle-history"><small>The opposing Slowking avoided the attack!</small><br></div><div class="spacer battle-history"><br></div><div class="battle-history">The opposing Slowking used <strong>Rest</strong>!<br></div><div class="battle-history"><small>The opposing Slowking fell asleep!</small><br></div><div class="battle-history"><small>The opposing Slowking slept and became healthy!</small><br></div><div class="spacer battle-history"><br></div><div class="battle-history"><small>Registeel restored a little HP using its Leftovers!</small><br></div><div class="spacer battle-history"><br></div><h2 class="battle-history">Turn 65</h2><div class="spacer battle-history"><br></div><div class="battle-history">Registeel used <strong>Seismic Toss</strong>!<br></div><div class="battle-history"><small>(The opposing Slowking lost <abbr title="−100/394">25.4%</abbr> of its health!)</small><br></div><div class="spacer battle-history"><br></div><div class="battle-history">The opposing Slowking is fast asleep.<br></div><div class="spacer battle-history"><br></div><div class="battle-history"><small>Registeel restored a little HP using its Leftovers!</small><br></div><div class="spacer battle-history"><br></div><h2 class="battle-history">Turn 66</h2><div class="spacer battle-history"><br></div><div class="battle-history">Registeel used <strong>Seismic Toss</strong>!<br></div><div class="battle-history"><small>(The opposing Slowking lost <abbr title="−100/394">25.4%</abbr> of its health!)</small><br></div><div class="spacer battle-history"><br></div><div class="battle-history">The opposing Slowking is fast asleep.<br></div><div class="spacer battle-history"><br></div><div class="battle-history"><small>Registeel restored a little HP using its Leftovers!</small><br></div><div class="spacer battle-history"><br></div><h2 class="battle-history">Turn 67</h2><div class="spacer battle-history"><br></div><div class="battle-history">Registeel used <strong>Stealth Rock</strong>!<br></div><div class="battle-history"><small>But it failed!</small><br></div><div class="battle-history"><small>The opposing Slowking woke up!</small><br></div><div class="spacer battle-history"><br></div><div class="battle-history">The opposing Slowking used <strong>Rest</strong>!<br></div><div class="battle-history"><small>The opposing Slowking fell asleep!</small><br></div><div class="battle-history"><small>The opposing Slowking slept and became healthy!</small><br></div><div class="spacer battle-history"><br></div><div class="battle-history"><small>Registeel restored a little HP using its Leftovers!</small><br></div><div class="spacer battle-history"><br></div><h2 class="battle-history">Turn 68</h2><div class="spacer battle-history"><br></div><div class="battle-history">Registeel used <strong>Seismic Toss</strong>!<br></div><div class="battle-history"><small>(The opposing Slowking lost <abbr title="−100/394">25.4%</abbr> of its health!)</small><br></div><div class="spacer battle-history"><br></div><div class="battle-history">The opposing Slowking is fast asleep.<br></div><div class="spacer battle-history"><br></div><div class="battle-history"><small>Registeel restored a little HP using its Leftovers!</small><br></div><div class="spacer battle-history"><br></div><h2 class="battle-history">Turn 69</h2><div class="spacer battle-history"><br></div><div class="battle-history">Registeel used <strong>Stealth Rock</strong>!<br></div><div class="battle-history"><small>But it failed!</small><br></div><div class="spacer battle-history"><br></div><div class="battle-history">The opposing Slowking is fast asleep.<br></div><div class="spacer battle-history"><br></div><h2 class="battle-history">Turn 70</h2><div class="spacer battle-history"><br></div><div class="battle-history">Registeel used <strong>Stealth Rock</strong>!<br></div><div class="battle-history"><small>But it failed!</small><br></div><div class="battle-history"><small>The opposing Slowking woke up!</small><br></div><div class="spacer battle-history"><br></div><div class="battle-history">The opposing Slowking used <strong>Calm Mind</strong>!<br></div><div class="battle-history"><small>The opposing Slowking's Special Attack rose!</small><br></div><div class="battle-history"><small>The opposing Slowking's Special Defense rose!</small><br></div><div class="spacer battle-history"><br></div><h2 class="battle-history">Turn 71</h2><div class="spacer battle-history"><br></div><div class="battle-history">Registeel used <strong>Toxic</strong>!<br></div><div class="battle-history"><small>The opposing Slowking was badly poisoned!</small><br></div><div class="spacer battle-history"><br></div><div class="battle-history">The opposing Slowking used <strong>Calm Mind</strong>!<br></div><div class="battle-history"><small>The opposing Slowking's Special Attack rose!</small><br></div><div class="battle-history"><small>The opposing Slowking's Special Defense rose!</small><br></div><div class="spacer battle-history"><br></div><div class="battle-history"><small>The opposing Slowking was hurt by poison!</small><br></div><div class="spacer battle-history"><br></div><h2 class="battle-history">Turn 72</h2><div class="spacer battle-history"><br></div><div class="battle-history">Registeel used <strong>Stealth Rock</strong>!<br></div><div class="battle-history"><small>But it failed!</small><br></div><div class="spacer battle-history"><br></div><div class="battle-history">The opposing Slowking used <strong>Calm Mind</strong>!<br></div><div class="battle-history"><small>The opposing Slowking's Special Attack rose!</small><br></div><div class="battle-history"><small>The opposing Slowking's Special Defense rose!</small><br></div><div class="spacer battle-history"><br></div><div class="battle-history"><small>The opposing Slowking was hurt by poison!</small><br></div><div class="spacer battle-history"><br></div><h2 class="battle-history">Turn 73</h2><div class="spacer battle-history"><br></div><div class="battle-history">Registeel used <strong>Stealth Rock</strong>!<br></div><div class="battle-history"><small>But it failed!</small><br></div><div class="spacer battle-history"><br></div><div class="battle-history">The opposing Slowking used <strong>Rest</strong>!<br></div><div class="battle-history"><small>The opposing Slowking fell asleep!</small><br></div><div class="battle-history"><small>The opposing Slowking slept and became healthy!</small><br></div><div class="spacer battle-history"><br></div><h2 class="battle-history">Turn 74</h2><div class="spacer battle-history"><br></div><div class="battle-history">Registeel used <strong>Seismic Toss</strong>!<br></div><div class="battle-history"><small>(The opposing Slowking lost <abbr title="−100/394">25.4%</abbr> of its health!)</small><br></div><div class="spacer battle-history"><br></div><div class="battle-history">The opposing Slowking is fast asleep.<br></div><div class="spacer battle-history"><br></div><h2 class="battle-history">Turn 75</h2><div class="spacer battle-history"><br></div><div class="battle-history">Registeel used <strong>Seismic Toss</strong>!<br></div><div class="battle-history"><small>(The opposing Slowking lost <abbr title="−100/394">25.4%</abbr> of its health!)</small><br></div><div class="spacer battle-history"><br></div><div class="battle-history">The opposing Slowking is fast asleep.<br></div><div class="spacer battle-history"><br></div><h2 class="battle-history">Turn 76</h2><div class="spacer battle-history"><br></div><div class="battle-history">Registeel used <strong>Stealth Rock</strong>!<br></div><div class="battle-history"><small>But it failed!</small><br></div><div class="battle-history"><small>The opposing Slowking woke up!</small><br></div><div class="spacer battle-history"><br></div><div class="battle-history">The opposing Slowking used <strong>Rest</strong>!<br></div><div class="battle-history"><small>The opposing Slowking fell asleep!</small><br></div><div class="battle-history"><small>The opposing Slowking slept and became healthy!</small><br></div><div class="spacer battle-history"><br></div><h2 class="battle-history">Turn 77</h2><div class="spacer battle-history"><br></div><div class="battle-history">Registeel used <strong>Seismic Toss</strong>!<br></div><div class="battle-history"><small>(The opposing Slowking lost <abbr title="−100/394">25.4%</abbr> of its health!)</small><br></div><div class="spacer battle-history"><br></div><div class="battle-history">The opposing Slowking is fast asleep.<br></div><div class="spacer battle-history"><br></div><h2 class="battle-history">Turn 78</h2><div class="spacer battle-history"><br></div><div class="battle-history">Registeel used <strong>Stealth Rock</strong>!<br></div><div class="battle-history"><small>But it failed!</small><br></div><div class="spacer battle-history"><br></div><div class="battle-history">The opposing Slowking is fast asleep.<br></div><div class="spacer battle-history"><br></div><h2 class="battle-history">Turn 79</h2><div class="spacer battle-history"><br></div><div class="battle-history">Registeel used <strong>Seismic Toss</strong>!<br></div><div class="battle-history"><small>(The opposing Slowking lost <abbr title="−100/394">25.4%</abbr> of its health!)</small><br></div><div class="battle-history"><small>The opposing Slowking woke up!</small><br></div><div class="spacer battle-history"><br></div><div class="battle-history">The opposing Slowking used <strong>Calm Mind</strong>!<br></div><div class="battle-history"><small>The opposing Slowking's Special Attack rose!</small><br></div><div class="battle-history"><small>The opposing Slowking's Special Defense rose!</small><br></div><div class="spacer battle-history"><br></div><h2 class="battle-history">Turn 80</h2><div class="spacer battle-history"><br></div><div class="battle-history">Registeel used <strong>Stealth Rock</strong>!<br></div><div class="battle-history"><small>But it failed!</small><br></div><div class="spacer battle-history"><br></div><div class="battle-history">The opposing Slowking used <strong>Rest</strong>!<br></div><div class="battle-history"><small>The opposing Slowking fell asleep!</small><br></div><div class="battle-history"><small>The opposing Slowking slept and became healthy!</small><br></div><div class="spacer battle-history"><br></div><h2 class="battle-history">Turn 81</h2><div class="spacer battle-history"><br></div><div class="battle-history">Registeel used <strong>Seismic Toss</strong>!<br></div><div class="battle-history"><small>(The opposing Slowking lost <abbr title="−100/394">25.4%</abbr> of its health!)</small><br></div><div class="spacer battle-history"><br></div><div class="battle-history">The opposing Slowking is fast asleep.<br></div><div class="spacer battle-history"><br></div><h2 class="battle-history">Turn 82</h2><div class="spacer battle-history"><br></div><div class="battle-history">Registeel used <strong>Stealth Rock</strong>!<br></div><div class="battle-history"><small>But it failed!</small><br></div><div class="spacer battle-history"><br></div><div class="battle-history">The opposing Slowking is fast asleep.<br></div><div class="spacer battle-history"><br></div><h2 class="battle-history">Turn 83</h2><div class="spacer battle-history"><br></div><div class="battle-history">Registeel used <strong>Seismic Toss</strong>!<br></div><div class="battle-history"><small>(The opposing Slowking lost <abbr title="−100/394">25.4%</abbr> of its health!)</small><br></div><div class="battle-history"><small>The opposing Slowking woke up!</small><br></div><div class="spacer battle-history"><br></div><div class="battle-history">The opposing Slowking used <strong>Calm Mind</strong>!<br></div><div class="battle-history"><small>The opposing Slowking's Special Attack rose!</small><br></div><div class="battle-history"><small>The opposing Slowking's Special Defense rose!</small><br></div><div class="spacer battle-history"><br></div><h2 class="battle-history">Turn 84</h2><div class="spacer battle-history"><br></div><div class="battle-history">Registeel used <strong>Stealth Rock</strong>!<br></div><div class="battle-history"><small>But it failed!</small><br></div><div class="spacer battle-history"><br></div><div class="battle-history">The opposing Slowking used <strong>Rest</strong>!<br></div><div class="battle-history"><small>The opposing Slowking fell asleep!</small><br></div><div class="battle-history"><small>The opposing Slowking slept and became healthy!</small><br></div><div class="spacer battle-history"><br></div><h2 class="battle-history">Turn 85</h2><div class="spacer battle-history"><br></div><div class="battle-history">Registeel used <strong>Seismic Toss</strong>!<br></div><div class="battle-history"><small>(The opposing Slowking lost <abbr title="−100/394">25.4%</abbr> of its health!)</small><br></div><div class="spacer battle-history"><br></div><div class="battle-history">The opposing Slowking is fast asleep.<br></div><div class="spacer battle-history"><br></div><h2 class="battle-history">Turn 86</h2><div class="spacer battle-history"><br></div><div class="battle-history">Registeel used <strong>Seismic Toss</strong>!<br></div><div class="battle-history"><small>(The opposing Slowking lost <abbr title="−100/394">25.4%</abbr> of its health!)</small><br></div><div class="spacer battle-history"><br></div><div class="battle-history">The opposing Slowking is fast asleep.<br></div><div class="spacer battle-history"><br></div><h2 class="battle-history">Turn 87</h2><div class="spacer battle-history"><br></div><div class="battle-history">Registeel used <strong>Stealth Rock</strong>!<br></div><div class="battle-history"><small>But it failed!</small><br></div><div class="battle-history"><small>The opposing Slowking woke up!</small><br></div><div class="spacer battle-history"><br></div><div class="battle-history">The opposing Slowking used <strong>Rest</strong>!<br></div><div class="battle-history"><small>The opposing Slowking fell asleep!</small><br></div><div class="battle-history"><small>The opposing Slowking slept and became healthy!</small><br></div><div class="spacer battle-history"><br></div><h2 class="battle-history">Turn 88</h2><div class="spacer battle-history"><br></div><div class="battle-history">Registeel used <strong>Seismic Toss</strong>!<br></div><div class="battle-history"><small>(The opposing Slowking lost <abbr title="−100/394">25.4%</abbr> of its health!)</small><br></div><div class="spacer battle-history"><br></div><div class="battle-history">The opposing Slowking is fast asleep.<br></div><div class="spacer battle-history"><br></div><h2 class="battle-history">Turn 89</h2><div class="spacer battle-history"><br></div><div class="battle-history">Registeel used <strong>Stealth Rock</strong>!<br></div><div class="battle-history"><small>But it failed!</small><br></div><div class="spacer battle-history"><br></div><div class="battle-history">The opposing Slowking is fast asleep.<br></div><div class="spacer battle-history"><br></div><h2 class="battle-history">Turn 90</h2><div class="spacer battle-history"><br></div><div class="battle-history">Registeel used <strong>Protect</strong>!<br></div><div class="battle-history"><small>Registeel protected itself!</small><br></div><div class="battle-history"><small>The opposing Slowking woke up!</small><br></div><div class="spacer battle-history"><br></div><div class="battle-history">The opposing Slowking used <strong>Calm Mind</strong>!<br></div><div class="battle-history"><small>The opposing Slowking's Special Attack won't go any higher!</small><br></div><div class="battle-history"><small>The opposing Slowking's Special Defense won't go any higher!</small><br></div><div class="spacer battle-history"><br></div><h2 class="battle-history">Turn 91</h2><div class="spacer battle-history"><br></div><div class="battle-history">Registeel used <strong>Seismic Toss</strong>!<br></div><div class="battle-history"><small>(The opposing Slowking lost <abbr title="−100/394">25.4%</abbr> of its health!)</small><br></div><div class="spacer battle-history"><br></div><div class="battle-history">The opposing Slowking used <strong>Calm Mind</strong>!<br></div><div class="battle-history"><small>The opposing Slowking's Special Attack won't go any higher!</small><br></div><div class="battle-history"><small>The opposing Slowking's Special Defense won't go any higher!</small><br></div><div class="spacer battle-history"><br></div><h2 class="battle-history">Turn 92</h2><div class="spacer battle-history"><br></div><div class="battle-history">Registeel used <strong>Stealth Rock</strong>!<br></div><div class="battle-history"><small>But it failed!</small><br></div><div class="spacer battle-history"><br></div><div class="battle-history">The opposing Slowking used <strong>Rest</strong>!<br></div><div class="battle-history"><small>The opposing Slowking fell asleep!</small><br></div><div class="battle-history"><small>The opposing Slowking slept and became healthy!</small><br></div><div class="spacer battle-history"><br></div><h2 class="battle-history">Turn 93</h2><div class="spacer battle-history"><br></div><div class="battle-history">Registeel used <strong>Seismic Toss</strong>!<br></div><div class="battle-history"><small>(The opposing Slowking lost <abbr title="−100/394">25.4%</abbr> of its health!)</small><br></div><div class="spacer battle-history"><br></div><div class="battle-history">The opposing Slowking is fast asleep.<br></div><div class="spacer battle-history"><br></div><h2 class="battle-history">Turn 94</h2><div class="spacer battle-history"><br></div><div class="battle-history">Registeel used <strong>Seismic Toss</strong>!<br></div><div class="battle-history"><small>(The opposing Slowking lost <abbr title="−100/394">25.4%</abbr> of its health!)</small><br></div><div class="spacer battle-history"><br></div><div class="battle-history">The opposing Slowking is fast asleep.<br></div><div class="spacer battle-history"><br></div><h2 class="battle-history">Turn 95</h2><div class="spacer battle-history"><br></div><div class="battle-history">Registeel used <strong>Stealth Rock</strong>!<br></div><div class="battle-history"><small>But it failed!</small><br></div><div class="battle-history"><small>The opposing Slowking woke up!</small><br></div><div class="spacer battle-history"><br></div><div class="battle-history">The opposing Slowking used <strong>Rest</strong>!<br></div><div class="battle-history"><small>The opposing Slowking fell asleep!</small><br></div><div class="battle-history"><small>The opposing Slowking slept and became healthy!</small><br></div><div class="spacer battle-history"><br></div><h2 class="battle-history">Turn 96</h2><div class="spacer battle-history"><br></div><div class="battle-history">Registeel used <strong>Seismic Toss</strong>!<br></div><div class="battle-history"><small>(The opposing Slowking lost <abbr title="−100/394">25.4%</abbr> of its health!)</small><br></div><div class="spacer battle-history"><br></div><div class="battle-history">The opposing Slowking is fast asleep.<br></div><div class="spacer battle-history"><br></div><h2 class="battle-history">Turn 97</h2><div class="spacer battle-history"><br></div><div class="battle-history">Registeel used <strong>Stealth Rock</strong>!<br></div><div class="battle-history"><small>But it failed!</small><br></div><div class="spacer battle-history"><br></div><div class="battle-history">The opposing Slowking is fast asleep.<br></div><div class="spacer battle-history"><br></div><h2 class="battle-history">Turn 98</h2><div class="spacer battle-history"><br></div><div class="battle-history">Registeel used <strong>Protect</strong>!<br></div><div class="battle-history"><small>Registeel protected itself!</small><br></div><div class="battle-history"><small>The opposing Slowking woke up!</small><br></div><div class="spacer battle-history"><br></div><div class="battle-history">The opposing Slowking used <strong>Calm Mind</strong>!<br></div><div class="battle-history"><small>The opposing Slowking's Special Attack won't go any higher!</small><br></div><div class="battle-history"><small>The opposing Slowking's Special Defense won't go any higher!</small><br></div><div class="spacer battle-history"><br></div><h2 class="battle-history">Turn 99</h2><div class="spacer battle-history"><br></div><div class="battle-history">Registeel used <strong>Seismic Toss</strong>!<br></div><div class="battle-history"><small>(The opposing Slowking lost <abbr title="−100/394">25.4%</abbr> of its health!)</small><br></div><div class="spacer battle-history"><br></div><div class="battle-history">The opposing Slowking used <strong>Calm Mind</strong>!<br></div><div class="battle-history"><small>The opposing Slowking's Special Attack won't go any higher!</small><br></div><div class="battle-history"><small>The opposing Slowking's Special Defense won't go any higher!</small><br></div><div class="spacer battle-history"><br></div><h2 class="battle-history">Turn 100</h2><div class="spacer battle-history"><br></div><div class="battle-history">Registeel used <strong>Stealth Rock</strong>!<br></div><div class="battle-history"><small>But it failed!</small><br></div><div class="spacer battle-history"><br></div><div class="battle-history">The opposing Slowking used <strong>Rest</strong>!<br></div><div class="battle-history"><small>The opposing Slowking fell asleep!</small><br></div><div class="battle-history"><small>The opposing Slowking slept and became healthy!</small><br></div><div class="spacer battle-history"><br></div><h2 class="battle-history">Turn 101</h2><div class="spacer battle-history"><br></div><div class="battle-history">Registeel used <strong>Seismic Toss</strong>!<br></div><div class="battle-history"><small>(The opposing Slowking lost <abbr title="−100/394">25.4%</abbr> of its health!)</small><br></div><div class="spacer battle-history"><br></div><div class="battle-history">The opposing Slowking is fast asleep.<br></div><div class="spacer battle-history"><br></div><h2 class="battle-history">Turn 102</h2><div class="spacer battle-history"><br></div><div class="battle-history">Registeel used <strong>Seismic Toss</strong>!<br></div><div class="battle-history"><small>(The opposing Slowking lost <abbr title="−100/394">25.4%</abbr> of its health!)</small><br></div><div class="spacer battle-history"><br></div><div class="battle-history">The opposing Slowking is fast asleep.<br></div><div class="spacer battle-history"><br></div><h2 class="battle-history">Turn 103</h2><div class="spacer battle-history"><br></div><div class="battle-history">Registeel used <strong>Stealth Rock</strong>!<br></div><div class="battle-history"><small>But it failed!</small><br></div><div class="battle-history"><small>The opposing Slowking woke up!</small><br></div><div class="spacer battle-history"><br></div><div class="battle-history">The opposing Slowking used <strong>Rest</strong>!<br></div><div class="battle-history"><small>The opposing Slowking fell asleep!</small><br></div><div class="battle-history"><small>The opposing Slowking slept and became healthy!</small><br></div><div class="spacer battle-history"><br></div><h2 class="battle-history">Turn 104</h2><div class="spacer battle-history"><br></div><div class="battle-history">Registeel used <strong>Seismic Toss</strong>!<br></div><div class="battle-history"><small>(The opposing Slowking lost <abbr title="−100/394">25.4%</abbr> of its health!)</small><br></div><div class="spacer battle-history"><br></div><div class="battle-history">The opposing Slowking is fast asleep.<br></div><div class="spacer battle-history"><br></div><h2 class="battle-history">Turn 105</h2><div class="spacer battle-history"><br></div><div class="battle-history">Registeel used <strong>Seismic Toss</strong>!<br></div><div class="battle-history"><small>(The opposing Slowking lost <abbr title="−100/394">25.4%</abbr> of its health!)</small><br></div><div class="spacer battle-history"><br></div><div class="battle-history">The opposing Slowking is fast asleep.<br></div><div class="spacer battle-history"><br></div><h2 class="battle-history">Turn 106</h2><div class="spacer battle-history"><br></div><div class="battle-history">Registeel used <strong>Stealth Rock</strong>!<br></div><div class="battle-history"><small>But it failed!</small><br></div><div class="battle-history"><small>The opposing Slowking woke up!</small><br></div><div class="spacer battle-history"><br></div><div class="battle-history">The opposing Slowking used <strong>Rest</strong>!<br></div><div class="battle-history"><small>The opposing Slowking fell asleep!</small><br></div><div class="battle-history"><small>The opposing Slowking slept and became healthy!</small><br></div><div class="spacer battle-history"><br></div><h2 class="battle-history">Turn 107</h2><div class="spacer battle-history"><br></div><div class="battle-history">Registeel used <strong>Seismic Toss</strong>!<br></div><div class="battle-history"><small>(The opposing Slowking lost <abbr title="−100/394">25.4%</abbr> of its health!)</small><br></div><div class="spacer battle-history"><br></div><div class="battle-history">The opposing Slowking is fast asleep.<br></div><div class="spacer battle-history"><br></div><h2 class="battle-history">Turn 108</h2><div class="spacer battle-history"><br></div><div class="battle-history">Registeel used <strong>Seismic Toss</strong>!<br></div><div class="battle-history"><small>(The opposing Slowking lost <abbr title="−100/394">25.4%</abbr> of its health!)</small><br></div><div class="spacer battle-history"><br></div><div class="battle-history">The opposing Slowking is fast asleep.<br></div><div class="spacer battle-history"><br></div><h2 class="battle-history">Turn 109</h2><div class="spacer battle-history"><br></div><div class="battle-history">Registeel used <strong>Protect</strong>!<br></div><div class="battle-history"><small>Registeel protected itself!</small><br></div><div class="battle-history"><small>The opposing Slowking woke up!</small><br></div><div class="spacer battle-history"><br></div><div class="battle-history">The opposing Slowking used <strong>Rest</strong>!<br></div><div class="battle-history"><small>The opposing Slowking fell asleep!</small><br></div><div class="battle-history"><small>The opposing Slowking slept and became healthy!</small><br></div><div class="spacer battle-history"><br></div><h2 class="battle-history">Turn 110</h2><div class="spacer battle-history"><br></div><div class="battle-history">Registeel used <strong>Seismic Toss</strong>!<br></div><div class="battle-history"><small>(The opposing Slowking lost <abbr title="−100/394">25.4%</abbr> of its health!)</small><br></div><div class="spacer battle-history"><br></div><div class="battle-history">The opposing Slowking is fast asleep.<br></div><div class="spacer battle-history"><br></div><h2 class="battle-history">Turn 111</h2><div class="spacer battle-history"><br></div><div class="battle-history">Registeel used <strong>Seismic Toss</strong>!<br></div><div class="battle-history"><small>(The opposing Slowking lost <abbr title="−100/394">25.4%</abbr> of its health!)</small><br></div><div class="spacer battle-history"><br></div><div class="battle-history">The opposing Slowking is fast asleep.<br></div><div class="spacer battle-history"><br></div><h2 class="battle-history">Turn 112</h2><div class="spacer battle-history"><br></div><div class="battle-history">Registeel used <strong>Protect</strong>!<br></div><div class="battle-history"><small>Registeel protected itself!</small><br></div><div class="battle-history"><small>The opposing Slowking woke up!</small><br></div><div class="spacer battle-history"><br></div><div class="battle-history">The opposing Slowking used <strong>Rest</strong>!<br></div><div class="battle-history"><small>The opposing Slowking fell asleep!</small><br></div><div class="battle-history"><small>The opposing Slowking slept and became healthy!</small><br></div><div class="spacer battle-history"><br></div><h2 class="battle-history">Turn 113</h2><div class="spacer battle-history"><br></div><div class="battle-history">Registeel used <strong>Seismic Toss</strong>!<br></div><div class="battle-history"><small>(The opposing Slowking lost <abbr title="−100/394">25.4%</abbr> of its health!)</small><br></div><div class="spacer battle-history"><br></div><div class="battle-history">The opposing Slowking is fast asleep.<br></div><div class="spacer battle-history"><br></div><h2 class="battle-history">Turn 114</h2><div class="spacer battle-history"><br></div><div class="battle-history">Registeel used <strong>Seismic Toss</strong>!<br></div><div class="battle-history"><small>(The opposing Slowking lost <abbr title="−100/394">25.4%</abbr> of its health!)</small><br></div><div class="spacer battle-history"><br></div><div class="battle-history">The opposing Slowking is fast asleep.<br></div><div class="spacer battle-history"><br></div><h2 class="battle-history">Turn 115</h2><div class="spacer battle-history"><br></div><div class="battle-history">Registeel used <strong>Protect</strong>!<br></div><div class="battle-history"><small>Registeel protected itself!</small><br></div><div class="battle-history"><small>The opposing Slowking woke up!</small><br></div><div class="spacer battle-history"><br></div><div class="battle-history">The opposing Slowking used <strong>Calm Mind</strong>!<br></div><div class="battle-history"><small>The opposing Slowking's Special Attack won't go any higher!</small><br></div><div class="battle-history"><small>The opposing Slowking's Special Defense won't go any higher!</small><br></div><div class="spacer battle-history"><br></div><h2 class="battle-history">Turn 116</h2><div class="spacer battle-history"><br></div><div class="battle-history">Registeel used <strong>Toxic</strong>!<br></div><div class="battle-history"><small>The opposing Slowking was badly poisoned!</small><br></div><div class="spacer battle-history"><br></div><div class="battle-history">The opposing Slowking used <strong>Calm Mind</strong>!<br></div><div class="battle-history"><small>The opposing Slowking's Special Attack won't go any higher!</small><br></div><div class="battle-history"><small>The opposing Slowking's Special Defense won't go any higher!</small><br></div><div class="spacer battle-history"><br></div><div class="battle-history"><small>The opposing Slowking was hurt by poison!</small><br></div><div class="spacer battle-history"><br></div><h2 class="battle-history">Turn 117</h2><div class="spacer battle-history"><br></div><div class="battle-history">Registeel used <strong>Protect</strong>!<br></div><div class="battle-history"><small>Registeel protected itself!</small><br></div><div class="spacer battle-history"><br></div><div class="battle-history">The opposing Slowking used <strong>Rest</strong>!<br></div><div class="battle-history"><small>The opposing Slowking fell asleep!</small><br></div><div class="battle-history"><small>The opposing Slowking slept and became healthy!</small><br></div><div class="spacer battle-history"><br></div><h2 class="battle-history">Turn 118</h2><div class="spacer battle-history"><br></div><div class="battle-history">Registeel used <strong>Stealth Rock</strong>!<br></div><div class="battle-history"><small>But it failed!</small><br></div><div class="spacer battle-history"><br></div><div class="battle-history">The opposing Slowking is fast asleep.<br></div><div class="spacer battle-history"><br></div><h2 class="battle-history">Turn 119</h2><div class="spacer battle-history"><br></div><div class="battle-history">Registeel used <strong>Stealth Rock</strong>!<br></div><div class="battle-history"><small>But it failed!</small><br></div><div class="spacer battle-history"><br></div><div class="battle-history">The opposing Slowking is fast asleep.<br></div><div class="spacer battle-history"><br></div><h2 class="battle-history">Turn 120</h2><div class="spacer battle-history"><br></div><div class="battle-history">Registeel used <strong>Protect</strong>!<br></div><div class="battle-history"><small>Registeel protected itself!</small><br></div><div class="battle-history"><small>The opposing Slowking woke up!</small><br></div><div class="spacer battle-history"><br></div><div class="battle-history">The opposing Slowking used <strong>Scald</strong>!<br></div><div class="battle-history"><small>Registeel protected itself!</small><br></div><div class="spacer battle-history"><br></div><h2 class="battle-history">Turn 121</h2><div class="spacer battle-history"><br></div><div class="battle-history">Registeel used <strong>Toxic</strong>!<br></div><div class="battle-history"><small>The opposing Slowking was badly poisoned!</small><br></div><div class="spacer battle-history"><br></div><div class="battle-history">The opposing Slowking used <strong>Scald</strong>!<br></div><div class="battle-history"><small>(Registeel lost <abbr title="−201/364">55.2%</abbr> of its health!)</small><br></div><div class="spacer battle-history"><br></div><div class="battle-history"><small>Registeel restored a little HP using its Leftovers!</small><br></div><div class="battle-history"><small>The opposing Slowking was hurt by poison!</small><br></div><div class="spacer battle-history"><br></div><h2 class="battle-history">Turn 122</h2><div class="spacer battle-history"><br></div><div class="battle-history">Registeel used <strong>Protect</strong>!<br></div><div class="battle-history"><small>Registeel protected itself!</small><br></div><div class="spacer battle-history"><br></div><div class="battle-history">The opposing Slowking used <strong>Scald</strong>!<br></div><div class="battle-history"><small>Registeel protected itself!</small><br></div><div class="spacer battle-history"><br></div><div class="battle-history"><small>Registeel restored a little HP using its Leftovers!</small><br></div><div class="battle-history"><small>The opposing Slowking was hurt by poison!</small><br></div><div class="spacer battle-history"><br></div><h2 class="battle-history">Turn 123</h2><div class="spacer battle-history"><br></div><div class="battle-history">Registeel used <strong>Protect</strong>!<br></div><div class="battle-history"><small>But it failed!</small><br></div><div class="spacer battle-history"><br></div><div class="battle-history">The opposing Slowking used <strong>Scald</strong>!<br></div><div class="battle-history"><small>(Registeel lost <abbr title="−196/364">53.8%</abbr> of its health!)</small><br></div><div class="spacer battle-history"><br></div><div class="battle-history"><small>Registeel restored a little HP using its Leftovers!</small><br></div><div class="battle-history"><small>The opposing Slowking was hurt by poison!</small><br></div><div class="spacer battle-history"><br></div><h2 class="battle-history">Turn 124</h2><div class="spacer battle-history"><br></div><div class="battle-history">Registeel used <strong>Protect</strong>!<br></div><div class="battle-history"><small>Registeel protected itself!</small><br></div><div class="spacer battle-history"><br></div><div class="battle-history">The opposing Slowking used <strong>Scald</strong>!<br></div><div class="battle-history"><small>Registeel protected itself!</small><br></div><div class="spacer battle-history"><br></div><div class="battle-history"><small>Registeel restored a little HP using its Leftovers!</small><br></div><div class="battle-history"><small>The opposing Slowking was hurt by poison!</small><br></div><div class="spacer battle-history"><br></div><h2 class="battle-history">Turn 125</h2><div class="spacer battle-history"><br></div><div class="battle-history">Registeel used <strong>Protect</strong>!<br></div><div class="battle-history"><small>But it failed!</small><br></div><div class="spacer battle-history"><br></div><div class="battle-history">The opposing Slowking used <strong>Scald</strong>!<br></div><div class="battle-history"><small>(Registeel lost <abbr title="−55/364">15.1%</abbr> of its health!)</small><br></div><div class="spacer battle-history"><br></div><div class="battle-history">Registeel fainted!<br></div><div class="spacer battle-history"><br></div><div class="battle-history"><small>The opposing Slowking was hurt by poison!</small><br></div><div class="spacer battle-history"><br></div><div class="battle-history">Go! Glalie (<strong>Glalie-Mega</strong>)!<br></div><div class="battle-history"><small>Pointed stones dug into Glalie!</small><br></div><div class="spacer battle-history"><br></div><h2 class="battle-history">Turn 126</h2><div class="spacer battle-history"><br></div><div class="battle-history">Glalie used <strong>Return</strong>!<br></div><div class="battle-history"><small>It's not very effective...</small><br></div><div class="battle-history"><small>(The opposing Slowking lost <abbr title="−34/394">8.6%</abbr> of its health!)</small><br></div><div class="spacer battle-history"><br></div><div class="battle-history">The opposing Slowking fainted!<br></div><div class="spacer battle-history"><br></div><div class="battle-history">EviGaro sent out <strong>Gurdurr</strong>!<br></div><div class="battle-history"><small>Pointed stones dug into the opposing Gurdurr!</small><br></div><div class="spacer battle-history"><br></div><h2 class="battle-history">Turn 127</h2><div class="spacer battle-history"><br></div><div class="battle-history">Glalie, come back!<br></div><div class="battle-history">Go! <strong>Aromatisse</strong>!<br></div><div class="battle-history"><small>Pointed stones dug into Aromatisse!</small><br></div><div class="spacer battle-history"><br></div><div class="battle-history">The opposing Gurdurr used <strong>Drain Punch</strong>!<br></div><div class="battle-history"><small>It's not very effective...</small><br></div><div class="battle-history"><small>(Aromatisse lost <abbr title="−54/406">13.3%</abbr> of its health!)</small><br></div><div class="battle-history"><small>Aromatisse had its energy drained!</small><br></div><div class="spacer battle-history"><br></div><h2 class="battle-history">Turn 128</h2><div class="spacer battle-history"><br></div><div class="battle-history">EviGaro withdrew Gurdurr!<br></div><div class="battle-history">EviGaro sent out Oh. (<strong>Clefairy</strong>)!<br></div><div class="spacer battle-history"><br></div><div class="battle-history">Aromatisse used <strong>Moonblast</strong>!<br></div><div class="battle-history"><small>(The opposing Oh. lost <abbr title="−154/344">44.8%</abbr> of its health!)</small><br></div><div class="battle-history"><small>The opposing Oh.'s Special Attack fell!</small><br></div><div class="spacer battle-history"><br></div><h2 class="battle-history">Turn 129</h2><div class="spacer battle-history"><br></div><div class="battle-history">The opposing Oh. used <strong>Moonblast</strong>!<br></div><div class="battle-history"><small>(Aromatisse lost <abbr title="−54/406">13.3%</abbr> of its health!)</small><br></div><div class="spacer battle-history"><br></div><div class="battle-history">Aromatisse used <strong>Moonblast</strong>!<br></div><div class="battle-history"><small>(The opposing Oh. lost <abbr title="−171/344">49.7%</abbr> of its health!)</small><br></div><div class="battle-history"><small>The opposing Oh.'s Special Attack fell!</small><br></div><div class="spacer battle-history"><br></div><h2 class="battle-history">Turn 130</h2><div class="spacer battle-history"><br></div><div class="battle-history">The opposing Oh. used <strong>Soft-Boiled</strong>!<br></div><div class="battle-history"><small>The opposing Oh. restored its HP.</small><br></div><div class="spacer battle-history"><br></div><div class="battle-history">Aromatisse used <strong>Wish</strong>!<br></div><div class="spacer battle-history"><br></div><h2 class="battle-history">Turn 131</h2><div class="spacer battle-history"><br></div><div class="battle-history">The opposing Oh. used <strong>Moonblast</strong>!<br></div><div class="battle-history"><small>(Aromatisse lost <abbr title="−43/406">10.6%</abbr> of its health!)</small><br></div><div class="battle-history"><small>Aromatisse's Special Attack fell!</small><br></div><div class="spacer battle-history"><br></div><div class="battle-history">Aromatisse used <strong>Moonblast</strong>!<br></div><div class="battle-history"><small>(The opposing Oh. lost <abbr title="−108/344">31.4%</abbr> of its health!)</small><br></div><div class="battle-history"><small>The opposing Oh.'s Special Attack fell!</small><br></div><div class="spacer battle-history"><br></div><div class="battle-history"><small>Aromatisse's wish came true!</small><br></div><div class="spacer battle-history"><br></div><h2 class="battle-history">Turn 132</h2><div class="spacer battle-history"><br></div><div class="battle-history">The opposing Oh. used <strong>Soft-Boiled</strong>!<br></div><div class="battle-history"><small>The opposing Oh. restored its HP.</small><br></div><div class="spacer battle-history"><br></div><div class="battle-history">Aromatisse used <strong>Moonblast</strong>!<br></div><div class="battle-history"><small>(The opposing Oh. lost <abbr title="−114/344">33.1%</abbr> of its health!)</small><br></div><div class="spacer battle-history"><br></div><h2 class="battle-history">Turn 133</h2><div class="spacer battle-history"><br></div><div class="battle-history">The opposing Oh. used <strong>Soft-Boiled</strong>!<br></div><div class="battle-history"><small>The opposing Oh. restored its HP.</small><br></div><div class="spacer battle-history"><br></div><div class="battle-history">Aromatisse used <strong>Wish</strong>!<br></div><div class="spacer battle-history"><br></div><h2 class="battle-history">Turn 134</h2><div class="spacer battle-history"><br></div><div class="battle-history">Aromatisse, come back!<br></div><div class="battle-history">Go! <strong>Malamar</strong>!<br></div><div class="battle-history"><small>Pointed stones dug into Malamar!</small><br></div><div class="spacer battle-history"><br></div><div class="battle-history">The opposing Oh. used <strong>Soft-Boiled</strong>!<br></div><div class="battle-history"><small>The opposing Oh. restored its HP.</small><br></div><div class="spacer battle-history"><br></div><div class="battle-history"><small>Aromatisse's wish came true!</small><br></div><div class="spacer battle-history"><br></div><h2 class="battle-history">Turn 135</h2><div class="spacer battle-history"><br></div><div class="battle-history">Malamar is fast asleep.<br></div><div class="spacer battle-history"><br></div><div class="battle-history">Malamar used <strong>Sleep Talk</strong>!<br></div><div class="spacer battle-history"><br></div><div class="battle-history">Malamar used <strong>Superpower</strong>!<br></div><div class="battle-history"><small>It's not very effective...</small><br></div><div class="battle-history"><small>(The opposing Oh. lost <abbr title="−52/344">15.1%</abbr> of its health!)</small><br></div><div class="battle-history"><small>Malamar's Attack rose!</small><br></div><div class="battle-history"><small>Malamar's Defense rose!</small><br></div><div class="spacer battle-history"><br></div><div class="battle-history">The opposing Oh. used <strong>Moonblast</strong>!<br></div><div class="battle-history"><small>It's super effective!</small><br></div><div class="battle-history"><small>(Malamar lost <abbr title="−54/375">14.4%</abbr> of its health!)</small><br></div><div class="spacer battle-history"><br></div><div class="battle-history"><small>Malamar restored a little HP using its Leftovers!</small><br></div><div class="spacer battle-history"><br></div><h2 class="battle-history">Turn 136</h2><div class="spacer battle-history"><br></div><div class="battle-history">EviGaro withdrew Oh.!<br></div><div class="battle-history">EviGaro sent out <strong>Gurdurr</strong>!<br></div><div class="battle-history"><small>Pointed stones dug into the opposing Gurdurr!</small><br></div><div class="spacer battle-history"><br></div><div class="battle-history">Malamar is fast asleep.<br></div><div class="spacer battle-history"><br></div><div class="battle-history">Malamar used <strong>Sleep Talk</strong>!<br></div><div class="spacer battle-history"><br></div><div class="battle-history">Malamar used <strong>Knock Off</strong>!<br></div><div class="battle-history"><small>It's not very effective...</small><br></div><div class="battle-history"><small>(The opposing Gurdurr lost <abbr title="−66/374">17.6%</abbr> of its health!)</small><br></div><div class="battle-history"><small>Malamar knocked off the opposing Gurdurr's Eviolite!</small><br></div><div class="spacer battle-history"><br></div><div class="battle-history"><small>Malamar restored a little HP using its Leftovers!</small><br></div><div class="spacer battle-history"><br></div><h2 class="battle-history">Turn 137</h2><div class="spacer battle-history"><br></div><div class="battle-history">EviGaro withdrew Gurdurr!<br></div><div class="battle-history">EviGaro sent out Oh. (<strong>Clefairy</strong>)!<br></div><div class="battle-history"><small>Malamar woke up!</small><br></div><div class="spacer battle-history"><br></div><div class="battle-history">Malamar used <strong>Superpower</strong>!<br></div><div class="battle-history"><small>It's not very effective...</small><br></div><div class="battle-history"><small>(The opposing Oh. lost <abbr title="−76/344">22.1%</abbr> of its health!)</small><br></div><div class="battle-history"><small>Malamar's Attack rose!</small><br></div><div class="battle-history"><small>Malamar's Defense rose!</small><br></div><div class="spacer battle-history"><br></div><div class="battle-history"><small>Malamar restored a little HP using its Leftovers!</small><br></div><div class="spacer battle-history"><br></div><h2 class="battle-history">Turn 138</h2><div class="spacer battle-history"><br></div><div class="battle-history">Malamar used <strong>Superpower</strong>!<br></div><div class="battle-history"><small>It's not very effective...</small><br></div><div class="battle-history"><small>(The opposing Oh. lost <abbr title="−98/344">28.5%</abbr> of its health!)</small><br></div><div class="battle-history"><small>Malamar's Attack rose!</small><br></div><div class="battle-history"><small>Malamar's Defense rose!</small><br></div><div class="spacer battle-history"><br></div><div class="battle-history">The opposing Oh. used <strong>Soft-Boiled</strong>!<br></div><div class="battle-history"><small>The opposing Oh. restored its HP.</small><br></div><div class="spacer battle-history"><br></div><h2 class="battle-history">Turn 139</h2><div class="spacer battle-history"><br></div><div class="battle-history">Malamar used <strong>Superpower</strong>!<br></div><div class="battle-history"><small>It's not very effective...</small><br></div><div class="battle-history"><small>(The opposing Oh. lost <abbr title="−129/344">37.5%</abbr> of its health!)</small><br></div><div class="battle-history"><small>Malamar's Attack rose!</small><br></div><div class="battle-history"><small>Malamar's Defense rose!</small><br></div><div class="spacer battle-history"><br></div><div class="battle-history">The opposing Oh. used <strong>Moonblast</strong>!<br></div><div class="battle-history"><small>It's super effective!</small><br></div><div class="battle-history"><small>(Malamar lost <abbr title="−128/375">34.1%</abbr> of its health!)</small><br></div><div class="spacer battle-history"><br></div><div class="battle-history"><small>Malamar restored a little HP using its Leftovers!</small><br></div><div class="spacer battle-history"><br></div><h2 class="battle-history">Turn 140</h2><div class="spacer battle-history"><br></div><div class="battle-history">Malamar used <strong>Superpower</strong>!<br></div><div class="battle-history"><small>It's not very effective...</small><br></div><div class="battle-history"><small>(The opposing Oh. lost <abbr title="−157/344">45.6%</abbr> of its health!)</small><br></div><div class="battle-history"><small>Malamar's Attack rose!</small><br></div><div class="battle-history"><small>Malamar's Defense rose!</small><br></div><div class="spacer battle-history"><br></div><div class="battle-history">The opposing Oh. used <strong>Moonblast</strong>!<br></div><div class="battle-history"><small>It's super effective!</small><br></div><div class="battle-history"><small>(Malamar lost <abbr title="−138/375">36.8%</abbr> of its health!)</small><br></div><div class="battle-history"><small>Malamar's Special Attack rose!</small><br></div><div class="spacer battle-history"><br></div><div class="battle-history"><small>Malamar restored a little HP using its Leftovers!</small><br></div><div class="spacer battle-history"><br></div><h2 class="battle-history">Turn 141</h2><div class="spacer battle-history"><br></div><div class="battle-history">Malamar used <strong>Superpower</strong>!<br></div><div class="battle-history"><small>It's not very effective...</small><br></div><div class="battle-history"><small>(The opposing Oh. lost <abbr title="−4/344">1.2%</abbr> of its health!)</small><br></div><div class="battle-history"><small>Malamar's Attack rose!</small><br></div><div class="battle-history"><small>Malamar's Defense rose!</small><br></div><div class="spacer battle-history"><br></div><div class="battle-history">The opposing Oh. fainted!<br></div><div class="spacer battle-history"><br></div><div class="battle-history"><small>Malamar restored a little HP using its Leftovers!</small><br></div><div class="spacer battle-history"><br></div><div class="battle-history">EviGaro sent out <strong>Venusaur</strong>!<br></div><div class="battle-history"><small>Pointed stones dug into the opposing Venusaur!</small><br></div><div class="spacer battle-history"><br></div><h2 class="battle-history">Turn 142</h2><div class="spacer battle-history"><br></div><div class="battle-history">The opposing Venusaur used <strong>Giga Drain</strong>!<br></div><div class="battle-history"><small>(Malamar lost <abbr title="−118/375">31.5%</abbr> of its health!)</small><br></div><div class="battle-history"><small>Malamar had its energy drained!</small><br></div><div class="spacer battle-history"><br></div><div class="battle-history">Malamar used <strong>Knock Off</strong>!<br></div><div class="battle-history"><small>(The opposing Venusaur lost <abbr title="−118/363">32.5%</abbr> of its health!)</small><br></div><div class="spacer battle-history"><br></div><div class="battle-history">The opposing Venusaur fainted!<br></div><div class="spacer battle-history"><br></div><div class="battle-history"><small>Malamar restored a little HP using its Leftovers!</small><br></div><div class="chat chatmessage-evigaro"><strong style="color:hsl(57,78%,32.99963059042893%)"><small>☆</small><span class="username" data-name="EviGaro">EviGaro</span>:</strong> <em>ya gg</em></div><div class="chat chatmessage-sotsot"><strong style="color:hsl(262,40%,57.969621826280196%)"><small>☆</small><span class="username" data-name="soTsoT">soTsoT</span>:</strong> <em>gg</em></div><div class="chat chatmessage-evigaro"><strong style="color:hsl(57,78%,32.99963059042893%)"><small>☆</small><span class="username" data-name="EviGaro">EviGaro</span>:</strong> <em>oml I choked ROFL</em></div><div class="chat chatmessage-evigaro"><strong style="color:hsl(57,78%,32.99963059042893%)"><small>☆</small><span class="username" data-name="EviGaro">EviGaro</span>:</strong> <em>wow</em></div><div class="spacer battle-history"><br></div><div class="battle-history"><small>EviGaro forfeited.</small><br></div><div class="spacer battle-history"><br></div><div class="battle-history"><strong>soTsoT</strong> won the battle!<br></div><div class="chat"><small>EviGaro left.</small></div></div><div class="inner-preempt"></div></div></div>
</div>
<script>
let daily = Math.floor(Date.now()/1000/60/60/24);document.write('<script src="https://play.pokemonshowdown.com/js/replay-embed.js?version'+daily+'"></'+'script>');
</script>
