<!DOCTYPE html>
<meta charset="utf-8" />
<!-- version 1 -->
<title>RU replay: Mr.Elecsprint vs. not100bees</title>
<style>
html,body {font-family:Verdana, sans-serif;font-size:10pt;margin:0;padding:0;}body{padding:12px 0;} .battle-log {font-family:Verdana, sans-serif;font-size:10pt;} .battle-log-inline {border:1px solid #AAAAAA;background:#EEF2F5;color:black;max-width:640px;margin:0 auto 80px;padding-bottom:5px;} .battle-log .inner {padding:4px 8px 0px 8px;} .battle-log .inner-preempt {padding:0 8px 4px 8px;} .battle-log .inner-after {margin-top:0.5em;} .battle-log h2 {margin:0.5em -8px;padding:4px 8px;border:1px solid #AAAAAA;background:#E0E7EA;border-left:0;border-right:0;font-family:Verdana, sans-serif;font-size:13pt;} .battle-log .chat {vertical-align:middle;padding:3px 0 3px 0;font-size:8pt;} .battle-log .chat strong {color:#40576A;} .battle-log .chat em {padding:1px 4px 1px 3px;color:#000000;font-style:normal;} .chat.mine {background:rgba(0,0,0,0.05);margin-left:-8px;margin-right:-8px;padding-left:8px;padding-right:8px;} .spoiler {color:#BBBBBB;background:#BBBBBB;padding:0px 3px;} .spoiler:hover, .spoiler:active, .spoiler-shown {color:#000000;background:#E2E2E2;padding:0px 3px;} .spoiler a {color:#BBBBBB;} .spoiler:hover a, .spoiler:active a, .spoiler-shown a {color:#2288CC;} .chat code, .chat .spoiler:hover code, .chat .spoiler:active code, .chat .spoiler-shown code {border:1px solid #C0C0C0;background:#EEEEEE;color:black;padding:0 2px;} .chat .spoiler code {border:1px solid #CCCCCC;background:#CCCCCC;color:#CCCCCC;} .battle-log .rated {padding:3px 4px;} .battle-log .rated strong {color:white;background:#89A;padding:1px 4px;border-radius:4px;} .spacer {margin-top:0.5em;} .message-announce {background:#6688AA;color:white;padding:1px 4px 2px;} .message-announce a, .broadcast-green a, .broadcast-blue a, .broadcast-red a {color:#DDEEFF;} .broadcast-green {background-color:#559955;color:white;padding:2px 4px;} .broadcast-blue {background-color:#6688AA;color:white;padding:2px 4px;} .infobox {border:1px solid #6688AA;padding:2px 4px;} .infobox-limited {max-height:200px;overflow:auto;overflow-x:hidden;} .broadcast-red {background-color:#AA5544;color:white;padding:2px 4px;} .message-learn-canlearn {font-weight:bold;color:#228822;text-decoration:underline;} .message-learn-cannotlearn {font-weight:bold;color:#CC2222;text-decoration:underline;} .message-effect-weak {font-weight:bold;color:#CC2222;} .message-effect-resist {font-weight:bold;color:#6688AA;} .message-effect-immune {font-weight:bold;color:#666666;} .message-learn-list {margin-top:0;margin-bottom:0;} .message-throttle-notice, .message-error {color:#992222;} .message-overflow, .chat small.message-overflow {font-size:0pt;} .message-overflow::before {font-size:9pt;content:'...';} .subtle {color:#3A4A66;}
</style>
<div class="wrapper replay-wrapper" style="max-width:1180px;margin:0 auto">
<input type="hidden" name="replayid" value="ru-505670866" />
<div class="battle"></div><div class="battle-log"></div><div class="replay-controls"></div><div class="replay-controls-2"></div>
<h1 style="font-weight:normal;text-align:center"><strong>RU</strong><br /><a href="http://pokemonshowdown.com/users/mrelecsprint" class="subtle" target="_blank">Mr.Elecsprint</a> vs. <a href="http://pokemonshowdown.com/users/not100bees" class="subtle" target="_blank">not100bees</a></h1>
<script type="text/plain" class="battle-log-data">|j|Mr.Elecsprint
|j|not100bees
|player|p1|Mr.Elecsprint|153
|player|p2|not100bees|189
|gametype|singles
|gen|6
|tier|RU
|rated
|seed|63705,46447,20435,61298
|rule|Sleep Clause Mod: Limit one foe put to sleep
|rule|Species Clause: Limit one of each Pokémon
|rule|OHKO Clause: OHKO moves are banned
|rule|Moody Clause: Moody is banned
|rule|Evasion Moves Clause: Evasion moves are banned
|rule|Endless Battle Clause: Forcing endless battles is banned
|rule|HP Percentage Mod: HP is shown in percentages
|clearpoke
|poke|p1|Cacturne, M|item
|poke|p1|Camerupt, F|item
|poke|p1|Magneton|item
|poke|p1|Eelektross, F|item
|poke|p1|Hariyama, M|item
|poke|p1|Blastoise, M|item
|poke|p2|Jellicent, F|item
|poke|p2|Cofagrigus, F|item
|poke|p2|Gothitelle, F|item
|poke|p2|Eelektross, F|item
|poke|p2|Golurk|item
|poke|p2|Cinccino, M|item
|rule|Swagger Clause: Swagger is banned
|rule|Baton Pass Clause: Limit one Baton Passer, can't pass Spe and other stats simultaneously
|teampreview
|choice|team 2, team 1, team 3, team 4, team 5, team 6|team 2, team 1, team 3, team 4, team 5, team 6
|
|start
|switch|p1a: Volcano|Camerupt, F|281\/281
|switch|p2a: Cofagrigus|Cofagrigus, F|320\/320
|turn|1
|choice|move stealthrock mega|move nastyplot
|
|detailschange|p1a: Volcano|Camerupt-Mega, F
|-mega|p1a: Volcano|Camerupt|Cameruptite
|move|p1a: Volcano|Stealth Rock|p2a: Cofagrigus
|-sidestart|p2: not100bees|move: Stealth Rock
|move|p2a: Cofagrigus|Nasty Plot|p2a: Cofagrigus
|-boost|p2a: Cofagrigus|spa|2
|
|upkeep
|turn|2
|choice|move rockpolish|move nastyplot
|
|move|p1a: Volcano|Rock Polish|p1a: Volcano
|-boost|p1a: Volcano|spe|2
|move|p2a: Cofagrigus|Nasty Plot|p2a: Cofagrigus
|-boost|p2a: Cofagrigus|spa|2
|
|upkeep
|turn|3
|choice|move fireblast|move nastyplot
|
|move|p1a: Volcano|Fire Blast|p2a: Cofagrigus|[miss]
|-miss|p1a: Volcano|p2a: Cofagrigus
|move|p2a: Cofagrigus|Nasty Plot|p2a: Cofagrigus
|-boost|p2a: Cofagrigus|spa|2
|
|upkeep
|turn|4
|choice|move fireblast|move trickroom
|
|move|p1a: Volcano|Fire Blast|p2a: Cofagrigus
|-damage|p2a: Cofagrigus|40\/320
|move|p2a: Cofagrigus|Trick Room|p2a: Cofagrigus
|-fieldstart|move: Trick Room|[of] p2a: Cofagrigus
|
|-heal|p2a: Cofagrigus|60\/320|[from] item: Leftovers
|upkeep
|turn|5
|choice|move fireblast|move shadowball
|
|move|p2a: Cofagrigus|Shadow Ball|p1a: Volcano
|-damage|p1a: Volcano|0 fnt
|faint|p1a: Volcano
|
|-heal|p2a: Cofagrigus|80\/320|[from] item: Leftovers
|upkeep
|choice|switch 2|
|
|switch|p1a: Spiky! Miam!|Cacturne, M|343\/343
|turn|6
|choice|move suckerpunch|move painsplit
|
|move|p1a: Spiky! Miam!|Sucker Punch|p2a: Cofagrigus|[still]
|-fail|p1a: Spiky! Miam!
|move|p2a: Cofagrigus|Pain Split|p1a: Spiky! Miam!
|-sethp|p1a: Spiky! Miam!|211\/343|p2a: Cofagrigus|211\/320|[from] move: Pain Split
|
|-heal|p2a: Cofagrigus|231\/320|[from] item: Leftovers
|upkeep
|turn|7
|choice|move suckerpunch|move nastyplot
|
|move|p1a: Spiky! Miam!|Sucker Punch|p2a: Cofagrigus|[still]
|-fail|p1a: Spiky! Miam!
|move|p2a: Cofagrigus|Nasty Plot|p2a: Cofagrigus
|-boost|p2a: Cofagrigus|spa|0
|
|-heal|p2a: Cofagrigus|251\/320|[from] item: Leftovers
|upkeep
|turn|8
|choice|move suckerpunch|move nastyplot
|
|move|p1a: Spiky! Miam!|Sucker Punch|p2a: Cofagrigus|[still]
|-fail|p1a: Spiky! Miam!
|move|p2a: Cofagrigus|Nasty Plot|p2a: Cofagrigus
|-boost|p2a: Cofagrigus|spa|0
|
|-heal|p2a: Cofagrigus|271\/320|[from] item: Leftovers
|-fieldend|move: Trick Room
|upkeep
|turn|9
|choice|move thunderpunch|move trickroom
|
|move|p1a: Spiky! Miam!|Thunder Punch|p2a: Cofagrigus
|-damage|p2a: Cofagrigus|184\/320
|-activate|p2a: Cofagrigus|ability: Mummy|Water Absorb|[of] p1a: Spiky! Miam!
|-status|p2a: Cofagrigus|par
|-damage|p1a: Spiky! Miam!|177\/343|[from] item: Life Orb
|move|p2a: Cofagrigus|Trick Room|p2a: Cofagrigus
|-fieldstart|move: Trick Room|[of] p2a: Cofagrigus
|
|-heal|p2a: Cofagrigus|204\/320 par|[from] item: Leftovers
|upkeep
|turn|10
|choice|move suckerpunch|move nastyplot
|
|move|p1a: Spiky! Miam!|Sucker Punch|p2a: Cofagrigus|[still]
|-fail|p1a: Spiky! Miam!
|move|p2a: Cofagrigus|Nasty Plot|p2a: Cofagrigus
|-boost|p2a: Cofagrigus|spa|0
|
|-heal|p2a: Cofagrigus|224\/320 par|[from] item: Leftovers
|upkeep
|turn|11
|choice|move swordsdance|move nastyplot
|
|move|p2a: Cofagrigus|Nasty Plot|p2a: Cofagrigus
|-boost|p2a: Cofagrigus|spa|0
|move|p1a: Spiky! Miam!|Swords Dance|p1a: Spiky! Miam!
|-boost|p1a: Spiky! Miam!|atk|2
|
|-heal|p2a: Cofagrigus|244\/320 par|[from] item: Leftovers
|upkeep
|turn|12
|choice|move suckerpunch|move shadowball
|
|move|p1a: Spiky! Miam!|Sucker Punch|p2a: Cofagrigus
|-supereffective|p2a: Cofagrigus
|-damage|p2a: Cofagrigus|0 fnt
|-damage|p1a: Spiky! Miam!|143\/343|[from] item: Life Orb
|faint|p2a: Cofagrigus
|
|upkeep
|choice||switch 6
|
|switch|p2a: Cinccino|Cinccino, M|291\/291
|-damage|p2a: Cinccino|255\/291|[from] Stealth Rock
|turn|13
|c|★Mr.Elecsprint|Not on me
|choice|move drainpunch|move rockblast
|
|move|p1a: Spiky! Miam!|Drain Punch|p2a: Cinccino
|-supereffective|p2a: Cinccino
|-damage|p2a: Cinccino|0 fnt
|-heal|p1a: Spiky! Miam!|271\/343|[from] drain|[of] p2a: Cinccino
|-damage|p1a: Spiky! Miam!|237\/343|[from] item: Life Orb
|faint|p2a: Cinccino
|
|-fieldend|move: Trick Room
|upkeep
|choice||switch 4
|
|switch|p2a: Eelektross|Eelektross, F|374\/374
|-damage|p2a: Eelektross|328\/374|[from] Stealth Rock
|turn|14
|choice|move suckerpunch|move flamethrower
|
|move|p1a: Spiky! Miam!|Sucker Punch|p2a: Eelektross
|-damage|p2a: Eelektross|0 fnt
|-damage|p1a: Spiky! Miam!|203\/343|[from] item: Life Orb
|faint|p2a: Eelektross
|
|upkeep
|choice||switch 3
|
|switch|p2a: Gothitelle|Gothitelle, F|343\/343
|-damage|p2a: Gothitelle|301\/343|[from] Stealth Rock
|-item|p1a: Spiky! Miam!|Life Orb|[from] ability: Frisk|[of] p2a: Gothitelle|[identify]
|turn|15
|choice|move swordsdance|move calmmind
|
|move|p2a: Gothitelle|Calm Mind|p2a: Gothitelle
|-boost|p2a: Gothitelle|spa|1
|-boost|p2a: Gothitelle|spd|1
|move|p1a: Spiky! Miam!|Swords Dance|p1a: Spiky! Miam!
|-boost|p1a: Spiky! Miam!|atk|2
|
|upkeep
|turn|16
|choice|move swordsdance|move calmmind
|
|move|p2a: Gothitelle|Calm Mind|p2a: Gothitelle
|-boost|p2a: Gothitelle|spa|1
|-boost|p2a: Gothitelle|spd|1
|move|p1a: Spiky! Miam!|Swords Dance|p1a: Spiky! Miam!
|-boost|p1a: Spiky! Miam!|atk|2
|
|upkeep
|turn|17
|choice|move thunderpunch|move calmmind
|
|move|p2a: Gothitelle|Calm Mind|p2a: Gothitelle
|-boost|p2a: Gothitelle|spa|1
|-boost|p2a: Gothitelle|spd|1
|move|p1a: Spiky! Miam!|Thunder Punch|p2a: Gothitelle
|-damage|p2a: Gothitelle|0 fnt
|-damage|p1a: Spiky! Miam!|169\/343|[from] item: Life Orb
|faint|p2a: Gothitelle
|
|upkeep
|choice||switch 5
|
|switch|p2a: Golurk|Golurk|382\/382
|-damage|p2a: Golurk|359\/382|[from] Stealth Rock
|turn|18
|choice|move suckerpunch|move icepunch
|
|move|p1a: Spiky! Miam!|Sucker Punch|p2a: Golurk
|-supereffective|p2a: Golurk
|-damage|p2a: Golurk|0 fnt
|-damage|p1a: Spiky! Miam!|135\/343|[from] item: Life Orb
|faint|p2a: Golurk
|
|upkeep
|c|★Mr.Elecsprint|gg
|choice||switch 2
|
|switch|p2a: Jellicent|Jellicent, F|404\/404
|-damage|p2a: Jellicent|354\/404|[from] Stealth Rock
|turn|19
|j|I am sad right now
|choice|move suckerpunch|move taunt
|
|move|p1a: Spiky! Miam!|Sucker Punch|p2a: Jellicent|[still]
|-fail|p1a: Spiky! Miam!
|move|p2a: Jellicent|Taunt|p1a: Spiky! Miam!
|-start|p1a: Spiky! Miam!|move: Taunt
|
|-heal|p2a: Jellicent|379\/404|[from] item: Leftovers
|upkeep
|turn|20
|choice|move thunderpunch|move recover
|
|move|p2a: Jellicent|Recover|p2a: Jellicent
|-heal|p2a: Jellicent|404\/404
|move|p1a: Spiky! Miam!|Thunder Punch|p2a: Jellicent
|-supereffective|p2a: Jellicent
|-damage|p2a: Jellicent|0 fnt
|-damage|p1a: Spiky! Miam!|101\/343|[from] item: Life Orb
|faint|p2a: Jellicent
|
|win|Mr.Elecsprint
|player|p1
|player|p2</script>
</div>
<div class="battle-log battle-log-inline"><div class="inner"><div class="battle-options"></div><div class="inner"><div class="chat"><small>Mr.Elecsprint joined.</small></div><div class="chat"><small>not100bees joined.</small></div><div class=""><small>Format:</small> <br><strong>RU</strong></div><div class="rated"><strong>Rated battle</strong></div><div class=""><small><em>Sleep Clause Mod:</em> Limit one foe put to sleep</small></div><div class=""><small><em>Species Clause:</em> Limit one of each Pokémon</small></div><div class=""><small><em>OHKO Clause:</em> OHKO moves are banned</small></div><div class=""><small><em>Moody Clause:</em> Moody is banned</small></div><div class=""><small><em>Evasion Moves Clause:</em> Evasion moves are banned</small></div><div class=""><small><em>Endless Battle Clause:</em> Forcing endless battles is banned</small></div><div class=""><small><em>HP Percentage Mod:</em> HP is shown in percentages</small></div><div class=""><small><em>Swagger Clause:</em> Swagger is banned</small></div><div class=""><small><em>Baton Pass Clause:</em> Limit one Baton Passer, can't pass Spe and other stats simultaneously</small></div><div class="chat battle-history"><strong>Mr.Elecsprint's team:</strong> <em style="color:#445566;display:block;">Cacturne / Camerupt / Magneton / Eelektross / Hariyama / Blastoise</em></div><div class="chat battle-history"><strong>not100bees's team:</strong> <em style="color:#445566;display:block;">Jellicent / Cofagrigus / Gothitelle / Eelektross / Golurk / Cinccino</em></div><div class="spacer battle-history"><br></div><div class="battle-history">Battle started between Mr.Elecsprint and not100bees!<br></div><div class="spacer battle-history"><br></div><div class="battle-history">Go! Volcano (<strong>Camerupt</strong>)!<br></div><div class="spacer battle-history"><br></div><div class="battle-history">not100bees sent out <strong>Cofagrigus</strong>!<br></div><div class="spacer battle-history"><br></div><h2 class="battle-history">Turn 1</h2><div class="spacer battle-history"><br></div><div class="battle-history"><small>Volcano's Cameruptite is reacting to Mr.Elecsprint's Mega Bracelet!</small><br>Volcano has Mega Evolved into Mega Camerupt!<br></div><div class="spacer battle-history"><br></div><div class="battle-history">Volcano used <strong>Stealth Rock</strong>!<br></div><div class="battle-history"><small>Pointed stones float in the air around the opposing team!</small><br></div><div class="spacer battle-history"><br></div><div class="battle-history">The opposing Cofagrigus used <strong>Nasty Plot</strong>!<br></div><div class="battle-history"><small>The opposing Cofagrigus's Special Attack rose sharply!</small><br></div><div class="spacer battle-history"><br></div><h2 class="battle-history">Turn 2</h2><div class="spacer battle-history"><br></div><div class="battle-history">Volcano used <strong>Rock Polish</strong>!<br></div><div class="battle-history"><small>Volcano's Speed rose sharply!</small><br></div><div class="spacer battle-history"><br></div><div class="battle-history">The opposing Cofagrigus used <strong>Nasty Plot</strong>!<br></div><div class="battle-history"><small>The opposing Cofagrigus's Special Attack rose sharply!</small><br></div><div class="spacer battle-history"><br></div><h2 class="battle-history">Turn 3</h2><div class="spacer battle-history"><br></div><div class="battle-history">Volcano used <strong>Fire Blast</strong>!<br></div><div class="battle-history"><small>The opposing Cofagrigus avoided the attack!</small><br></div><div class="spacer battle-history"><br></div><div class="battle-history">The opposing Cofagrigus used <strong>Nasty Plot</strong>!<br></div><div class="battle-history"><small>The opposing Cofagrigus's Special Attack rose sharply!</small><br></div><div class="spacer battle-history"><br></div><h2 class="battle-history">Turn 4</h2><div class="spacer battle-history"><br></div><div class="battle-history">Volcano used <strong>Fire Blast</strong>!<br></div><div class="battle-history"><small>(The opposing Cofagrigus lost <abbr title="−280/320">87.5%</abbr> of its health!)</small><br></div><div class="spacer battle-history"><br></div><div class="battle-history">The opposing Cofagrigus used <strong>Trick Room</strong>!<br></div><div class="battle-history"><small>The opposing Cofagrigus twisted the dimensions!</small><br></div><div class="spacer battle-history"><br></div><div class="battle-history"><small>The opposing Cofagrigus restored a little HP using its Leftovers!</small><br></div><div class="spacer battle-history"><br></div><h2 class="battle-history">Turn 5</h2><div class="spacer battle-history"><br></div><div class="battle-history">The opposing Cofagrigus used <strong>Shadow Ball</strong>!<br></div><div class="battle-history"><small>(Volcano lost <abbr title="−281/281">100%</abbr> of its health!)</small><br></div><div class="spacer battle-history"><br></div><div class="battle-history">Volcano fainted!<br></div><div class="spacer battle-history"><br></div><div class="battle-history"><small>The opposing Cofagrigus restored a little HP using its Leftovers!</small><br></div><div class="spacer battle-history"><br></div><div class="battle-history">Go! Spiky! Miam! (<strong>Cacturne</strong>)!<br></div><div class="spacer battle-history"><br></div><h2 class="battle-history">Turn 6</h2><div class="spacer battle-history"><br></div><div class="battle-history">Spiky! Miam! used <strong>Sucker Punch</strong>!<br></div><div class="battle-history"><small>But it failed!</small><br></div><div class="spacer battle-history"><br></div><div class="battle-history">The opposing Cofagrigus used <strong>Pain Split</strong>!<br></div><div class="battle-history"><small>The battlers shared their pain!</small><br></div><div class="spacer battle-history"><br></div><div class="battle-history"><small>The opposing Cofagrigus restored a little HP using its Leftovers!</small><br></div><div class="spacer battle-history"><br></div><h2 class="battle-history">Turn 7</h2><div class="spacer battle-history"><br></div><div class="battle-history">Spiky! Miam! used <strong>Sucker Punch</strong>!<br></div><div class="battle-history"><small>But it failed!</small><br></div><div class="spacer battle-history"><br></div><div class="battle-history">The opposing Cofagrigus used <strong>Nasty Plot</strong>!<br></div><div class="battle-history"><small>The opposing Cofagrigus's Special Attack won't go any higher!</small><br></div><div class="spacer battle-history"><br></div><div class="battle-history"><small>The opposing Cofagrigus restored a little HP using its Leftovers!</small><br></div><div class="spacer battle-history"><br></div><h2 class="battle-history">Turn 8</h2><div class="spacer battle-history"><br></div><div class="battle-history">Spiky! Miam! used <strong>Sucker Punch</strong>!<br></div><div class="battle-history"><small>But it failed!</small><br></div><div class="spacer battle-history"><br></div><div class="battle-history">The opposing Cofagrigus used <strong>Nasty Plot</strong>!<br></div><div class="battle-history"><small>The opposing Cofagrigus's Special Attack won't go any higher!</small><br></div><div class="spacer battle-history"><br></div><div class="battle-history"><small>The opposing Cofagrigus restored a little HP using its Leftovers!</small><br></div><div class="battle-history"><small>The twisted dimensions returned to normal!</small><br></div><div class="spacer battle-history"><br></div><h2 class="battle-history">Turn 9</h2><div class="spacer battle-history"><br></div><div class="battle-history">Spiky! Miam! used <strong>Thunder Punch</strong>!<br></div><div class="battle-history"><small>(The opposing Cofagrigus lost <abbr title="−87/320">27.2%</abbr> of its health!)</small><br></div><div class="battle-history"><small>[The opposing Cofagrigus's Mummy]</small><br><small>[Spiky! Miam!'s Water Absorb]</small><br><small>[Spiky! Miam!'s Mummy]</small><br><small>Spiky! Miam!'s Ability became Mummy!</small><br></div><div class="battle-history"><small>The opposing Cofagrigus is paralyzed! It may be unable to move!</small><br></div><div class="battle-history"><small>Spiky! Miam! lost some of its HP!</small><br></div><div class="spacer battle-history"><br></div><div class="battle-history">The opposing Cofagrigus used <strong>Trick Room</strong>!<br></div><div class="battle-history"><small>The opposing Cofagrigus twisted the dimensions!</small><br></div><div class="spacer battle-history"><br></div><div class="battle-history"><small>The opposing Cofagrigus restored a little HP using its Leftovers!</small><br></div><div class="spacer battle-history"><br></div><h2 class="battle-history">Turn 10</h2><div class="spacer battle-history"><br></div><div class="battle-history">Spiky! Miam! used <strong>Sucker Punch</strong>!<br></div><div class="battle-history"><small>But it failed!</small><br></div><div class="spacer battle-history"><br></div><div class="battle-history">The opposing Cofagrigus used <strong>Nasty Plot</strong>!<br></div><div class="battle-history"><small>The opposing Cofagrigus's Special Attack won't go any higher!</small><br></div><div class="spacer battle-history"><br></div><div class="battle-history"><small>The opposing Cofagrigus restored a little HP using its Leftovers!</small><br></div><div class="spacer battle-history"><br></div><h2 class="battle-history">Turn 11</h2><div class="spacer battle-history"><br></div><div class="battle-history">The opposing Cofagrigus used <strong>Nasty Plot</strong>!<br></div><div class="battle-history"><small>The opposing Cofagrigus's Special Attack won't go any higher!</small><br></div><div class="spacer battle-history"><br></div><div class="battle-history">Spiky! Miam! used <strong>Swords Dance</strong>!<br></div><div class="battle-history"><small>Spiky! Miam!'s Attack rose sharply!</small><br></div><div class="spacer battle-history"><br></div><div class="battle-history"><small>The opposing Cofagrigus restored a little HP using its Leftovers!</small><br></div><div class="spacer battle-history"><br></div><h2 class="battle-history">Turn 12</h2><div class="spacer battle-history"><br></div><div class="battle-history">Spiky! Miam! used <strong>Sucker Punch</strong>!<br></div><div class="battle-history"><small>It's super effective!</small><br></div><div class="battle-history"><small>(The opposing Cofagrigus lost <abbr title="−244/320">76.3%</abbr> of its health!)</small><br></div><div class="battle-history"><small>Spiky! Miam! lost some of its HP!</small><br></div><div class="spacer battle-history"><br></div><div class="battle-history">The opposing Cofagrigus fainted!<br></div><div class="spacer battle-history"><br></div><div class="battle-history">not100bees sent out <strong>Cinccino</strong>!<br></div><div class="battle-history"><small>Pointed stones dug into the opposing Cinccino!</small><br></div><div class="spacer battle-history"><br></div><h2 class="battle-history">Turn 13</h2><div class="chat chatmessage-mrelecsprint"><strong style="color:hsl(87,52%,42.63530964887072%)"><small>★</small><span class="username" data-name="Mr.Elecsprint">Mr.Elecsprint</span>:</strong> <em>Not on me</em></div><div class="spacer battle-history"><br></div><div class="battle-history">Spiky! Miam! used <strong>Drain Punch</strong>!<br></div><div class="battle-history"><small>It's super effective!</small><br></div><div class="battle-history"><small>(The opposing Cinccino lost <abbr title="−255/291">87.6%</abbr> of its health!)</small><br></div><div class="battle-history"><small>The opposing Cinccino had its energy drained!</small><br></div><div class="battle-history"><small>Spiky! Miam! lost some of its HP!</small><br></div><div class="spacer battle-history"><br></div><div class="battle-history">The opposing Cinccino fainted!<br></div><div class="spacer battle-history"><br></div><div class="battle-history"><small>The twisted dimensions returned to normal!</small><br></div><div class="spacer battle-history"><br></div><div class="battle-history">not100bees sent out <strong>Eelektross</strong>!<br></div><div class="battle-history"><small>Pointed stones dug into the opposing Eelektross!</small><br></div><div class="spacer battle-history"><br></div><h2 class="battle-history">Turn 14</h2><div class="spacer battle-history"><br></div><div class="battle-history">Spiky! Miam! used <strong>Sucker Punch</strong>!<br></div><div class="battle-history"><small>(The opposing Eelektross lost <abbr title="−328/374">87.7%</abbr> of its health!)</small><br></div><div class="battle-history"><small>Spiky! Miam! lost some of its HP!</small><br></div><div class="spacer battle-history"><br></div><div class="battle-history">The opposing Eelektross fainted!<br></div><div class="spacer battle-history"><br></div><div class="battle-history">not100bees sent out <strong>Gothitelle</strong>!<br></div><div class="battle-history"><small>Pointed stones dug into the opposing Gothitelle!</small><br></div><div class="battle-history"><small>[The opposing Gothitelle's Frisk]</small><br><small>The opposing Gothitelle frisked Spiky! Miam! and found its Life Orb!</small><br></div><div class="spacer battle-history"><br></div><h2 class="battle-history">Turn 15</h2><div class="spacer battle-history"><br></div><div class="battle-history">The opposing Gothitelle used <strong>Calm Mind</strong>!<br></div><div class="battle-history"><small>The opposing Gothitelle's Special Attack rose!</small><br></div><div class="battle-history"><small>The opposing Gothitelle's Special Defense rose!</small><br></div><div class="spacer battle-history"><br></div><div class="battle-history">Spiky! Miam! used <strong>Swords Dance</strong>!<br></div><div class="battle-history"><small>Spiky! Miam!'s Attack rose sharply!</small><br></div><div class="spacer battle-history"><br></div><h2 class="battle-history">Turn 16</h2><div class="spacer battle-history"><br></div><div class="battle-history">The opposing Gothitelle used <strong>Calm Mind</strong>!<br></div><div class="battle-history"><small>The opposing Gothitelle's Special Attack rose!</small><br></div><div class="battle-history"><small>The opposing Gothitelle's Special Defense rose!</small><br></div><div class="spacer battle-history"><br></div><div class="battle-history">Spiky! Miam! used <strong>Swords Dance</strong>!<br></div><div class="battle-history"><small>Spiky! Miam!'s Attack rose sharply!</small><br></div><div class="spacer battle-history"><br></div><h2 class="battle-history">Turn 17</h2><div class="spacer battle-history"><br></div><div class="battle-history">The opposing Gothitelle used <strong>Calm Mind</strong>!<br></div><div class="battle-history"><small>The opposing Gothitelle's Special Attack rose!</small><br></div><div class="battle-history"><small>The opposing Gothitelle's Special Defense rose!</small><br></div><div class="spacer battle-history"><br></div><div class="battle-history">Spiky! Miam! used <strong>Thunder Punch</strong>!<br></div><div class="battle-history"><small>(The opposing Gothitelle lost <abbr title="−301/343">87.8%</abbr> of its health!)</small><br></div><div class="battle-history"><small>Spiky! Miam! lost some of its HP!</small><br></div><div class="spacer battle-history"><br></div><div class="battle-history">The opposing Gothitelle fainted!<br></div><div class="spacer battle-history"><br></div><div class="battle-history">not100bees sent out <strong>Golurk</strong>!<br></div><div class="battle-history"><small>Pointed stones dug into the opposing Golurk!</small><br></div><div class="spacer battle-history"><br></div><h2 class="battle-history">Turn 18</h2><div class="spacer battle-history"><br></div><div class="battle-history">Spiky! Miam! used <strong>Sucker Punch</strong>!<br></div><div class="battle-history"><small>It's super effective!</small><br></div><div class="battle-history"><small>(The opposing Golurk lost <abbr title="−359/382">94.0%</abbr> of its health!)</small><br></div><div class="battle-history"><small>Spiky! Miam! lost some of its HP!</small><br></div><div class="spacer battle-history"><br></div><div class="battle-history">The opposing Golurk fainted!<br></div><div class="chat chatmessage-mrelecsprint"><strong style="color:hsl(87,52%,42.63530964887072%)"><small>★</small><span class="username" data-name="Mr.Elecsprint">Mr.Elecsprint</span>:</strong> <em>gg</em></div><div class="spacer battle-history"><br></div><div class="battle-history">not100bees sent out <strong>Jellicent</strong>!<br></div><div class="battle-history"><small>Pointed stones dug into the opposing Jellicent!</small><br></div><div class="spacer battle-history"><br></div><h2 class="battle-history">Turn 19</h2><div class="chat"><small>I am sad right now joined.</small></div><div class="spacer battle-history"><br></div><div class="battle-history">Spiky! Miam! used <strong>Sucker Punch</strong>!<br></div><div class="battle-history"><small>But it failed!</small><br></div><div class="spacer battle-history"><br></div><div class="battle-history">The opposing Jellicent used <strong>Taunt</strong>!<br></div><div class="battle-history"><small>Spiky! Miam! fell for the taunt!</small><br></div><div class="spacer battle-history"><br></div><div class="battle-history"><small>The opposing Jellicent restored a little HP using its Leftovers!</small><br></div><div class="spacer battle-history"><br></div><h2 class="battle-history">Turn 20</h2><div class="spacer battle-history"><br></div><div class="battle-history">The opposing Jellicent used <strong>Recover</strong>!<br></div><div class="battle-history"><small>The opposing Jellicent restored its HP.</small><br></div><div class="spacer battle-history"><br></div><div class="battle-history">Spiky! Miam! used <strong>Thunder Punch</strong>!<br></div><div class="battle-history"><small>It's super effective!</small><br></div><div class="battle-history"><small>(The opposing Jellicent lost <abbr title="−404/404">100%</abbr> of its health!)</small><br></div><div class="battle-history"><small>Spiky! Miam! lost some of its HP!</small><br></div><div class="spacer battle-history"><br></div><div class="battle-history">The opposing Jellicent fainted!<br></div><div class="spacer battle-history"><br></div><div class="battle-history"><strong>Mr.Elecsprint</strong> won the battle!<br></div></div><div class="inner-preempt"></div></div></div>
</div>
<script>
let daily = Math.floor(Date.now()/1000/60/60/24);document.write('<script src="https://play.pokemonshowdown.com/js/replay-embed.js?version'+daily+'"></'+'script>');
</script>
