<!DOCTYPE html>
<meta charset="utf-8" />
<!-- version 1 -->
<title>RU replay: LCezasfuck vs. solgaleo177</title>
<style>
html,body {font-family:Verdana, sans-serif;font-size:10pt;margin:0;padding:0;}body{padding:12px 0;} .battle-log {font-family:Verdana, sans-serif;font-size:10pt;} .battle-log-inline {border:1px solid #AAAAAA;background:#EEF2F5;color:black;max-width:640px;margin:0 auto 80px;padding-bottom:5px;} .battle-log .inner {padding:4px 8px 0px 8px;} .battle-log .inner-preempt {padding:0 8px 4px 8px;} .battle-log .inner-after {margin-top:0.5em;} .battle-log h2 {margin:0.5em -8px;padding:4px 8px;border:1px solid #AAAAAA;background:#E0E7EA;border-left:0;border-right:0;font-family:Verdana, sans-serif;font-size:13pt;} .battle-log .chat {vertical-align:middle;padding:3px 0 3px 0;font-size:8pt;} .battle-log .chat strong {color:#40576A;} .battle-log .chat em {padding:1px 4px 1px 3px;color:#000000;font-style:normal;} .chat.mine {background:rgba(0,0,0,0.05);margin-left:-8px;margin-right:-8px;padding-left:8px;padding-right:8px;} .spoiler {color:#BBBBBB;background:#BBBBBB;padding:0px 3px;} .spoiler:hover, .spoiler:active, .spoiler-shown {color:#000000;background:#E2E2E2;padding:0px 3px;} .spoiler a {color:#BBBBBB;} .spoiler:hover a, .spoiler:active a, .spoiler-shown a {color:#2288CC;} .chat code, .chat .spoiler:hover code, .chat .spoiler:active code, .chat .spoiler-shown code {border:1px solid #C0C0C0;background:#EEEEEE;color:black;padding:0 2px;} .chat .spoiler code {border:1px solid #CCCCCC;background:#CCCCCC;color:#CCCCCC;} .battle-log .rated {padding:3px 4px;} .battle-log .rated strong {color:white;background:#89A;padding:1px 4px;border-radius:4px;} .spacer {margin-top:0.5em;} .message-announce {background:#6688AA;color:white;padding:1px 4px 2px;} .message-announce a, .broadcast-green a, .broadcast-blue a, .broadcast-red a {color:#DDEEFF;} .broadcast-green {background-color:#559955;color:white;padding:2px 4px;} .broadcast-blue {background-color:#6688AA;color:white;padding:2px 4px;} .infobox {border:1px solid #6688AA;padding:2px 4px;} .infobox-limited {max-height:200px;overflow:auto;overflow-x:hidden;} .broadcast-red {background-color:#AA5544;color:white;padding:2px 4px;} .message-learn-canlearn {font-weight:bold;color:#228822;text-decoration:underline;} .message-learn-cannotlearn {font-weight:bold;color:#CC2222;text-decoration:underline;} .message-effect-weak {font-weight:bold;color:#CC2222;} .message-effect-resist {font-weight:bold;color:#6688AA;} .message-effect-immune {font-weight:bold;color:#666666;} .message-learn-list {margin-top:0;margin-bottom:0;} .message-throttle-notice, .message-error {color:#992222;} .message-overflow, .chat small.message-overflow {font-size:0pt;} .message-overflow::before {font-size:9pt;content:'...';} .subtle {color:#3A4A66;}
</style>
<div class="wrapper replay-wrapper" style="max-width:1180px;margin:0 auto">
<input type="hidden" name="replayid" value="ru-500780776" />
<div class="battle"></div><div class="battle-log"></div><div class="replay-controls"></div><div class="replay-controls-2"></div>
<h1 style="font-weight:normal;text-align:center"><strong>RU</strong><br /><a href="http://pokemonshowdown.com/users/lcezasfuck" class="subtle" target="_blank">LCezasfuck</a> vs. <a href="http://pokemonshowdown.com/users/solgaleo177" class="subtle" target="_blank">solgaleo177</a></h1>
<script type="text/plain" class="battle-log-data">|j|LCezasfuck
|j|solgaleo177
|player|p1|LCezasfuck|184
|player|p2|solgaleo177|102
|gametype|singles
|gen|6
|tier|RU
|rated
|seed|28269,41474,65516,13323
|rule|Sleep Clause Mod: Limit one foe put to sleep
|rule|Species Clause: Limit one of each Pokémon
|rule|OHKO Clause: OHKO moves are banned
|rule|Moody Clause: Moody is banned
|rule|Evasion Moves Clause: Evasion moves are banned
|rule|Endless Battle Clause: Forcing endless battles is banned
|rule|HP Percentage Mod: HP is shown in percentages
|clearpoke
|poke|p1|Alomomola, F|item
|poke|p1|Togetic, M|item
|poke|p1|Bronzong|item
|poke|p1|Virizion|item
|poke|p1|Glalie, M|item
|poke|p1|Hitmontop, M|item
|poke|p2|Braviary, M|item
|poke|p2|Zebstrika, F|item
|poke|p2|Jellicent, M|item
|poke|p2|Bastiodon, F|item
|poke|p2|Flygon, F|item
|poke|p2|Mismagius, M|item
|rule|Swagger Clause: Swagger is banned
|rule|Baton Pass Clause: Limit one Baton Passer, can't pass Spe and other stats simultaneously
|teampreview
|choice|team 6, team 2, team 3, team 4, team 5, team 1|team 4, team 2, team 3, team 1, team 5, team 6
|
|start
|switch|p1a: Bulk up sweep mach|Hitmontop, M|304\/304
|switch|p2a: Bastiodon|Bastiodon, F|324\/324
|-ability|p1a: Bulk up sweep mach|Intimidate|boost
|-unboost|p2a: Bastiodon|atk|1
|turn|1
|choice|switch 6|switch 6
|
|switch|p1a: Bored world|Alomomola, F|534\/534
|switch|p2a: Mismagius|Mismagius, M|324\/324
|
|upkeep
|turn|2
|choice|move scald|move taunt
|
|move|p2a: Mismagius|Taunt|p1a: Bored world
|-start|p1a: Bored world|move: Taunt
|move|p1a: Bored world|Scald|p2a: Mismagius
|-damage|p2a: Mismagius|278\/324
|
|-heal|p2a: Mismagius|298\/324|[from] item: Leftovers
|upkeep
|turn|3
|choice|switch 6|move willowisp
|
|switch|p1a: Bulk up sweep mach|Hitmontop, M|304\/304
|-ability|p1a: Bulk up sweep mach|Intimidate|boost
|-unboost|p2a: Mismagius|atk|1
|move|p2a: Mismagius|Will-O-Wisp|p1a: Bulk up sweep mach
|-status|p1a: Bulk up sweep mach|brn
|
|-heal|p2a: Mismagius|318\/324|[from] item: Leftovers
|-damage|p1a: Bulk up sweep mach|266\/304 brn|[from] brn
|upkeep
|turn|4
|c|★LCezasfuck|...
|choice|move toxic|move hex
|
|move|p2a: Mismagius|Hex|p1a: Bulk up sweep mach
|-damage|p1a: Bulk up sweep mach|121\/304 brn
|move|p1a: Bulk up sweep mach|Toxic|p2a: Mismagius
|-status|p2a: Mismagius|tox
|
|-heal|p2a: Mismagius|324\/324 tox|[from] item: Leftovers
|-heal|p1a: Bulk up sweep mach|140\/304 brn|[from] item: Leftovers
|-damage|p2a: Mismagius|304\/324 tox|[from] psn
|-damage|p1a: Bulk up sweep mach|102\/304 brn|[from] brn
|upkeep
|turn|5
|choice|switch 2|move hex
|
|switch|p1a: I hate my life|Togetic, M|314\/314
|move|p2a: Mismagius|Hex|p1a: I hate my life
|-damage|p1a: I hate my life|278\/314
|
|-heal|p2a: Mismagius|324\/324 tox|[from] item: Leftovers
|-damage|p2a: Mismagius|284\/324 tox|[from] psn
|upkeep
|turn|6
|choice|move healbell|switch 6
|
|switch|p2a: Bastiodon|Bastiodon, F|324\/324
|move|p1a: I hate my life|Heal Bell|p1a: I hate my life
|-activate|p1a: I hate my life|move: Heal Bell
|-curestatus|p1: Bulk up sweep mach|brn|[msg]
|
|upkeep
|turn|7
|choice|move flamethrower|move stealthrock
|
|move|p1a: I hate my life|Flamethrower|p2a: Bastiodon
|-damage|p2a: Bastiodon|286\/324
|move|p2a: Bastiodon|Stealth Rock|p1a: I hate my life
|-sidestart|p1: LCezasfuck|move: Stealth Rock
|
|-heal|p2a: Bastiodon|306\/324|[from] item: Leftovers
|upkeep
|turn|8
|choice|move defog|move roar
|
|move|p1a: I hate my life|Defog|p2a: Bastiodon
|-unboost|p2a: Bastiodon|evasion|1
|-sideend|p1: LCezasfuck|Stealth Rock|[from] move: Defog|[of] p1a: I hate my life
|move|p2a: Bastiodon|Roar|p1a: I hate my life
|drag|p1a: U know my pain?|Bronzong|338\/338
|
|-heal|p2a: Bastiodon|324\/324|[from] item: Leftovers
|upkeep
|turn|9
|choice|move stealthrock|move magiccoat
|
|move|p2a: Bastiodon|Magic Coat|p2a: Bastiodon
|-singleturn|p2a: Bastiodon|move: Magic Coat
|move|p1a: U know my pain?|Stealth Rock|p2a: Bastiodon
|move|p2a: Bastiodon|Stealth Rock|p1a: U know my pain?|[from]Magic Coat
|-sidestart|p1: LCezasfuck|move: Stealth Rock
|
|upkeep
|turn|10
|choice|move lightscreen|move magiccoat
|
|move|p2a: Bastiodon|Magic Coat|p2a: Bastiodon
|-singleturn|p2a: Bastiodon|move: Magic Coat
|move|p1a: U know my pain?|Light Screen|p1a: U know my pain?
|-sidestart|p1: LCezasfuck|move: Light Screen
|
|upkeep
|turn|11
|choice|switch 6|move roar
|
|switch|p1a: Bored world|Alomomola, F|534\/534
|-damage|p1a: Bored world|468\/534|[from] Stealth Rock
|move|p2a: Bastiodon|Roar|p1a: Bored world
|drag|p1a: StallBreaker|Glalie, M|301\/301
|-damage|p1a: StallBreaker|226\/301|[from] Stealth Rock
|
|upkeep
|turn|12
|choice|move earthquake mega|move roar
|
|detailschange|p1a: StallBreaker|Glalie-Mega, M
|-mega|p1a: StallBreaker|Glalie|Glalitite
|move|p1a: StallBreaker|Earthquake|p2a: Bastiodon
|-supereffective|p2a: Bastiodon
|-damage|p2a: Bastiodon|72\/324
|move|p2a: Bastiodon|Roar|p1a: StallBreaker
|drag|p1a: Bored world|Alomomola, F|534\/534
|-damage|p1a: Bored world|468\/534|[from] Stealth Rock
|
|-heal|p2a: Bastiodon|92\/324|[from] item: Leftovers
|upkeep
|turn|13
|choice|move wish|move taunt
|
|move|p1a: Bored world|Wish|p1a: Bored world
|move|p2a: Bastiodon|Taunt|p1a: Bored world
|-start|p1a: Bored world|move: Taunt
|
|-heal|p2a: Bastiodon|112\/324|[from] item: Leftovers
|upkeep
|turn|14
|choice|move scald|move roar
|
|move|p1a: Bored world|Scald|p2a: Bastiodon
|-supereffective|p2a: Bastiodon
|-damage|p2a: Bastiodon|56\/324
|move|p2a: Bastiodon|Roar|p1a: Bored world
|drag|p1a: I hate my life|Togetic, M|278\/314
|-damage|p1a: I hate my life|200\/314|[from] Stealth Rock
|
|-heal|p1a: I hate my life|314\/314|[from] move: Wish|[wisher] Bored world
|-heal|p2a: Bastiodon|76\/324|[from] item: Leftovers
|-sideend|p1: LCezasfuck|move: Light Screen
|upkeep
|turn|15
|choice|move defog|move roar
|
|move|p1a: I hate my life|Defog|p2a: Bastiodon
|-unboost|p2a: Bastiodon|evasion|1
|-sideend|p1: LCezasfuck|Stealth Rock|[from] move: Defog|[of] p1a: I hate my life
|move|p2a: Bastiodon|Roar|p1a: I hate my life
|drag|p1a: Bored world|Alomomola, F|534\/534
|
|-heal|p2a: Bastiodon|96\/324|[from] item: Leftovers
|upkeep
|turn|16
|choice|move scald|move stealthrock
|
|move|p1a: Bored world|Scald|p2a: Bastiodon
|-supereffective|p2a: Bastiodon
|-damage|p2a: Bastiodon|42\/324
|-status|p2a: Bastiodon|brn
|move|p2a: Bastiodon|Stealth Rock|p1a: Bored world
|-sidestart|p1: LCezasfuck|move: Stealth Rock
|
|-heal|p2a: Bastiodon|62\/324 brn|[from] item: Leftovers
|-damage|p2a: Bastiodon|22\/324 brn|[from] brn
|upkeep
|turn|17
|choice|move wish|move roar
|
|move|p1a: Bored world|Wish|p1a: Bored world
|move|p2a: Bastiodon|Roar|p1a: Bored world
|drag|p1a: Bulk up sweep mach|Hitmontop, M|102\/304
|-damage|p1a: Bulk up sweep mach|83\/304|[from] Stealth Rock
|-ability|p1a: Bulk up sweep mach|Intimidate|boost
|-unboost|p2a: Bastiodon|atk|1
|
|-heal|p1a: Bulk up sweep mach|102\/304|[from] item: Leftovers
|-heal|p2a: Bastiodon|42\/324 brn|[from] item: Leftovers
|-damage|p2a: Bastiodon|2\/324 brn|[from] brn
|upkeep
|turn|18
|choice|move rapidspin|move taunt
|
|move|p1a: Bulk up sweep mach|Rapid Spin|p2a: Bastiodon
|-resisted|p2a: Bastiodon
|-damage|p2a: Bastiodon|0 fnt
|-sideend|p1: LCezasfuck|Stealth Rock|[from] move: Rapid Spin|[of] p1a: Bulk up sweep mach
|faint|p2a: Bastiodon
|
|-heal|p1a: Bulk up sweep mach|304\/304|[from] move: Wish|[wisher] Bored world
|upkeep
|choice||switch 4
|
|switch|p2a: Braviary|Braviary, M|341\/341
|turn|19
|choice|move toxic|move uturn
|
|move|p2a: Braviary|U-turn|p1a: Bulk up sweep mach
|-resisted|p1a: Bulk up sweep mach
|-damage|p1a: Bulk up sweep mach|269\/304
|choice||switch 6
|
|switch|p2a: Mismagius|Mismagius, M|284\/324 tox
|move|p1a: Bulk up sweep mach|Toxic|p2a: Mismagius
|-fail|p2a: Mismagius|tox
|
|-heal|p2a: Mismagius|304\/324 tox|[from] item: Leftovers
|-heal|p1a: Bulk up sweep mach|288\/304|[from] item: Leftovers
|-damage|p2a: Mismagius|284\/324 tox|[from] psn
|upkeep
|turn|20
|choice|switch 3|move taunt
|
|switch|p1a: I hate my life|Togetic, M|314\/314
|move|p2a: Mismagius|Taunt|p1a: I hate my life
|-start|p1a: I hate my life|move: Taunt
|
|-heal|p2a: Mismagius|304\/324 tox|[from] item: Leftovers
|-damage|p2a: Mismagius|264\/324 tox|[from] psn
|upkeep
|turn|21
|choice|switch 2|move painsplit
|
|switch|p1a: Bored world|Alomomola, F|534\/534
|move|p2a: Mismagius|Pain Split|p1a: Bored world
|-sethp|p1a: Bored world|399\/534|p2a: Mismagius|324\/324 tox|[from] move: Pain Split
|
|-damage|p2a: Mismagius|264\/324 tox|[from] psn
|upkeep
|turn|22
|choice|move protect|move painsplit
|
|move|p1a: Bored world|Protect|p1a: Bored world
|-singleturn|p1a: Bored world|Protect
|move|p2a: Mismagius|Pain Split|p1a: Bored world
|-activate|p1a: Bored world|move: Protect
|
|-heal|p2a: Mismagius|284\/324 tox|[from] item: Leftovers
|-damage|p2a: Mismagius|204\/324 tox|[from] psn
|upkeep
|turn|23
|choice|move wish|move painsplit
|
|move|p2a: Mismagius|Pain Split|p1a: Bored world
|-sethp|p1a: Bored world|301\/534|p2a: Mismagius|301\/324 tox|[from] move: Pain Split
|move|p1a: Bored world|Wish|p1a: Bored world
|
|-heal|p2a: Mismagius|321\/324 tox|[from] item: Leftovers
|-damage|p2a: Mismagius|221\/324 tox|[from] psn
|upkeep
|turn|24
|choice|switch 5|move painsplit
|
|switch|p1a: StallBreaker|Glalie-Mega, M|226\/301
|move|p2a: Mismagius|Pain Split|p1a: StallBreaker
|-sethp|p1a: StallBreaker|223\/301|p2a: Mismagius|223\/324 tox|[from] move: Pain Split
|
|-heal|p1a: StallBreaker|301\/301|[from] move: Wish|[wisher] Bored world
|-heal|p2a: Mismagius|243\/324 tox|[from] item: Leftovers
|-damage|p2a: Mismagius|123\/324 tox|[from] psn
|upkeep
|turn|25
|choice|move spikes|move willowisp
|
|move|p2a: Mismagius|Will-O-Wisp|p1a: StallBreaker
|-status|p1a: StallBreaker|brn
|move|p1a: StallBreaker|Spikes|p2a: Mismagius
|-sidestart|p2: solgaleo177|Spikes
|
|-heal|p2a: Mismagius|143\/324 tox|[from] item: Leftovers
|-damage|p2a: Mismagius|3\/324 tox|[from] psn
|-damage|p1a: StallBreaker|264\/301 brn|[from] brn
|upkeep
|turn|26
|choice|move iceshard|move painsplit
|
|move|p1a: StallBreaker|Ice Shard|p2a: Mismagius
|-damage|p2a: Mismagius|0 fnt
|faint|p2a: Mismagius
|
|-damage|p1a: StallBreaker|227\/301 brn|[from] brn
|upkeep
|choice||switch 6
|
|switch|p2a: Braviary|Braviary, M|341\/341
|turn|27
|choice|switch 5|move superpower
|
|switch|p1a: Bored world|Alomomola, F|479\/534
|move|p2a: Braviary|Superpower|p1a: Bored world
|-damage|p1a: Bored world|364\/534
|-damage|p2a: Braviary|285\/341|[from] item: Rocky Helmet|[of] p1a: Bored world
|-unboost|p2a: Braviary|atk|1
|-unboost|p2a: Braviary|def|1
|
|upkeep
|turn|28
|choice|move toxic|switch 2
|
|switch|p2a: Zebstrika|Zebstrika, F|291\/291
|-damage|p2a: Zebstrika|255\/291|[from] Spikes
|move|p1a: Bored world|Toxic|p2a: Zebstrika
|-status|p2a: Zebstrika|tox
|
|-damage|p2a: Zebstrika|237\/291 tox|[from] psn
|upkeep
|turn|29
|choice|move protect|move thunderbolt
|
|move|p1a: Bored world|Protect|p1a: Bored world
|-singleturn|p1a: Bored world|Protect
|move|p2a: Zebstrika|Thunderbolt|p1a: Bored world
|-activate|p1a: Bored world|move: Protect
|
|-damage|p2a: Zebstrika|201\/291 tox|[from] psn
|upkeep
|turn|30
|c|★solgaleo177|good stall
|choice|switch 6|move thunderbolt
|
|switch|p1a: U know my pain?|Bronzong|338\/338
|move|p2a: Zebstrika|Thunderbolt|p1a: U know my pain?
|-damage|p1a: U know my pain?|224\/338
|
|-heal|p1a: U know my pain?|245\/338|[from] item: Leftovers
|-damage|p2a: Zebstrika|147\/291 tox|[from] psn
|upkeep
|turn|31
|choice|switch 2|switch 5
|
|switch|p2a: Flygon|Flygon, F|301\/301
|switch|p1a: I hate my life|Togetic, M|314\/314
|
|upkeep
|turn|32
|choice|move healbell|move uturn
|
|move|p2a: Flygon|U-turn|p1a: I hate my life
|-resisted|p1a: I hate my life
|-damage|p1a: I hate my life|297\/314
|-damage|p2a: Flygon|271\/301|[from] item: Life Orb
|choice||switch 5
|
|switch|p2a: Zebstrika|Zebstrika, F|147\/291 tox
|-damage|p2a: Zebstrika|111\/291 tox|[from] Spikes
|move|p1a: I hate my life|Heal Bell|p1a: I hate my life
|-activate|p1a: I hate my life|move: Heal Bell
|-curestatus|p1: StallBreaker|brn|[msg]
|
|-damage|p2a: Zebstrika|93\/291 tox|[from] psn
|upkeep
|turn|33
|choice|move roost|move voltswitch
|
|move|p2a: Zebstrika|Volt Switch|p1a: I hate my life
|-supereffective|p1a: I hate my life
|-damage|p1a: I hate my life|171\/314
|choice||switch 2
|
|switch|p2a: Braviary|Braviary, M|285\/341
|move|p1a: I hate my life|Roost|p1a: I hate my life
|-heal|p1a: I hate my life|314\/314
|
|upkeep
|turn|34
|choice|switch 6|move bravebird
|
|switch|p1a: Bored world|Alomomola, F|534\/534
|move|p2a: Braviary|Brave Bird|p1a: Bored world
|-damage|p1a: Bored world|356\/534
|-damage|p2a: Braviary|229\/341|[from] item: Rocky Helmet|[of] p1a: Bored world
|-damage|p2a: Braviary|170\/341|[from] recoil|[of] p1a: Bored world
|
|upkeep
|turn|35
|-message|solgaleo177 forfeited.
|
|win|LCezasfuck
|player|p1
|player|p2
|l|solgaleo177
|raw|LCezasfuck's rating: 1604 &rarr; <strong>1607<\/strong><br \/>(+3 for winning)
|raw|solgaleo177's rating: 1193 &rarr; <strong>1189<\/strong><br \/>(-4 for losing)</script>
</div>
<div class="battle-log battle-log-inline"><div class="inner"><div class="battle-options"></div><div class="inner"><div class="chat"><small>LCezasfuck joined.</small></div><div class="chat"><small>solgaleo177 joined.</small></div><div class=""><small>Format:</small> <br><strong>RU</strong></div><div class="rated"><strong>Rated battle</strong></div><div class=""><small><em>Sleep Clause Mod:</em> Limit one foe put to sleep</small></div><div class=""><small><em>Species Clause:</em> Limit one of each Pokémon</small></div><div class=""><small><em>OHKO Clause:</em> OHKO moves are banned</small></div><div class=""><small><em>Moody Clause:</em> Moody is banned</small></div><div class=""><small><em>Evasion Moves Clause:</em> Evasion moves are banned</small></div><div class=""><small><em>Endless Battle Clause:</em> Forcing endless battles is banned</small></div><div class=""><small><em>HP Percentage Mod:</em> HP is shown in percentages</small></div><div class=""><small><em>Swagger Clause:</em> Swagger is banned</small></div><div class=""><small><em>Baton Pass Clause:</em> Limit one Baton Passer, can't pass Spe and other stats simultaneously</small></div><div class="chat battle-history"><strong>LCezasfuck's team:</strong> <em style="color:#445566;display:block;">Alomomola / Togetic / Bronzong / Virizion / Glalie / Hitmontop</em></div><div class="chat battle-history"><strong>solgaleo177's team:</strong> <em style="color:#445566;display:block;">Braviary / Zebstrika / Jellicent / Bastiodon / Flygon / Mismagius</em></div><div class="spacer battle-history"><br></div><div class="battle-history">Battle started between LCezasfuck and solgaleo177!<br></div><div class="spacer battle-history"><br></div><div class="battle-history">Go! Bulk up sweep mach (<strong>Hitmontop</strong>)!<br></div><div class="spacer battle-history"><br></div><div class="battle-history">solgaleo177 sent out <strong>Bastiodon</strong>!<br></div><div class="battle-history"><small>[Bulk up sweep mach's Intimidate]</small><br></div><div class="battle-history"><small>The opposing Bastiodon's Attack fell!</small><br></div><div class="spacer battle-history"><br></div><h2 class="battle-history">Turn 1</h2><div class="spacer battle-history"><br></div><div class="battle-history">Bulk up sweep mach, come back!<br></div><div class="battle-history">Go! Bored world (<strong>Alomomola</strong>)!<br></div><div class="spacer battle-history"><br></div><div class="battle-history">solgaleo177 withdrew Bastiodon!<br></div><div class="battle-history">solgaleo177 sent out <strong>Mismagius</strong>!<br></div><div class="spacer battle-history"><br></div><h2 class="battle-history">Turn 2</h2><div class="spacer battle-history"><br></div><div class="battle-history">The opposing Mismagius used <strong>Taunt</strong>!<br></div><div class="battle-history"><small>Bored world fell for the taunt!</small><br></div><div class="spacer battle-history"><br></div><div class="battle-history">Bored world used <strong>Scald</strong>!<br></div><div class="battle-history"><small>(The opposing Mismagius lost <abbr title="−46/324">14.2%</abbr> of its health!)</small><br></div><div class="spacer battle-history"><br></div><div class="battle-history"><small>The opposing Mismagius restored a little HP using its Leftovers!</small><br></div><div class="spacer battle-history"><br></div><h2 class="battle-history">Turn 3</h2><div class="spacer battle-history"><br></div><div class="battle-history">Bored world, come back!<br></div><div class="battle-history">Go! Bulk up sweep mach (<strong>Hitmontop</strong>)!<br></div><div class="battle-history"><small>[Bulk up sweep mach's Intimidate]</small><br></div><div class="battle-history"><small>The opposing Mismagius's Attack fell!</small><br></div><div class="spacer battle-history"><br></div><div class="battle-history">The opposing Mismagius used <strong>Will-O-Wisp</strong>!<br></div><div class="battle-history"><small>Bulk up sweep mach was burned!</small><br></div><div class="spacer battle-history"><br></div><div class="battle-history"><small>The opposing Mismagius restored a little HP using its Leftovers!</small><br></div><div class="battle-history"><small>Bulk up sweep mach was hurt by its burn!</small><br></div><div class="spacer battle-history"><br></div><h2 class="battle-history">Turn 4</h2><div class="chat chatmessage-lcezasfuck"><strong style="color:hsl(63,60%,38.09380051909%)"><small>★</small><span class="username" data-name="LCezasfuck">LCezasfuck</span>:</strong> <em>...</em></div><div class="spacer battle-history"><br></div><div class="battle-history">The opposing Mismagius used <strong>Hex</strong>!<br></div><div class="battle-history"><small>(Bulk up sweep mach lost <abbr title="−145/304">47.7%</abbr> of its health!)</small><br></div><div class="spacer battle-history"><br></div><div class="battle-history">Bulk up sweep mach used <strong>Toxic</strong>!<br></div><div class="battle-history"><small>The opposing Mismagius was badly poisoned!</small><br></div><div class="spacer battle-history"><br></div><div class="battle-history"><small>The opposing Mismagius restored a little HP using its Leftovers!</small><br></div><div class="battle-history"><small>Bulk up sweep mach restored a little HP using its Leftovers!</small><br></div><div class="battle-history"><small>The opposing Mismagius was hurt by poison!</small><br></div><div class="battle-history"><small>Bulk up sweep mach was hurt by its burn!</small><br></div><div class="spacer battle-history"><br></div><h2 class="battle-history">Turn 5</h2><div class="spacer battle-history"><br></div><div class="battle-history">Bulk up sweep mach, come back!<br></div><div class="battle-history">Go! I hate my life (<strong>Togetic</strong>)!<br></div><div class="spacer battle-history"><br></div><div class="battle-history">The opposing Mismagius used <strong>Hex</strong>!<br></div><div class="battle-history"><small>(I hate my life lost <abbr title="−36/314">11.5%</abbr> of its health!)</small><br></div><div class="spacer battle-history"><br></div><div class="battle-history"><small>The opposing Mismagius restored a little HP using its Leftovers!</small><br></div><div class="battle-history"><small>The opposing Mismagius was hurt by poison!</small><br></div><div class="spacer battle-history"><br></div><h2 class="battle-history">Turn 6</h2><div class="spacer battle-history"><br></div><div class="battle-history">solgaleo177 withdrew Mismagius!<br></div><div class="battle-history">solgaleo177 sent out <strong>Bastiodon</strong>!<br></div><div class="spacer battle-history"><br></div><div class="battle-history">I hate my life used <strong>Heal Bell</strong>!<br></div><div class="battle-history"><small>A bell chimed!</small><br></div><div class="battle-history"><small>Bulk up sweep mach's burn was healed.</small><br></div><div class="spacer battle-history"><br></div><h2 class="battle-history">Turn 7</h2><div class="spacer battle-history"><br></div><div class="battle-history">I hate my life used <strong>Flamethrower</strong>!<br></div><div class="battle-history"><small>(The opposing Bastiodon lost <abbr title="−38/324">11.7%</abbr> of its health!)</small><br></div><div class="spacer battle-history"><br></div><div class="battle-history">The opposing Bastiodon used <strong>Stealth Rock</strong>!<br></div><div class="battle-history"><small>Pointed stones float in the air around your team!</small><br></div><div class="spacer battle-history"><br></div><div class="battle-history"><small>The opposing Bastiodon restored a little HP using its Leftovers!</small><br></div><div class="spacer battle-history"><br></div><h2 class="battle-history">Turn 8</h2><div class="spacer battle-history"><br></div><div class="battle-history">I hate my life used <strong>Defog</strong>!<br></div><div class="battle-history"><small>The opposing Bastiodon's evasiveness fell!</small><br></div><div class="battle-history"><small>The pointed stones disappeared from around your team!</small><br></div><div class="spacer battle-history"><br></div><div class="battle-history">The opposing Bastiodon used <strong>Roar</strong>!<br></div><div class="spacer battle-history"><br></div><div class="battle-history">U know my pain? (<strong>Bronzong</strong>) was dragged out!<br></div><div class="spacer battle-history"><br></div><div class="battle-history"><small>The opposing Bastiodon restored a little HP using its Leftovers!</small><br></div><div class="spacer battle-history"><br></div><h2 class="battle-history">Turn 9</h2><div class="spacer battle-history"><br></div><div class="battle-history">The opposing Bastiodon used <strong>Magic Coat</strong>!<br></div><div class="battle-history"><small>The opposing Bastiodon shrouded itself with Magic Coat!</small><br></div><div class="spacer battle-history"><br></div><div class="battle-history">U know my pain? used <strong>Stealth Rock</strong>!<br></div><div class="spacer battle-history"><br></div><div class="battle-history">The opposing Bastiodon bounced the Stealth Rock back!<br></div><div class="battle-history"><small>Pointed stones float in the air around your team!</small><br></div><div class="spacer battle-history"><br></div><h2 class="battle-history">Turn 10</h2><div class="spacer battle-history"><br></div><div class="battle-history">The opposing Bastiodon used <strong>Magic Coat</strong>!<br></div><div class="battle-history"><small>The opposing Bastiodon shrouded itself with Magic Coat!</small><br></div><div class="spacer battle-history"><br></div><div class="battle-history">U know my pain? used <strong>Light Screen</strong>!<br></div><div class="battle-history"><small>Light Screen made your team stronger against special moves!</small><br></div><div class="spacer battle-history"><br></div><h2 class="battle-history">Turn 11</h2><div class="spacer battle-history"><br></div><div class="battle-history">U know my pain?, come back!<br></div><div class="battle-history">Go! Bored world (<strong>Alomomola</strong>)!<br></div><div class="battle-history"><small>Pointed stones dug into Bored world!</small><br></div><div class="spacer battle-history"><br></div><div class="battle-history">The opposing Bastiodon used <strong>Roar</strong>!<br></div><div class="spacer battle-history"><br></div><div class="battle-history">StallBreaker (<strong>Glalie</strong>) was dragged out!<br></div><div class="battle-history"><small>Pointed stones dug into StallBreaker!</small><br></div><div class="spacer battle-history"><br></div><h2 class="battle-history">Turn 12</h2><div class="spacer battle-history"><br></div><div class="battle-history"><small>StallBreaker's Glalitite is reacting to LCezasfuck's Mega Bracelet!</small><br>StallBreaker has Mega Evolved into Mega Glalie!<br></div><div class="spacer battle-history"><br></div><div class="battle-history">StallBreaker used <strong>Earthquake</strong>!<br></div><div class="battle-history"><small>It's super effective!</small><br></div><div class="battle-history"><small>(The opposing Bastiodon lost <abbr title="−252/324">77.8%</abbr> of its health!)</small><br></div><div class="spacer battle-history"><br></div><div class="battle-history">The opposing Bastiodon used <strong>Roar</strong>!<br></div><div class="spacer battle-history"><br></div><div class="battle-history">Bored world (<strong>Alomomola</strong>) was dragged out!<br></div><div class="battle-history"><small>Pointed stones dug into Bored world!</small><br></div><div class="spacer battle-history"><br></div><div class="battle-history"><small>The opposing Bastiodon restored a little HP using its Leftovers!</small><br></div><div class="spacer battle-history"><br></div><h2 class="battle-history">Turn 13</h2><div class="spacer battle-history"><br></div><div class="battle-history">Bored world used <strong>Wish</strong>!<br></div><div class="spacer battle-history"><br></div><div class="battle-history">The opposing Bastiodon used <strong>Taunt</strong>!<br></div><div class="battle-history"><small>Bored world fell for the taunt!</small><br></div><div class="spacer battle-history"><br></div><div class="battle-history"><small>The opposing Bastiodon restored a little HP using its Leftovers!</small><br></div><div class="spacer battle-history"><br></div><h2 class="battle-history">Turn 14</h2><div class="spacer battle-history"><br></div><div class="battle-history">Bored world used <strong>Scald</strong>!<br></div><div class="battle-history"><small>It's super effective!</small><br></div><div class="battle-history"><small>(The opposing Bastiodon lost <abbr title="−56/324">17.3%</abbr> of its health!)</small><br></div><div class="spacer battle-history"><br></div><div class="battle-history">The opposing Bastiodon used <strong>Roar</strong>!<br></div><div class="spacer battle-history"><br></div><div class="battle-history">I hate my life (<strong>Togetic</strong>) was dragged out!<br></div><div class="battle-history"><small>Pointed stones dug into I hate my life!</small><br></div><div class="spacer battle-history"><br></div><div class="battle-history"><small>Bored world's wish came true!</small><br></div><div class="battle-history"><small>The opposing Bastiodon restored a little HP using its Leftovers!</small><br></div><div class="battle-history"><small>Your team's Light Screen wore off!</small><br></div><div class="spacer battle-history"><br></div><h2 class="battle-history">Turn 15</h2><div class="spacer battle-history"><br></div><div class="battle-history">I hate my life used <strong>Defog</strong>!<br></div><div class="battle-history"><small>The opposing Bastiodon's evasiveness fell!</small><br></div><div class="battle-history"><small>The pointed stones disappeared from around your team!</small><br></div><div class="spacer battle-history"><br></div><div class="battle-history">The opposing Bastiodon used <strong>Roar</strong>!<br></div><div class="spacer battle-history"><br></div><div class="battle-history">Bored world (<strong>Alomomola</strong>) was dragged out!<br></div><div class="spacer battle-history"><br></div><div class="battle-history"><small>The opposing Bastiodon restored a little HP using its Leftovers!</small><br></div><div class="spacer battle-history"><br></div><h2 class="battle-history">Turn 16</h2><div class="spacer battle-history"><br></div><div class="battle-history">Bored world used <strong>Scald</strong>!<br></div><div class="battle-history"><small>It's super effective!</small><br></div><div class="battle-history"><small>(The opposing Bastiodon lost <abbr title="−54/324">16.7%</abbr> of its health!)</small><br></div><div class="battle-history"><small>The opposing Bastiodon was burned!</small><br></div><div class="spacer battle-history"><br></div><div class="battle-history">The opposing Bastiodon used <strong>Stealth Rock</strong>!<br></div><div class="battle-history"><small>Pointed stones float in the air around your team!</small><br></div><div class="spacer battle-history"><br></div><div class="battle-history"><small>The opposing Bastiodon restored a little HP using its Leftovers!</small><br></div><div class="battle-history"><small>The opposing Bastiodon was hurt by its burn!</small><br></div><div class="spacer battle-history"><br></div><h2 class="battle-history">Turn 17</h2><div class="spacer battle-history"><br></div><div class="battle-history">Bored world used <strong>Wish</strong>!<br></div><div class="spacer battle-history"><br></div><div class="battle-history">The opposing Bastiodon used <strong>Roar</strong>!<br></div><div class="spacer battle-history"><br></div><div class="battle-history">Bulk up sweep mach (<strong>Hitmontop</strong>) was dragged out!<br></div><div class="battle-history"><small>Pointed stones dug into Bulk up sweep mach!</small><br></div><div class="battle-history"><small>[Bulk up sweep mach's Intimidate]</small><br></div><div class="battle-history"><small>The opposing Bastiodon's Attack fell!</small><br></div><div class="spacer battle-history"><br></div><div class="battle-history"><small>Bulk up sweep mach restored a little HP using its Leftovers!</small><br></div><div class="battle-history"><small>The opposing Bastiodon restored a little HP using its Leftovers!</small><br></div><div class="battle-history"><small>The opposing Bastiodon was hurt by its burn!</small><br></div><div class="spacer battle-history"><br></div><h2 class="battle-history">Turn 18</h2><div class="spacer battle-history"><br></div><div class="battle-history">Bulk up sweep mach used <strong>Rapid Spin</strong>!<br></div><div class="battle-history"><small>It's not very effective...</small><br></div><div class="battle-history"><small>(The opposing Bastiodon lost <abbr title="−2/324">0.6%</abbr> of its health!)</small><br></div><div class="battle-history"><small>The pointed stones disappeared from around your team!</small><br></div><div class="spacer battle-history"><br></div><div class="battle-history">The opposing Bastiodon fainted!<br></div><div class="spacer battle-history"><br></div><div class="battle-history"><small>Bored world's wish came true!</small><br></div><div class="spacer battle-history"><br></div><div class="battle-history">solgaleo177 sent out <strong>Braviary</strong>!<br></div><div class="spacer battle-history"><br></div><h2 class="battle-history">Turn 19</h2><div class="spacer battle-history"><br></div><div class="battle-history">The opposing Braviary used <strong>U-turn</strong>!<br></div><div class="battle-history"><small>It's not very effective...</small><br></div><div class="battle-history"><small>(Bulk up sweep mach lost <abbr title="−35/304">11.5%</abbr> of its health!)</small><br></div><div class="spacer battle-history"><br></div><div class="battle-history">The opposing Braviary went back to solgaleo177!<br></div><div class="battle-history">solgaleo177 sent out <strong>Mismagius</strong>!<br></div><div class="spacer battle-history"><br></div><div class="battle-history">Bulk up sweep mach used <strong>Toxic</strong>!<br></div><div class="battle-history"><small>But it failed!</small><br></div><div class="spacer battle-history"><br></div><div class="battle-history"><small>The opposing Mismagius restored a little HP using its Leftovers!</small><br></div><div class="battle-history"><small>Bulk up sweep mach restored a little HP using its Leftovers!</small><br></div><div class="battle-history"><small>The opposing Mismagius was hurt by poison!</small><br></div><div class="spacer battle-history"><br></div><h2 class="battle-history">Turn 20</h2><div class="spacer battle-history"><br></div><div class="battle-history">Bulk up sweep mach, come back!<br></div><div class="battle-history">Go! I hate my life (<strong>Togetic</strong>)!<br></div><div class="spacer battle-history"><br></div><div class="battle-history">The opposing Mismagius used <strong>Taunt</strong>!<br></div><div class="battle-history"><small>I hate my life fell for the taunt!</small><br></div><div class="spacer battle-history"><br></div><div class="battle-history"><small>The opposing Mismagius restored a little HP using its Leftovers!</small><br></div><div class="battle-history"><small>The opposing Mismagius was hurt by poison!</small><br></div><div class="spacer battle-history"><br></div><h2 class="battle-history">Turn 21</h2><div class="spacer battle-history"><br></div><div class="battle-history">I hate my life, come back!<br></div><div class="battle-history">Go! Bored world (<strong>Alomomola</strong>)!<br></div><div class="spacer battle-history"><br></div><div class="battle-history">The opposing Mismagius used <strong>Pain Split</strong>!<br></div><div class="battle-history"><small>The battlers shared their pain!</small><br></div><div class="spacer battle-history"><br></div><div class="battle-history"><small>The opposing Mismagius was hurt by poison!</small><br></div><div class="spacer battle-history"><br></div><h2 class="battle-history">Turn 22</h2><div class="spacer battle-history"><br></div><div class="battle-history">Bored world used <strong>Protect</strong>!<br></div><div class="battle-history"><small>Bored world protected itself!</small><br></div><div class="spacer battle-history"><br></div><div class="battle-history">The opposing Mismagius used <strong>Pain Split</strong>!<br></div><div class="battle-history"><small>Bored world protected itself!</small><br></div><div class="spacer battle-history"><br></div><div class="battle-history"><small>The opposing Mismagius restored a little HP using its Leftovers!</small><br></div><div class="battle-history"><small>The opposing Mismagius was hurt by poison!</small><br></div><div class="spacer battle-history"><br></div><h2 class="battle-history">Turn 23</h2><div class="spacer battle-history"><br></div><div class="battle-history">The opposing Mismagius used <strong>Pain Split</strong>!<br></div><div class="battle-history"><small>The battlers shared their pain!</small><br></div><div class="spacer battle-history"><br></div><div class="battle-history">Bored world used <strong>Wish</strong>!<br></div><div class="spacer battle-history"><br></div><div class="battle-history"><small>The opposing Mismagius restored a little HP using its Leftovers!</small><br></div><div class="battle-history"><small>The opposing Mismagius was hurt by poison!</small><br></div><div class="spacer battle-history"><br></div><h2 class="battle-history">Turn 24</h2><div class="spacer battle-history"><br></div><div class="battle-history">Bored world, come back!<br></div><div class="battle-history">Go! StallBreaker (<strong>Glalie-Mega</strong>)!<br></div><div class="spacer battle-history"><br></div><div class="battle-history">The opposing Mismagius used <strong>Pain Split</strong>!<br></div><div class="battle-history"><small>The battlers shared their pain!</small><br></div><div class="spacer battle-history"><br></div><div class="battle-history"><small>Bored world's wish came true!</small><br></div><div class="battle-history"><small>The opposing Mismagius restored a little HP using its Leftovers!</small><br></div><div class="battle-history"><small>The opposing Mismagius was hurt by poison!</small><br></div><div class="spacer battle-history"><br></div><h2 class="battle-history">Turn 25</h2><div class="spacer battle-history"><br></div><div class="battle-history">The opposing Mismagius used <strong>Will-O-Wisp</strong>!<br></div><div class="battle-history"><small>StallBreaker was burned!</small><br></div><div class="spacer battle-history"><br></div><div class="battle-history">StallBreaker used <strong>Spikes</strong>!<br></div><div class="battle-history"><small>Spikes were scattered on the ground all around the opposing team!</small><br></div><div class="spacer battle-history"><br></div><div class="battle-history"><small>The opposing Mismagius restored a little HP using its Leftovers!</small><br></div><div class="battle-history"><small>The opposing Mismagius was hurt by poison!</small><br></div><div class="battle-history"><small>StallBreaker was hurt by its burn!</small><br></div><div class="spacer battle-history"><br></div><h2 class="battle-history">Turn 26</h2><div class="spacer battle-history"><br></div><div class="battle-history">StallBreaker used <strong>Ice Shard</strong>!<br></div><div class="battle-history"><small>(The opposing Mismagius lost <abbr title="−3/324">0.9%</abbr> of its health!)</small><br></div><div class="spacer battle-history"><br></div><div class="battle-history">The opposing Mismagius fainted!<br></div><div class="spacer battle-history"><br></div><div class="battle-history"><small>StallBreaker was hurt by its burn!</small><br></div><div class="spacer battle-history"><br></div><div class="battle-history">solgaleo177 sent out <strong>Braviary</strong>!<br></div><div class="spacer battle-history"><br></div><h2 class="battle-history">Turn 27</h2><div class="spacer battle-history"><br></div><div class="battle-history">StallBreaker, come back!<br></div><div class="battle-history">Go! Bored world (<strong>Alomomola</strong>)!<br></div><div class="spacer battle-history"><br></div><div class="battle-history">The opposing Braviary used <strong>Superpower</strong>!<br></div><div class="battle-history"><small>(Bored world lost <abbr title="−115/534">21.5%</abbr> of its health!)</small><br></div><div class="battle-history"><small>The opposing Braviary was hurt by the Rocky Helmet!</small><br></div><div class="battle-history"><small>The opposing Braviary's Attack fell!</small><br></div><div class="battle-history"><small>The opposing Braviary's Defense fell!</small><br></div><div class="spacer battle-history"><br></div><h2 class="battle-history">Turn 28</h2><div class="spacer battle-history"><br></div><div class="battle-history">solgaleo177 withdrew Braviary!<br></div><div class="battle-history">solgaleo177 sent out <strong>Zebstrika</strong>!<br></div><div class="battle-history"><small>The opposing Zebstrika is hurt by the spikes!</small><br></div><div class="spacer battle-history"><br></div><div class="battle-history">Bored world used <strong>Toxic</strong>!<br></div><div class="battle-history"><small>The opposing Zebstrika was badly poisoned!</small><br></div><div class="spacer battle-history"><br></div><div class="battle-history"><small>The opposing Zebstrika was hurt by poison!</small><br></div><div class="spacer battle-history"><br></div><h2 class="battle-history">Turn 29</h2><div class="spacer battle-history"><br></div><div class="battle-history">Bored world used <strong>Protect</strong>!<br></div><div class="battle-history"><small>Bored world protected itself!</small><br></div><div class="spacer battle-history"><br></div><div class="battle-history">The opposing Zebstrika used <strong>Thunderbolt</strong>!<br></div><div class="battle-history"><small>Bored world protected itself!</small><br></div><div class="spacer battle-history"><br></div><div class="battle-history"><small>The opposing Zebstrika was hurt by poison!</small><br></div><div class="spacer battle-history"><br></div><h2 class="battle-history">Turn 30</h2><div class="chat chatmessage-solgaleo177"><strong style="color:hsl(343,83%,47%)"><small>★</small><span class="username" data-name="solgaleo177">solgaleo177</span>:</strong> <em>good stall</em></div><div class="spacer battle-history"><br></div><div class="battle-history">Bored world, come back!<br></div><div class="battle-history">Go! U know my pain? (<strong>Bronzong</strong>)!<br></div><div class="spacer battle-history"><br></div><div class="battle-history">The opposing Zebstrika used <strong>Thunderbolt</strong>!<br></div><div class="battle-history"><small>(U know my pain? lost <abbr title="−114/338">33.7%</abbr> of its health!)</small><br></div><div class="spacer battle-history"><br></div><div class="battle-history"><small>U know my pain? restored a little HP using its Leftovers!</small><br></div><div class="battle-history"><small>The opposing Zebstrika was hurt by poison!</small><br></div><div class="spacer battle-history"><br></div><h2 class="battle-history">Turn 31</h2><div class="spacer battle-history"><br></div><div class="battle-history">solgaleo177 withdrew Zebstrika!<br></div><div class="battle-history">solgaleo177 sent out <strong>Flygon</strong>!<br></div><div class="spacer battle-history"><br></div><div class="battle-history">U know my pain?, come back!<br></div><div class="battle-history">Go! I hate my life (<strong>Togetic</strong>)!<br></div><div class="spacer battle-history"><br></div><h2 class="battle-history">Turn 32</h2><div class="spacer battle-history"><br></div><div class="battle-history">The opposing Flygon used <strong>U-turn</strong>!<br></div><div class="battle-history"><small>It's not very effective...</small><br></div><div class="battle-history"><small>(I hate my life lost <abbr title="−17/314">5.4%</abbr> of its health!)</small><br></div><div class="battle-history"><small>The opposing Flygon lost some of its HP!</small><br></div><div class="spacer battle-history"><br></div><div class="battle-history">The opposing Flygon went back to solgaleo177!<br></div><div class="battle-history">solgaleo177 sent out <strong>Zebstrika</strong>!<br></div><div class="battle-history"><small>The opposing Zebstrika is hurt by the spikes!</small><br></div><div class="spacer battle-history"><br></div><div class="battle-history">I hate my life used <strong>Heal Bell</strong>!<br></div><div class="battle-history"><small>A bell chimed!</small><br></div><div class="battle-history"><small>StallBreaker's burn was healed.</small><br></div><div class="spacer battle-history"><br></div><div class="battle-history"><small>The opposing Zebstrika was hurt by poison!</small><br></div><div class="spacer battle-history"><br></div><h2 class="battle-history">Turn 33</h2><div class="spacer battle-history"><br></div><div class="battle-history">The opposing Zebstrika used <strong>Volt Switch</strong>!<br></div><div class="battle-history"><small>It's super effective!</small><br></div><div class="battle-history"><small>(I hate my life lost <abbr title="−126/314">40.1%</abbr> of its health!)</small><br></div><div class="spacer battle-history"><br></div><div class="battle-history">The opposing Zebstrika went back to solgaleo177!<br></div><div class="battle-history">solgaleo177 sent out <strong>Braviary</strong>!<br></div><div class="spacer battle-history"><br></div><div class="battle-history">I hate my life used <strong>Roost</strong>!<br></div><div class="battle-history"><small>I hate my life restored its HP.</small><br></div><div class="spacer battle-history"><br></div><h2 class="battle-history">Turn 34</h2><div class="spacer battle-history"><br></div><div class="battle-history">I hate my life, come back!<br></div><div class="battle-history">Go! Bored world (<strong>Alomomola</strong>)!<br></div><div class="spacer battle-history"><br></div><div class="battle-history">The opposing Braviary used <strong>Brave Bird</strong>!<br></div><div class="battle-history"><small>(Bored world lost <abbr title="−178/534">33.3%</abbr> of its health!)</small><br></div><div class="battle-history"><small>The opposing Braviary was hurt by the Rocky Helmet!</small><br></div><div class="battle-history"><small>The opposing Braviary is damaged by the recoil!</small><br></div><div class="spacer battle-history"><br></div><h2 class="battle-history">Turn 35</h2><div class="spacer battle-history"><br></div><div class="battle-history"><small>solgaleo177 forfeited.</small><br></div><div class="spacer battle-history"><br></div><div class="battle-history"><strong>LCezasfuck</strong> won the battle!<br></div><div class="chat"><small>solgaleo177 left.</small></div><div class="chat">LCezasfuck's rating: 1604 → <strong>1607</strong><br>(+3 for winning)</div><div class="chat">solgaleo177's rating: 1193 → <strong>1189</strong><br>(-4 for losing)</div></div><div class="inner-preempt"></div></div></div>
</div>
<script>
let daily = Math.floor(Date.now()/1000/60/60/24);document.write('<script src="https://play.pokemonshowdown.com/js/replay-embed.js?version'+daily+'"></'+'script>');
</script>
