<!DOCTYPE html>
<meta charset="utf-8" />
<!-- version 1 -->
<title>RU replay: Moonlit mile vs. jrdn</title>
<style>
html,body {font-family:Verdana, sans-serif;font-size:10pt;margin:0;padding:0;}body{padding:12px 0;} .battle-log {font-family:Verdana, sans-serif;font-size:10pt;} .battle-log-inline {border:1px solid #AAAAAA;background:#EEF2F5;color:black;max-width:640px;margin:0 auto 80px;padding-bottom:5px;} .battle-log .inner {padding:4px 8px 0px 8px;} .battle-log .inner-preempt {padding:0 8px 4px 8px;} .battle-log .inner-after {margin-top:0.5em;} .battle-log h2 {margin:0.5em -8px;padding:4px 8px;border:1px solid #AAAAAA;background:#E0E7EA;border-left:0;border-right:0;font-family:Verdana, sans-serif;font-size:13pt;} .battle-log .chat {vertical-align:middle;padding:3px 0 3px 0;font-size:8pt;} .battle-log .chat strong {color:#40576A;} .battle-log .chat em {padding:1px 4px 1px 3px;color:#000000;font-style:normal;} .chat.mine {background:rgba(0,0,0,0.05);margin-left:-8px;margin-right:-8px;padding-left:8px;padding-right:8px;} .spoiler {color:#BBBBBB;background:#BBBBBB;padding:0px 3px;} .spoiler:hover, .spoiler:active, .spoiler-shown {color:#000000;background:#E2E2E2;padding:0px 3px;} .spoiler a {color:#BBBBBB;} .spoiler:hover a, .spoiler:active a, .spoiler-shown a {color:#2288CC;} .chat code, .chat .spoiler:hover code, .chat .spoiler:active code, .chat .spoiler-shown code {border:1px solid #C0C0C0;background:#EEEEEE;color:black;padding:0 2px;} .chat .spoiler code {border:1px solid #CCCCCC;background:#CCCCCC;color:#CCCCCC;} .battle-log .rated {padding:3px 4px;} .battle-log .rated strong {color:white;background:#89A;padding:1px 4px;border-radius:4px;} .spacer {margin-top:0.5em;} .message-announce {background:#6688AA;color:white;padding:1px 4px 2px;} .message-announce a, .broadcast-green a, .broadcast-blue a, .broadcast-red a {color:#DDEEFF;} .broadcast-green {background-color:#559955;color:white;padding:2px 4px;} .broadcast-blue {background-color:#6688AA;color:white;padding:2px 4px;} .infobox {border:1px solid #6688AA;padding:2px 4px;} .infobox-limited {max-height:200px;overflow:auto;overflow-x:hidden;} .broadcast-red {background-color:#AA5544;color:white;padding:2px 4px;} .message-learn-canlearn {font-weight:bold;color:#228822;text-decoration:underline;} .message-learn-cannotlearn {font-weight:bold;color:#CC2222;text-decoration:underline;} .message-effect-weak {font-weight:bold;color:#CC2222;} .message-effect-resist {font-weight:bold;color:#6688AA;} .message-effect-immune {font-weight:bold;color:#666666;} .message-learn-list {margin-top:0;margin-bottom:0;} .message-throttle-notice, .message-error {color:#992222;} .message-overflow, .chat small.message-overflow {font-size:0pt;} .message-overflow::before {font-size:9pt;content:'...';} .subtle {color:#3A4A66;}
</style>
<div class="wrapper replay-wrapper" style="max-width:1180px;margin:0 auto">
<input type="hidden" name="replayid" value="ru-585214802" />
<div class="battle"></div><div class="battle-log"></div><div class="replay-controls"></div><div class="replay-controls-2"></div>
<h1 style="font-weight:normal;text-align:center"><strong>RU</strong><br /><a href="http://pokemonshowdown.com/users/moonlitmile" class="subtle" target="_blank">Moonlit mile</a> vs. <a href="http://pokemonshowdown.com/users/jrdn" class="subtle" target="_blank">jrdn</a></h1>
<script type="text/plain" class="battle-log-data">|j|Moonlit mile
|j|jrdn
|player|p1|Moonlit mile|128
|teamsize|p1|6
|player|p2|jrdn|252
|teamsize|p2|6
|gametype|singles
|gen|6
|tier|RU
|seed|41576,39433,43690,12736
|rule|Sleep Clause Mod: Limit one foe put to sleep
|rule|Species Clause: Limit one of each Pokémon
|rule|OHKO Clause: OHKO moves are banned
|rule|Moody Clause: Moody is banned
|rule|Evasion Moves Clause: Evasion moves are banned
|rule|Endless Battle Clause: Forcing endless battles is banned
|rule|HP Percentage Mod: HP is shown in percentages
|clearpoke
|poke|p1|Virizion|item
|poke|p1|Diancie|item
|poke|p1|Slowking, M|item
|poke|p1|Meloetta|item
|poke|p1|Escavalier, M|item
|poke|p1|Flygon, M|item
|poke|p2|Diancie|item
|poke|p2|Flygon, M|item
|poke|p2|Venusaur, M|item
|poke|p2|Magneton|item
|poke|p2|Jellicent, F|item
|poke|p2|Scrafty, F|item
|rule|Swagger Clause: Swagger is banned
|rule|Baton Pass Clause: Limit one Baton Passer, can't pass Spe and other stats simultaneously
|teampreview
|c|☆Moonlit mile|Hf
|c|☆jrdn|u2
|choice|team 1, team 2, team 3, team 4, team 5, team 6|team 6, team 2, team 3, team 4, team 5, team 1
|
|start
|switch|p1a: Virizion|Virizion|329\/329
|switch|p2a: Scrafty|Scrafty, F|271\/271
|-ability|p2a: Scrafty|Intimidate|boost
|-unboost|p1a: Virizion|atk|1
|turn|1
|choice|move hiddenpower|switch 3
|
|switch|p2a: Venusaur|Venusaur, M|301\/301
|move|p1a: Virizion|Hidden Power|p2a: Venusaur
|-supereffective|p2a: Venusaur
|-damage|p2a: Venusaur|161\/301
|-damage|p1a: Virizion|297\/329|[from] item: Life Orb
|
|upkeep
|turn|2
|choice|switch 4|move synthesis
|
|switch|p1a: Meloetta|Meloetta|341\/341
|move|p2a: Venusaur|Synthesis|p2a: Venusaur
|-heal|p2a: Venusaur|301\/301
|
|upkeep
|turn|3
|choice|move uturn|switch 6
|
|switch|p2a: Diancie|Diancie|304\/304
|move|p1a: Meloetta|U-turn|p2a: Diancie
|-resisted|p2a: Diancie
|-damage|p2a: Diancie|290\/304
|choice|switch 2|
|
|switch|p1a: Diancie|Diancie|303\/303
|
|-heal|p2a: Diancie|304\/304|[from] item: Leftovers
|upkeep
|turn|4
|choice|move stealthrock|move stealthrock
|
|move|p1a: Diancie|Stealth Rock|p2a: Diancie
|-sidestart|p2: jrdn|move: Stealth Rock
|move|p2a: Diancie|Stealth Rock|p1a: Diancie
|-sidestart|p1: Moonlit mile|move: Stealth Rock
|
|upkeep
|turn|5
|choice|move moonblast|switch 6
|
|switch|p2a: Venusaur|Venusaur, M|301\/301
|-damage|p2a: Venusaur|264\/301|[from] Stealth Rock
|move|p1a: Diancie|Moonblast|p2a: Venusaur
|-resisted|p2a: Venusaur
|-damage|p2a: Venusaur|184\/301
|
|upkeep
|turn|6
|choice|switch 2|move sleeppowder
|
|switch|p1a: Meloetta|Meloetta|341\/341
|-damage|p1a: Meloetta|299\/341|[from] Stealth Rock
|move|p2a: Venusaur|Sleep Powder|p1a: Meloetta
|-status|p1a: Meloetta|slp
|
|upkeep
|turn|7
|choice|switch 5|switch 2
|
|switch|p1a: Escavalier|Escavalier, M|343\/343
|-damage|p1a: Escavalier|301\/343|[from] Stealth Rock
|switch|p2a: Flygon|Flygon, M|301\/301
|-damage|p2a: Flygon|283\/301|[from] Stealth Rock
|
|-heal|p1a: Escavalier|322\/343|[from] item: Leftovers
|upkeep
|turn|8
|choice|move megahorn|move fireblast
|
|move|p2a: Flygon|Fire Blast|p1a: Escavalier|[miss]
|-miss|p2a: Flygon|p1a: Escavalier
|move|p1a: Escavalier|Megahorn|p2a: Flygon
|-crit|p2a: Flygon
|-damage|p2a: Flygon|0 fnt
|faint|p2a: Flygon
|
|-heal|p1a: Escavalier|343\/343|[from] item: Leftovers
|upkeep
|c|☆Moonlit mile|Ah fk
|c|☆Moonlit mile|Sry
|j|Brawlion
|j|guaranteed rocks
|l|Brawlion
|choice||switch 5
|
|switch|p2a: Jellicent|Jellicent, F|403\/403
|-damage|p2a: Jellicent|353\/403|[from] Stealth Rock
|turn|9
|choice|switch 4|switch 3
|
|switch|p2a: Scrafty|Scrafty, F|271\/271
|-damage|p2a: Scrafty|255\/271|[from] Stealth Rock
|-ability|p2a: Scrafty|Intimidate|boost
|-unboost|p1a: Escavalier|atk|1
|switch|p1a: Virizion|Virizion|297\/329
|-damage|p1a: Virizion|277\/329|[from] Stealth Rock
|
|upkeep
|turn|10
|choice|move focusblast|move dragondance
|
|move|p1a: Virizion|Focus Blast|p2a: Scrafty|[miss]
|-miss|p1a: Virizion|p2a: Scrafty
|move|p2a: Scrafty|Dragon Dance|p2a: Scrafty
|-boost|p2a: Scrafty|atk|1
|-boost|p2a: Scrafty|spe|1
|
|upkeep
|turn|11
|choice|move focusblast|move highjumpkick
|
|move|p2a: Scrafty|High Jump Kick|p1a: Virizion|[miss]
|-miss|p2a: Scrafty|p1a: Virizion
|-damage|p2a: Scrafty|120\/271|[from] highjumpkick
|move|p1a: Virizion|Focus Blast|p2a: Scrafty
|-supereffective|p2a: Scrafty
|-damage|p2a: Scrafty|0 fnt
|-damage|p1a: Virizion|245\/329|[from] item: Life Orb
|faint|p2a: Scrafty
|
|upkeep
|choice||switch 2
|
|switch|p2a: Venusaur|Venusaur, M|184\/301
|-damage|p2a: Venusaur|147\/301|[from] Stealth Rock
|turn|12
|choice|switch 4|move leafstorm
|
|switch|p1a: Escavalier|Escavalier, M|343\/343
|-damage|p1a: Escavalier|301\/343|[from] Stealth Rock
|move|p2a: Venusaur|Leaf Storm|p1a: Escavalier
|-resisted|p1a: Escavalier
|-damage|p1a: Escavalier|254\/343
|-unboost|p2a: Venusaur|spa|2
|-damage|p2a: Venusaur|117\/301|[from] item: Life Orb
|
|-heal|p1a: Escavalier|275\/343|[from] item: Leftovers
|upkeep
|turn|13
|c|☆jrdn|ah well
|c|☆jrdn|gg
|choice|move pursuit|switch 3
|
|-activate|p2a: Venusaur|move: Pursuit
|move|p1a: Escavalier|Pursuit|p2a: Venusaur|[from]Pursuit
|-damage|p2a: Venusaur|1\/301
|switch|p2a: Jellicent|Jellicent, F|353\/403
|-damage|p2a: Jellicent|303\/403|[from] Stealth Rock
|
|-heal|p1a: Escavalier|296\/343|[from] item: Leftovers
|upkeep
|turn|14
|choice|move protect|move willowisp
|
|move|p1a: Escavalier|Protect|p1a: Escavalier
|-singleturn|p1a: Escavalier|Protect
|move|p2a: Jellicent|Will-O-Wisp|p1a: Escavalier
|-activate|p1a: Escavalier|move: Protect
|
|-heal|p1a: Escavalier|317\/343|[from] item: Leftovers
|upkeep
|turn|15
|c|☆Moonlit mile|Sorry about that
|c|☆Moonlit mile|Really sucked
|c|☆jrdn|its whatev
|choice|switch 5|move willowisp
|
|switch|p1a: Meloetta|Meloetta|299\/341 slp
|-damage|p1a: Meloetta|257\/341 slp|[from] Stealth Rock
|move|p2a: Jellicent|Will-O-Wisp|p1a: Meloetta
|-fail|p1a: Meloetta
|
|upkeep
|turn|16
|choice|move psychic|switch 3
|
|switch|p2a: Venusaur|Venusaur, M|1\/301
|-damage|p2a: Venusaur|0 fnt|[from] Stealth Rock
|faint|p2a: Venusaur
|cant|p1a: Meloetta|slp
|
|upkeep
|choice||switch 6
|
|switch|p2a: Diancie|Diancie|304\/304
|-damage|p2a: Diancie|266\/304|[from] Stealth Rock
|turn|17
|choice|move psychic|move diamondstorm
|
|cant|p1a: Meloetta|slp
|move|p2a: Diancie|Diamond Storm|p1a: Meloetta
|-damage|p1a: Meloetta|115\/341 slp
|
|-heal|p2a: Diancie|285\/304|[from] item: Leftovers
|upkeep
|turn|18
|choice|move psychic|move diamondstorm
|
|cant|p1a: Meloetta|slp
|move|p2a: Diancie|Diamond Storm|p1a: Meloetta
|-damage|p1a: Meloetta|0 fnt
|-boost|p2a: Diancie|def|1
|faint|p1a: Meloetta
|
|-heal|p2a: Diancie|304\/304|[from] item: Leftovers
|upkeep
|choice|switch 3|
|
|switch|p1a: Slowking|Slowking, M|393\/393
|-damage|p1a: Slowking|344\/393|[from] Stealth Rock
|turn|19
|choice|move thunderwave|switch 4
|
|switch|p2a: Magneton|Magneton|242\/242
|-damage|p2a: Magneton|227\/242|[from] Stealth Rock
|move|p1a: Slowking|Thunder Wave|p2a: Magneton
|-immune|p2a: Magneton|[msg]
|
|upkeep
|turn|20
|choice|switch 5|switch 3
|
|switch|p2a: Jellicent|Jellicent, F|303\/403
|-damage|p2a: Jellicent|253\/403|[from] Stealth Rock
|switch|p1a: Escavalier|Escavalier, M|317\/343
|-damage|p1a: Escavalier|275\/343|[from] Stealth Rock
|
|-heal|p1a: Escavalier|296\/343|[from] item: Leftovers
|upkeep
|turn|21
|choice|switch 4|move willowisp
|
|switch|p1a: Virizion|Virizion|245\/329
|-damage|p1a: Virizion|225\/329|[from] Stealth Rock
|move|p2a: Jellicent|Will-O-Wisp|p1a: Virizion
|-status|p1a: Virizion|brn
|
|-damage|p1a: Virizion|184\/329 brn|[from] brn
|upkeep
|turn|22
|choice|move synthesis|switch 3
|
|switch|p2a: Magneton|Magneton|227\/242
|-damage|p2a: Magneton|212\/242|[from] Stealth Rock
|move|p1a: Virizion|Synthesis|p1a: Virizion
|-heal|p1a: Virizion|329\/329 brn
|
|-damage|p1a: Virizion|288\/329 brn|[from] brn
|upkeep
|turn|23
|choice|switch 4|move flashcannon
|
|switch|p1a: Escavalier|Escavalier, M|296\/343
|-damage|p1a: Escavalier|254\/343|[from] Stealth Rock
|move|p2a: Magneton|Flash Cannon|p1a: Escavalier
|-resisted|p1a: Escavalier
|-damage|p1a: Escavalier|202\/343
|
|-heal|p1a: Escavalier|223\/343|[from] item: Leftovers
|upkeep
|turn|24
|choice|move pursuit|move flashcannon
|
|move|p2a: Magneton|Flash Cannon|p1a: Escavalier
|-resisted|p1a: Escavalier
|-damage|p1a: Escavalier|173\/343
|move|p1a: Escavalier|Pursuit|p2a: Magneton
|-damage|p2a: Magneton|163\/242
|
|-heal|p1a: Escavalier|194\/343|[from] item: Leftovers
|upkeep
|turn|25
|choice|move pursuit|move flashcannon
|
|move|p2a: Magneton|Flash Cannon|p1a: Escavalier
|-resisted|p1a: Escavalier
|-damage|p1a: Escavalier|139\/343
|move|p1a: Escavalier|Pursuit|p2a: Magneton
|-damage|p2a: Magneton|113\/242
|
|-heal|p1a: Escavalier|160\/343|[from] item: Leftovers
|upkeep
|turn|26
|choice|move pursuit|move flashcannon
|
|move|p2a: Magneton|Flash Cannon|p1a: Escavalier
|-resisted|p1a: Escavalier
|-damage|p1a: Escavalier|106\/343
|move|p1a: Escavalier|Pursuit|p2a: Magneton
|-damage|p2a: Magneton|65\/242
|
|-heal|p1a: Escavalier|127\/343|[from] item: Leftovers
|upkeep
|turn|27
|choice|move pursuit|move flashcannon
|
|move|p2a: Magneton|Flash Cannon|p1a: Escavalier
|-resisted|p1a: Escavalier
|-damage|p1a: Escavalier|77\/343
|move|p1a: Escavalier|Pursuit|p2a: Magneton
|-damage|p2a: Magneton|12\/242
|
|-heal|p1a: Escavalier|98\/343|[from] item: Leftovers
|upkeep
|turn|28
|choice|move pursuit|move flashcannon
|
|move|p2a: Magneton|Flash Cannon|p1a: Escavalier
|-resisted|p1a: Escavalier
|-damage|p1a: Escavalier|41\/343
|move|p1a: Escavalier|Pursuit|p2a: Magneton
|-damage|p2a: Magneton|0 fnt
|faint|p2a: Magneton
|
|-heal|p1a: Escavalier|62\/343|[from] item: Leftovers
|upkeep
|choice||switch 4
|
|switch|p2a: Diancie|Diancie|304\/304
|-damage|p2a: Diancie|266\/304|[from] Stealth Rock
|turn|29
|choice|move ironhead|move diamondstorm
|
|move|p2a: Diancie|Diamond Storm|p1a: Escavalier
|-damage|p1a: Escavalier|0 fnt
|faint|p1a: Escavalier
|
|-heal|p2a: Diancie|285\/304|[from] item: Leftovers
|upkeep
|choice|switch 2|
|
|switch|p1a: Diancie|Diancie|303\/303
|-damage|p1a: Diancie|266\/303|[from] Stealth Rock
|turn|30
|choice|move moonblast|move moonblast
|
|move|p1a: Diancie|Moonblast|p2a: Diancie
|-damage|p2a: Diancie|198\/304
|move|p2a: Diancie|Moonblast|p1a: Diancie
|-damage|p1a: Diancie|193\/303
|
|-heal|p2a: Diancie|217\/304|[from] item: Leftovers
|upkeep
|turn|31
|choice|move earthpower|switch 3
|
|switch|p2a: Jellicent|Jellicent, F|253\/403
|-damage|p2a: Jellicent|203\/403|[from] Stealth Rock
|move|p1a: Diancie|Earth Power|p2a: Jellicent
|-damage|p2a: Jellicent|114\/403
|-unboost|p2a: Jellicent|spd|1
|
|upkeep
|turn|32
|choice|switch 4|move scald
|
|switch|p1a: Virizion|Virizion|288\/329 brn
|-damage|p1a: Virizion|268\/329 brn|[from] Stealth Rock
|move|p2a: Jellicent|Scald|p1a: Virizion
|-resisted|p1a: Virizion
|-damage|p1a: Virizion|238\/329 brn
|
|-damage|p1a: Virizion|197\/329 brn|[from] brn
|upkeep
|turn|33
|choice|move gigadrain|move scald
|
|move|p1a: Virizion|Giga Drain|p2a: Jellicent
|-supereffective|p2a: Jellicent
|-damage|p2a: Jellicent|0 fnt
|-heal|p1a: Virizion|254\/329 brn|[from] drain|[of] p2a: Jellicent
|-damage|p1a: Virizion|222\/329 brn|[from] item: Life Orb
|faint|p2a: Jellicent
|
|-damage|p1a: Virizion|181\/329 brn|[from] brn
|upkeep
|choice||switch 3
|
|switch|p2a: Diancie|Diancie|217\/304
|-damage|p2a: Diancie|179\/304|[from] Stealth Rock
|turn|34
|choice|move gigadrain|move moonblast
|
|move|p1a: Virizion|Giga Drain|p2a: Diancie
|-supereffective|p2a: Diancie
|-damage|p2a: Diancie|31\/304
|-heal|p1a: Virizion|255\/329 brn|[from] drain|[of] p2a: Diancie
|-damage|p1a: Virizion|223\/329 brn|[from] item: Life Orb
|move|p2a: Diancie|Moonblast|p1a: Virizion
|-supereffective|p1a: Virizion
|-damage|p1a: Virizion|53\/329 brn
|
|-heal|p2a: Diancie|50\/304|[from] item: Leftovers
|-damage|p1a: Virizion|12\/329 brn|[from] brn
|upkeep
|turn|35
|choice|move gigadrain|move moonblast
|
|move|p1a: Virizion|Giga Drain|p2a: Diancie
|-supereffective|p2a: Diancie
|-damage|p2a: Diancie|0 fnt
|-heal|p1a: Virizion|37\/329 brn|[from] drain|[of] p2a: Diancie
|-damage|p1a: Virizion|5\/329 brn|[from] item: Life Orb
|faint|p2a: Diancie
|
|win|Moonlit mile
|l|jrdn</script>
</div>
<div class="battle-log battle-log-inline"><div class="inner"><div class="battle-options"></div><div class="inner"><div class="chat"><small>Moonlit mile joined.</small></div><div class="chat"><small>jrdn joined.</small></div><div class=""><small>Format:</small> <br><strong>RU</strong></div><div class=""><small><em>Sleep Clause Mod:</em> Limit one foe put to sleep</small></div><div class=""><small><em>Species Clause:</em> Limit one of each Pokémon</small></div><div class=""><small><em>OHKO Clause:</em> OHKO moves are banned</small></div><div class=""><small><em>Moody Clause:</em> Moody is banned</small></div><div class=""><small><em>Evasion Moves Clause:</em> Evasion moves are banned</small></div><div class=""><small><em>Endless Battle Clause:</em> Forcing endless battles is banned</small></div><div class=""><small><em>HP Percentage Mod:</em> HP is shown in percentages</small></div><div class=""><small><em>Swagger Clause:</em> Swagger is banned</small></div><div class=""><small><em>Baton Pass Clause:</em> Limit one Baton Passer, can't pass Spe and other stats simultaneously</small></div><div class="chat battle-history"><strong>Moonlit mile's team:</strong> <em style="color:#445566;display:block;">Virizion / Diancie / Slowking / Meloetta / Escavalier / Flygon</em></div><div class="chat battle-history"><strong>jrdn's team:</strong> <em style="color:#445566;display:block;">Diancie / Flygon / Venusaur / Magneton / Jellicent / Scrafty</em></div><div class="chat chatmessage-moonlitmile"><strong style="color:hsl(176,64%,42.94470320130315%)"><small>☆</small><span class="username" data-name="Moonlit mile">Moonlit mile</span>:</strong> <em>Hf</em></div><div class="chat chatmessage-jrdn"><strong style="color:hsl(235,41%,62.95190619842396%)"><small>☆</small><span class="username" data-name="jrdn">jrdn</span>:</strong> <em>u2</em></div><div class="spacer battle-history"><br></div><div class="battle-history">Battle started between Moonlit mile and jrdn!<br></div><div class="spacer battle-history"><br></div><div class="battle-history">Go! <strong>Virizion</strong>!<br></div><div class="spacer battle-history"><br></div><div class="battle-history">jrdn sent out <strong>Scrafty</strong>!<br></div><div class="battle-history"><small>[The opposing Scrafty's Intimidate]</small><br></div><div class="battle-history"><small>Virizion's Attack fell!</small><br></div><div class="spacer battle-history"><br></div><h2 class="battle-history">Turn 1</h2><div class="spacer battle-history"><br></div><div class="battle-history">jrdn withdrew Scrafty!<br></div><div class="battle-history">jrdn sent out <strong>Venusaur</strong>!<br></div><div class="spacer battle-history"><br></div><div class="battle-history">Virizion used <strong>Hidden Power</strong>!<br></div><div class="battle-history"><small>It's super effective!</small><br></div><div class="battle-history"><small>(The opposing Venusaur lost <abbr title="−140/301">46.5%</abbr> of its health!)</small><br></div><div class="battle-history"><small>Virizion lost some of its HP!</small><br></div><div class="spacer battle-history"><br></div><h2 class="battle-history">Turn 2</h2><div class="spacer battle-history"><br></div><div class="battle-history">Virizion, come back!<br></div><div class="battle-history">Go! <strong>Meloetta</strong>!<br></div><div class="spacer battle-history"><br></div><div class="battle-history">The opposing Venusaur used <strong>Synthesis</strong>!<br></div><div class="battle-history"><small>The opposing Venusaur restored its HP.</small><br></div><div class="spacer battle-history"><br></div><h2 class="battle-history">Turn 3</h2><div class="spacer battle-history"><br></div><div class="battle-history">jrdn withdrew Venusaur!<br></div><div class="battle-history">jrdn sent out <strong>Diancie</strong>!<br></div><div class="spacer battle-history"><br></div><div class="battle-history">Meloetta used <strong>U-turn</strong>!<br></div><div class="battle-history"><small>It's not very effective...</small><br></div><div class="battle-history"><small>(The opposing Diancie lost <abbr title="−14/304">4.6%</abbr> of its health!)</small><br></div><div class="spacer battle-history"><br></div><div class="battle-history">Meloetta went back to Moonlit mile!<br></div><div class="battle-history">Go! <strong>Diancie</strong>!<br></div><div class="spacer battle-history"><br></div><div class="battle-history"><small>The opposing Diancie restored a little HP using its Leftovers!</small><br></div><div class="spacer battle-history"><br></div><h2 class="battle-history">Turn 4</h2><div class="spacer battle-history"><br></div><div class="battle-history">Diancie used <strong>Stealth Rock</strong>!<br></div><div class="battle-history"><small>Pointed stones float in the air around the opposing team!</small><br></div><div class="spacer battle-history"><br></div><div class="battle-history">The opposing Diancie used <strong>Stealth Rock</strong>!<br></div><div class="battle-history"><small>Pointed stones float in the air around your team!</small><br></div><div class="spacer battle-history"><br></div><h2 class="battle-history">Turn 5</h2><div class="spacer battle-history"><br></div><div class="battle-history">jrdn withdrew Diancie!<br></div><div class="battle-history">jrdn sent out <strong>Venusaur</strong>!<br></div><div class="battle-history"><small>Pointed stones dug into the opposing Venusaur!</small><br></div><div class="spacer battle-history"><br></div><div class="battle-history">Diancie used <strong>Moonblast</strong>!<br></div><div class="battle-history"><small>It's not very effective...</small><br></div><div class="battle-history"><small>(The opposing Venusaur lost <abbr title="−80/301">26.6%</abbr> of its health!)</small><br></div><div class="spacer battle-history"><br></div><h2 class="battle-history">Turn 6</h2><div class="spacer battle-history"><br></div><div class="battle-history">Diancie, come back!<br></div><div class="battle-history">Go! <strong>Meloetta</strong>!<br></div><div class="battle-history"><small>Pointed stones dug into Meloetta!</small><br></div><div class="spacer battle-history"><br></div><div class="battle-history">The opposing Venusaur used <strong>Sleep Powder</strong>!<br></div><div class="battle-history"><small>Meloetta fell asleep!</small><br></div><div class="spacer battle-history"><br></div><h2 class="battle-history">Turn 7</h2><div class="spacer battle-history"><br></div><div class="battle-history">Meloetta, come back!<br></div><div class="battle-history">Go! <strong>Escavalier</strong>!<br></div><div class="battle-history"><small>Pointed stones dug into Escavalier!</small><br></div><div class="spacer battle-history"><br></div><div class="battle-history">jrdn withdrew Venusaur!<br></div><div class="battle-history">jrdn sent out <strong>Flygon</strong>!<br></div><div class="battle-history"><small>Pointed stones dug into the opposing Flygon!</small><br></div><div class="spacer battle-history"><br></div><div class="battle-history"><small>Escavalier restored a little HP using its Leftovers!</small><br></div><div class="spacer battle-history"><br></div><h2 class="battle-history">Turn 8</h2><div class="spacer battle-history"><br></div><div class="battle-history">The opposing Flygon used <strong>Fire Blast</strong>!<br></div><div class="battle-history"><small>Escavalier avoided the attack!</small><br></div><div class="spacer battle-history"><br></div><div class="battle-history">Escavalier used <strong>Megahorn</strong>!<br></div><div class="battle-history"><small>A critical hit!</small><br></div><div class="battle-history"><small>(The opposing Flygon lost <abbr title="−283/301">94.0%</abbr> of its health!)</small><br></div><div class="spacer battle-history"><br></div><div class="battle-history">The opposing Flygon fainted!<br></div><div class="spacer battle-history"><br></div><div class="battle-history"><small>Escavalier restored a little HP using its Leftovers!</small><br></div><div class="chat chatmessage-moonlitmile"><strong style="color:hsl(176,64%,42.94470320130315%)"><small>☆</small><span class="username" data-name="Moonlit mile">Moonlit mile</span>:</strong> <em>Ah fk</em></div><div class="chat chatmessage-moonlitmile"><strong style="color:hsl(176,64%,42.94470320130315%)"><small>☆</small><span class="username" data-name="Moonlit mile">Moonlit mile</span>:</strong> <em>Sry</em></div><div class="chat"><small>Brawlion joined.</small></div><div class="chat"><small>guaranteed rocks joined.</small></div><div class="chat"><small>Brawlion left.</small></div><div class="spacer battle-history"><br></div><div class="battle-history">jrdn sent out <strong>Jellicent</strong>!<br></div><div class="battle-history"><small>Pointed stones dug into the opposing Jellicent!</small><br></div><div class="spacer battle-history"><br></div><h2 class="battle-history">Turn 9</h2><div class="spacer battle-history"><br></div><div class="battle-history">jrdn withdrew Jellicent!<br></div><div class="battle-history">jrdn sent out <strong>Scrafty</strong>!<br></div><div class="battle-history"><small>Pointed stones dug into the opposing Scrafty!</small><br></div><div class="battle-history"><small>[The opposing Scrafty's Intimidate]</small><br></div><div class="battle-history"><small>Escavalier's Attack fell!</small><br></div><div class="spacer battle-history"><br></div><div class="battle-history">Escavalier, come back!<br></div><div class="battle-history">Go! <strong>Virizion</strong>!<br></div><div class="battle-history"><small>Pointed stones dug into Virizion!</small><br></div><div class="spacer battle-history"><br></div><h2 class="battle-history">Turn 10</h2><div class="spacer battle-history"><br></div><div class="battle-history">Virizion used <strong>Focus Blast</strong>!<br></div><div class="battle-history"><small>The opposing Scrafty avoided the attack!</small><br></div><div class="spacer battle-history"><br></div><div class="battle-history">The opposing Scrafty used <strong>Dragon Dance</strong>!<br></div><div class="battle-history"><small>The opposing Scrafty's Attack rose!</small><br></div><div class="battle-history"><small>The opposing Scrafty's Speed rose!</small><br></div><div class="spacer battle-history"><br></div><h2 class="battle-history">Turn 11</h2><div class="spacer battle-history"><br></div><div class="battle-history">The opposing Scrafty used <strong>High Jump Kick</strong>!<br></div><div class="battle-history"><small>Virizion avoided the attack!</small><br></div><div class="battle-history"><small>The opposing Scrafty kept going and crashed!</small><br></div><div class="spacer battle-history"><br></div><div class="battle-history">Virizion used <strong>Focus Blast</strong>!<br></div><div class="battle-history"><small>It's super effective!</small><br></div><div class="battle-history"><small>(The opposing Scrafty lost <abbr title="−120/271">44.3%</abbr> of its health!)</small><br></div><div class="battle-history"><small>Virizion lost some of its HP!</small><br></div><div class="spacer battle-history"><br></div><div class="battle-history">The opposing Scrafty fainted!<br></div><div class="spacer battle-history"><br></div><div class="battle-history">jrdn sent out <strong>Venusaur</strong>!<br></div><div class="battle-history"><small>Pointed stones dug into the opposing Venusaur!</small><br></div><div class="spacer battle-history"><br></div><h2 class="battle-history">Turn 12</h2><div class="spacer battle-history"><br></div><div class="battle-history">Virizion, come back!<br></div><div class="battle-history">Go! <strong>Escavalier</strong>!<br></div><div class="battle-history"><small>Pointed stones dug into Escavalier!</small><br></div><div class="spacer battle-history"><br></div><div class="battle-history">The opposing Venusaur used <strong>Leaf Storm</strong>!<br></div><div class="battle-history"><small>It's not very effective...</small><br></div><div class="battle-history"><small>(Escavalier lost <abbr title="−47/343">13.7%</abbr> of its health!)</small><br></div><div class="battle-history"><small>The opposing Venusaur's Special Attack fell harshly!</small><br></div><div class="battle-history"><small>The opposing Venusaur lost some of its HP!</small><br></div><div class="spacer battle-history"><br></div><div class="battle-history"><small>Escavalier restored a little HP using its Leftovers!</small><br></div><div class="spacer battle-history"><br></div><h2 class="battle-history">Turn 13</h2><div class="chat chatmessage-jrdn"><strong style="color:hsl(235,41%,62.95190619842396%)"><small>☆</small><span class="username" data-name="jrdn">jrdn</span>:</strong> <em>ah well</em></div><div class="chat chatmessage-jrdn"><strong style="color:hsl(235,41%,62.95190619842396%)"><small>☆</small><span class="username" data-name="jrdn">jrdn</span>:</strong> <em>gg</em></div><div class="spacer battle-history"><br></div><div class="battle-history"><small>(The opposing Venusaur is being withdrawn...)</small><br></div><div class="spacer battle-history"><br></div><div class="battle-history">Escavalier used <strong>Pursuit</strong>!<br></div><div class="battle-history"><small>(The opposing Venusaur lost <abbr title="−116/301">38.5%</abbr> of its health!)</small><br></div><div class="spacer battle-history"><br></div><div class="battle-history">jrdn withdrew Venusaur!<br></div><div class="battle-history">jrdn sent out <strong>Jellicent</strong>!<br></div><div class="battle-history"><small>Pointed stones dug into the opposing Jellicent!</small><br></div><div class="spacer battle-history"><br></div><div class="battle-history"><small>Escavalier restored a little HP using its Leftovers!</small><br></div><div class="spacer battle-history"><br></div><h2 class="battle-history">Turn 14</h2><div class="spacer battle-history"><br></div><div class="battle-history">Escavalier used <strong>Protect</strong>!<br></div><div class="battle-history"><small>Escavalier protected itself!</small><br></div><div class="spacer battle-history"><br></div><div class="battle-history">The opposing Jellicent used <strong>Will-O-Wisp</strong>!<br></div><div class="battle-history"><small>Escavalier protected itself!</small><br></div><div class="spacer battle-history"><br></div><div class="battle-history"><small>Escavalier restored a little HP using its Leftovers!</small><br></div><div class="spacer battle-history"><br></div><h2 class="battle-history">Turn 15</h2><div class="chat chatmessage-moonlitmile"><strong style="color:hsl(176,64%,42.94470320130315%)"><small>☆</small><span class="username" data-name="Moonlit mile">Moonlit mile</span>:</strong> <em>Sorry about that</em></div><div class="chat chatmessage-moonlitmile"><strong style="color:hsl(176,64%,42.94470320130315%)"><small>☆</small><span class="username" data-name="Moonlit mile">Moonlit mile</span>:</strong> <em>Really sucked</em></div><div class="chat chatmessage-jrdn"><strong style="color:hsl(235,41%,62.95190619842396%)"><small>☆</small><span class="username" data-name="jrdn">jrdn</span>:</strong> <em>its whatev</em></div><div class="spacer battle-history"><br></div><div class="battle-history">Escavalier, come back!<br></div><div class="battle-history">Go! <strong>Meloetta</strong>!<br></div><div class="battle-history"><small>Pointed stones dug into Meloetta!</small><br></div><div class="spacer battle-history"><br></div><div class="battle-history">The opposing Jellicent used <strong>Will-O-Wisp</strong>!<br></div><div class="battle-history"><small>But it failed!</small><br></div><div class="spacer battle-history"><br></div><h2 class="battle-history">Turn 16</h2><div class="spacer battle-history"><br></div><div class="battle-history">jrdn withdrew Jellicent!<br></div><div class="battle-history">jrdn sent out <strong>Venusaur</strong>!<br></div><div class="battle-history"><small>Pointed stones dug into the opposing Venusaur!</small><br></div><div class="spacer battle-history"><br></div><div class="battle-history">The opposing Venusaur fainted!<br></div><div class="battle-history">Meloetta is fast asleep.<br></div><div class="spacer battle-history"><br></div><div class="battle-history">jrdn sent out <strong>Diancie</strong>!<br></div><div class="battle-history"><small>Pointed stones dug into the opposing Diancie!</small><br></div><div class="spacer battle-history"><br></div><h2 class="battle-history">Turn 17</h2><div class="spacer battle-history"><br></div><div class="battle-history">Meloetta is fast asleep.<br></div><div class="spacer battle-history"><br></div><div class="battle-history">The opposing Diancie used <strong>Diamond Storm</strong>!<br></div><div class="battle-history"><small>(Meloetta lost <abbr title="−142/341">41.6%</abbr> of its health!)</small><br></div><div class="spacer battle-history"><br></div><div class="battle-history"><small>The opposing Diancie restored a little HP using its Leftovers!</small><br></div><div class="spacer battle-history"><br></div><h2 class="battle-history">Turn 18</h2><div class="spacer battle-history"><br></div><div class="battle-history">Meloetta is fast asleep.<br></div><div class="spacer battle-history"><br></div><div class="battle-history">The opposing Diancie used <strong>Diamond Storm</strong>!<br></div><div class="battle-history"><small>(Meloetta lost <abbr title="−115/341">33.7%</abbr> of its health!)</small><br></div><div class="battle-history"><small>The opposing Diancie's Defense rose!</small><br></div><div class="spacer battle-history"><br></div><div class="battle-history">Meloetta fainted!<br></div><div class="spacer battle-history"><br></div><div class="battle-history"><small>The opposing Diancie restored a little HP using its Leftovers!</small><br></div><div class="spacer battle-history"><br></div><div class="battle-history">Go! <strong>Slowking</strong>!<br></div><div class="battle-history"><small>Pointed stones dug into Slowking!</small><br></div><div class="spacer battle-history"><br></div><h2 class="battle-history">Turn 19</h2><div class="spacer battle-history"><br></div><div class="battle-history">jrdn withdrew Diancie!<br></div><div class="battle-history">jrdn sent out <strong>Magneton</strong>!<br></div><div class="battle-history"><small>Pointed stones dug into the opposing Magneton!</small><br></div><div class="spacer battle-history"><br></div><div class="battle-history">Slowking used <strong>Thunder Wave</strong>!<br></div><div class="battle-history"><small>It doesn't affect the opposing Magneton...</small><br></div><div class="spacer battle-history"><br></div><h2 class="battle-history">Turn 20</h2><div class="spacer battle-history"><br></div><div class="battle-history">jrdn withdrew Magneton!<br></div><div class="battle-history">jrdn sent out <strong>Jellicent</strong>!<br></div><div class="battle-history"><small>Pointed stones dug into the opposing Jellicent!</small><br></div><div class="spacer battle-history"><br></div><div class="battle-history">Slowking, come back!<br></div><div class="battle-history">Go! <strong>Escavalier</strong>!<br></div><div class="battle-history"><small>Pointed stones dug into Escavalier!</small><br></div><div class="spacer battle-history"><br></div><div class="battle-history"><small>Escavalier restored a little HP using its Leftovers!</small><br></div><div class="spacer battle-history"><br></div><h2 class="battle-history">Turn 21</h2><div class="spacer battle-history"><br></div><div class="battle-history">Escavalier, come back!<br></div><div class="battle-history">Go! <strong>Virizion</strong>!<br></div><div class="battle-history"><small>Pointed stones dug into Virizion!</small><br></div><div class="spacer battle-history"><br></div><div class="battle-history">The opposing Jellicent used <strong>Will-O-Wisp</strong>!<br></div><div class="battle-history"><small>Virizion was burned!</small><br></div><div class="spacer battle-history"><br></div><div class="battle-history"><small>Virizion was hurt by its burn!</small><br></div><div class="spacer battle-history"><br></div><h2 class="battle-history">Turn 22</h2><div class="spacer battle-history"><br></div><div class="battle-history">jrdn withdrew Jellicent!<br></div><div class="battle-history">jrdn sent out <strong>Magneton</strong>!<br></div><div class="battle-history"><small>Pointed stones dug into the opposing Magneton!</small><br></div><div class="spacer battle-history"><br></div><div class="battle-history">Virizion used <strong>Synthesis</strong>!<br></div><div class="battle-history"><small>Virizion restored its HP.</small><br></div><div class="spacer battle-history"><br></div><div class="battle-history"><small>Virizion was hurt by its burn!</small><br></div><div class="spacer battle-history"><br></div><h2 class="battle-history">Turn 23</h2><div class="spacer battle-history"><br></div><div class="battle-history">Virizion, come back!<br></div><div class="battle-history">Go! <strong>Escavalier</strong>!<br></div><div class="battle-history"><small>Pointed stones dug into Escavalier!</small><br></div><div class="spacer battle-history"><br></div><div class="battle-history">The opposing Magneton used <strong>Flash Cannon</strong>!<br></div><div class="battle-history"><small>It's not very effective...</small><br></div><div class="battle-history"><small>(Escavalier lost <abbr title="−52/343">15.2%</abbr> of its health!)</small><br></div><div class="spacer battle-history"><br></div><div class="battle-history"><small>Escavalier restored a little HP using its Leftovers!</small><br></div><div class="spacer battle-history"><br></div><h2 class="battle-history">Turn 24</h2><div class="spacer battle-history"><br></div><div class="battle-history">The opposing Magneton used <strong>Flash Cannon</strong>!<br></div><div class="battle-history"><small>It's not very effective...</small><br></div><div class="battle-history"><small>(Escavalier lost <abbr title="−50/343">14.6%</abbr> of its health!)</small><br></div><div class="spacer battle-history"><br></div><div class="battle-history">Escavalier used <strong>Pursuit</strong>!<br></div><div class="battle-history"><small>(The opposing Magneton lost <abbr title="−49/242">20.2%</abbr> of its health!)</small><br></div><div class="spacer battle-history"><br></div><div class="battle-history"><small>Escavalier restored a little HP using its Leftovers!</small><br></div><div class="spacer battle-history"><br></div><h2 class="battle-history">Turn 25</h2><div class="spacer battle-history"><br></div><div class="battle-history">The opposing Magneton used <strong>Flash Cannon</strong>!<br></div><div class="battle-history"><small>It's not very effective...</small><br></div><div class="battle-history"><small>(Escavalier lost <abbr title="−55/343">16.0%</abbr> of its health!)</small><br></div><div class="spacer battle-history"><br></div><div class="battle-history">Escavalier used <strong>Pursuit</strong>!<br></div><div class="battle-history"><small>(The opposing Magneton lost <abbr title="−50/242">20.7%</abbr> of its health!)</small><br></div><div class="spacer battle-history"><br></div><div class="battle-history"><small>Escavalier restored a little HP using its Leftovers!</small><br></div><div class="spacer battle-history"><br></div><h2 class="battle-history">Turn 26</h2><div class="spacer battle-history"><br></div><div class="battle-history">The opposing Magneton used <strong>Flash Cannon</strong>!<br></div><div class="battle-history"><small>It's not very effective...</small><br></div><div class="battle-history"><small>(Escavalier lost <abbr title="−54/343">15.7%</abbr> of its health!)</small><br></div><div class="spacer battle-history"><br></div><div class="battle-history">Escavalier used <strong>Pursuit</strong>!<br></div><div class="battle-history"><small>(The opposing Magneton lost <abbr title="−48/242">19.8%</abbr> of its health!)</small><br></div><div class="spacer battle-history"><br></div><div class="battle-history"><small>Escavalier restored a little HP using its Leftovers!</small><br></div><div class="spacer battle-history"><br></div><h2 class="battle-history">Turn 27</h2><div class="spacer battle-history"><br></div><div class="battle-history">The opposing Magneton used <strong>Flash Cannon</strong>!<br></div><div class="battle-history"><small>It's not very effective...</small><br></div><div class="battle-history"><small>(Escavalier lost <abbr title="−50/343">14.6%</abbr> of its health!)</small><br></div><div class="spacer battle-history"><br></div><div class="battle-history">Escavalier used <strong>Pursuit</strong>!<br></div><div class="battle-history"><small>(The opposing Magneton lost <abbr title="−53/242">21.9%</abbr> of its health!)</small><br></div><div class="spacer battle-history"><br></div><div class="battle-history"><small>Escavalier restored a little HP using its Leftovers!</small><br></div><div class="spacer battle-history"><br></div><h2 class="battle-history">Turn 28</h2><div class="spacer battle-history"><br></div><div class="battle-history">The opposing Magneton used <strong>Flash Cannon</strong>!<br></div><div class="battle-history"><small>It's not very effective...</small><br></div><div class="battle-history"><small>(Escavalier lost <abbr title="−57/343">16.6%</abbr> of its health!)</small><br></div><div class="spacer battle-history"><br></div><div class="battle-history">Escavalier used <strong>Pursuit</strong>!<br></div><div class="battle-history"><small>(The opposing Magneton lost <abbr title="−12/242">5.0%</abbr> of its health!)</small><br></div><div class="spacer battle-history"><br></div><div class="battle-history">The opposing Magneton fainted!<br></div><div class="spacer battle-history"><br></div><div class="battle-history"><small>Escavalier restored a little HP using its Leftovers!</small><br></div><div class="spacer battle-history"><br></div><div class="battle-history">jrdn sent out <strong>Diancie</strong>!<br></div><div class="battle-history"><small>Pointed stones dug into the opposing Diancie!</small><br></div><div class="spacer battle-history"><br></div><h2 class="battle-history">Turn 29</h2><div class="spacer battle-history"><br></div><div class="battle-history">The opposing Diancie used <strong>Diamond Storm</strong>!<br></div><div class="battle-history"><small>(Escavalier lost <abbr title="−62/343">18.1%</abbr> of its health!)</small><br></div><div class="spacer battle-history"><br></div><div class="battle-history">Escavalier fainted!<br></div><div class="spacer battle-history"><br></div><div class="battle-history"><small>The opposing Diancie restored a little HP using its Leftovers!</small><br></div><div class="spacer battle-history"><br></div><div class="battle-history">Go! <strong>Diancie</strong>!<br></div><div class="battle-history"><small>Pointed stones dug into Diancie!</small><br></div><div class="spacer battle-history"><br></div><h2 class="battle-history">Turn 30</h2><div class="spacer battle-history"><br></div><div class="battle-history">Diancie used <strong>Moonblast</strong>!<br></div><div class="battle-history"><small>(The opposing Diancie lost <abbr title="−87/304">28.6%</abbr> of its health!)</small><br></div><div class="spacer battle-history"><br></div><div class="battle-history">The opposing Diancie used <strong>Moonblast</strong>!<br></div><div class="battle-history"><small>(Diancie lost <abbr title="−73/303">24.1%</abbr> of its health!)</small><br></div><div class="spacer battle-history"><br></div><div class="battle-history"><small>The opposing Diancie restored a little HP using its Leftovers!</small><br></div><div class="spacer battle-history"><br></div><h2 class="battle-history">Turn 31</h2><div class="spacer battle-history"><br></div><div class="battle-history">jrdn withdrew Diancie!<br></div><div class="battle-history">jrdn sent out <strong>Jellicent</strong>!<br></div><div class="battle-history"><small>Pointed stones dug into the opposing Jellicent!</small><br></div><div class="spacer battle-history"><br></div><div class="battle-history">Diancie used <strong>Earth Power</strong>!<br></div><div class="battle-history"><small>(The opposing Jellicent lost <abbr title="−89/403">22.1%</abbr> of its health!)</small><br></div><div class="battle-history"><small>The opposing Jellicent's Special Defense fell!</small><br></div><div class="spacer battle-history"><br></div><h2 class="battle-history">Turn 32</h2><div class="spacer battle-history"><br></div><div class="battle-history">Diancie, come back!<br></div><div class="battle-history">Go! <strong>Virizion</strong>!<br></div><div class="battle-history"><small>Pointed stones dug into Virizion!</small><br></div><div class="spacer battle-history"><br></div><div class="battle-history">The opposing Jellicent used <strong>Scald</strong>!<br></div><div class="battle-history"><small>It's not very effective...</small><br></div><div class="battle-history"><small>(Virizion lost <abbr title="−30/329">9.1%</abbr> of its health!)</small><br></div><div class="spacer battle-history"><br></div><div class="battle-history"><small>Virizion was hurt by its burn!</small><br></div><div class="spacer battle-history"><br></div><h2 class="battle-history">Turn 33</h2><div class="spacer battle-history"><br></div><div class="battle-history">Virizion used <strong>Giga Drain</strong>!<br></div><div class="battle-history"><small>It's super effective!</small><br></div><div class="battle-history"><small>(The opposing Jellicent lost <abbr title="−114/403">28.3%</abbr> of its health!)</small><br></div><div class="battle-history"><small>The opposing Jellicent had its energy drained!</small><br></div><div class="battle-history"><small>Virizion lost some of its HP!</small><br></div><div class="spacer battle-history"><br></div><div class="battle-history">The opposing Jellicent fainted!<br></div><div class="spacer battle-history"><br></div><div class="battle-history"><small>Virizion was hurt by its burn!</small><br></div><div class="spacer battle-history"><br></div><div class="battle-history">jrdn sent out <strong>Diancie</strong>!<br></div><div class="battle-history"><small>Pointed stones dug into the opposing Diancie!</small><br></div><div class="spacer battle-history"><br></div><h2 class="battle-history">Turn 34</h2><div class="spacer battle-history"><br></div><div class="battle-history">Virizion used <strong>Giga Drain</strong>!<br></div><div class="battle-history"><small>It's super effective!</small><br></div><div class="battle-history"><small>(The opposing Diancie lost <abbr title="−148/304">48.7%</abbr> of its health!)</small><br></div><div class="battle-history"><small>The opposing Diancie had its energy drained!</small><br></div><div class="battle-history"><small>Virizion lost some of its HP!</small><br></div><div class="spacer battle-history"><br></div><div class="battle-history">The opposing Diancie used <strong>Moonblast</strong>!<br></div><div class="battle-history"><small>It's super effective!</small><br></div><div class="battle-history"><small>(Virizion lost <abbr title="−170/329">51.7%</abbr> of its health!)</small><br></div><div class="spacer battle-history"><br></div><div class="battle-history"><small>The opposing Diancie restored a little HP using its Leftovers!</small><br></div><div class="battle-history"><small>Virizion was hurt by its burn!</small><br></div><div class="spacer battle-history"><br></div><h2 class="battle-history">Turn 35</h2><div class="spacer battle-history"><br></div><div class="battle-history">Virizion used <strong>Giga Drain</strong>!<br></div><div class="battle-history"><small>It's super effective!</small><br></div><div class="battle-history"><small>(The opposing Diancie lost <abbr title="−50/304">16.4%</abbr> of its health!)</small><br></div><div class="battle-history"><small>The opposing Diancie had its energy drained!</small><br></div><div class="battle-history"><small>Virizion lost some of its HP!</small><br></div><div class="spacer battle-history"><br></div><div class="battle-history">The opposing Diancie fainted!<br></div><div class="spacer battle-history"><br></div><div class="battle-history"><strong>Moonlit mile</strong> won the battle!<br></div><div class="chat"><small>jrdn left.</small></div></div><div class="inner-preempt"></div></div></div>
</div>
<script>
let daily = Math.floor(Date.now()/1000/60/60/24);document.write('<script src="https://play.pokemonshowdown.com/js/replay-embed.js?version'+daily+'"></'+'script>');
</script>
