<!DOCTYPE html>
<meta charset="utf-8" />
<!-- version 1 -->
<title>RU replay: hamhamhamham vs. Natalie</title>
<style>
html,body {font-family:Verdana, sans-serif;font-size:10pt;margin:0;padding:0;}body{padding:12px 0;} .battle-log {font-family:Verdana, sans-serif;font-size:10pt;} .battle-log-inline {border:1px solid #AAAAAA;background:#EEF2F5;color:black;max-width:640px;margin:0 auto 80px;padding-bottom:5px;} .battle-log .inner {padding:4px 8px 0px 8px;} .battle-log .inner-preempt {padding:0 8px 4px 8px;} .battle-log .inner-after {margin-top:0.5em;} .battle-log h2 {margin:0.5em -8px;padding:4px 8px;border:1px solid #AAAAAA;background:#E0E7EA;border-left:0;border-right:0;font-family:Verdana, sans-serif;font-size:13pt;} .battle-log .chat {vertical-align:middle;padding:3px 0 3px 0;font-size:8pt;} .battle-log .chat strong {color:#40576A;} .battle-log .chat em {padding:1px 4px 1px 3px;color:#000000;font-style:normal;} .chat.mine {background:rgba(0,0,0,0.05);margin-left:-8px;margin-right:-8px;padding-left:8px;padding-right:8px;} .spoiler {color:#BBBBBB;background:#BBBBBB;padding:0px 3px;} .spoiler:hover, .spoiler:active, .spoiler-shown {color:#000000;background:#E2E2E2;padding:0px 3px;} .spoiler a {color:#BBBBBB;} .spoiler:hover a, .spoiler:active a, .spoiler-shown a {color:#2288CC;} .chat code, .chat .spoiler:hover code, .chat .spoiler:active code, .chat .spoiler-shown code {border:1px solid #C0C0C0;background:#EEEEEE;color:black;padding:0 2px;} .chat .spoiler code {border:1px solid #CCCCCC;background:#CCCCCC;color:#CCCCCC;} .battle-log .rated {padding:3px 4px;} .battle-log .rated strong {color:white;background:#89A;padding:1px 4px;border-radius:4px;} .spacer {margin-top:0.5em;} .message-announce {background:#6688AA;color:white;padding:1px 4px 2px;} .message-announce a, .broadcast-green a, .broadcast-blue a, .broadcast-red a {color:#DDEEFF;} .broadcast-green {background-color:#559955;color:white;padding:2px 4px;} .broadcast-blue {background-color:#6688AA;color:white;padding:2px 4px;} .infobox {border:1px solid #6688AA;padding:2px 4px;} .infobox-limited {max-height:200px;overflow:auto;overflow-x:hidden;} .broadcast-red {background-color:#AA5544;color:white;padding:2px 4px;} .message-learn-canlearn {font-weight:bold;color:#228822;text-decoration:underline;} .message-learn-cannotlearn {font-weight:bold;color:#CC2222;text-decoration:underline;} .message-effect-weak {font-weight:bold;color:#CC2222;} .message-effect-resist {font-weight:bold;color:#6688AA;} .message-effect-immune {font-weight:bold;color:#666666;} .message-learn-list {margin-top:0;margin-bottom:0;} .message-throttle-notice, .message-error {color:#992222;} .message-overflow, .chat small.message-overflow {font-size:0pt;} .message-overflow::before {font-size:9pt;content:'...';} .subtle {color:#3A4A66;}
</style>
<div class="wrapper replay-wrapper" style="max-width:1180px;margin:0 auto">
<input type="hidden" name="replayid" value="ru-524953069" />
<div class="battle"></div><div class="battle-log"></div><div class="replay-controls"></div><div class="replay-controls-2"></div>
<h1 style="font-weight:normal;text-align:center"><strong>RU</strong><br /><a href="http://pokemonshowdown.com/users/hamhamhamham" class="subtle" target="_blank">hamhamhamham</a> vs. <a href="http://pokemonshowdown.com/users/natalie" class="subtle" target="_blank">Natalie</a></h1>
<script type="text/plain" class="battle-log-data">|j|hamhamhamham
|j|Natalie
|player|p1|hamhamhamham|181
|player|p2|Natalie|81
|gametype|singles
|gen|6
|tier|RU
|seed|48505,11646,12149,11834
|rule|Sleep Clause Mod: Limit one foe put to sleep
|rule|Species Clause: Limit one of each Pokémon
|rule|OHKO Clause: OHKO moves are banned
|rule|Moody Clause: Moody is banned
|rule|Evasion Moves Clause: Evasion moves are banned
|rule|Endless Battle Clause: Forcing endless battles is banned
|rule|HP Percentage Mod: HP is shown in percentages
|clearpoke
|poke|p1|Glalie, F|item
|poke|p1|Blastoise, F|item
|poke|p1|Escavalier, M|item
|poke|p1|Drapion, M|item
|poke|p1|Rotom-Mow|item
|poke|p1|Uxie|item
|poke|p2|Sneasel, F|item
|poke|p2|Rhyperior, M|item
|poke|p2|Escavalier, M|item
|poke|p2|Venusaur, M|item
|poke|p2|Blastoise, M|item
|poke|p2|Sigilyph, M|item
|rule|Swagger Clause: Swagger is banned
|rule|Baton Pass Clause: Limit one Baton Passer, can't pass Spe and other stats simultaneously
|teampreview
|j|Stats Bot
|l|Stats Bot
|j|Paranoix
|c|★Natalie|hf
|j|Alolalolololololol
|j|Gustalink17
|j|Weekender
|j|T1t4N
|j|Darklem
|j|zero150
|j|falconfuck
|j|Dangkhoa
|j|Tzop
|l|falconfuck
|j|PokemonC'estDur
|c|★hamhamhamham|hf
|j|JaccaMacca100
|j|HNBL
|j|DougSwellows
|j|spaceworm
|choice|team 2, team 1, team 3, team 4, team 5, team 6|team 3, team 2, team 1, team 4, team 5, team 6
|
|start
|switch|p1a: Blastoise|Blastoise, F|361\/361
|switch|p2a: Escavalier|Escavalier, M|335\/335
|turn|1
|j|Jeran
|c| HNBL|Leggo ham×4
|j|AlexAkSD
|choice|move scald|switch 4
|
|switch|p2a: felipe burnboy|Venusaur, M|357\/357
|move|p1a: Blastoise|Scald|p2a: felipe burnboy
|-resisted|p2a: felipe burnboy
|-damage|p2a: felipe burnboy|315\/357
|
|-heal|p2a: felipe burnboy|337\/357|[from] item: Black Sludge
|upkeep
|turn|2
|c| HNBL|Jeran turn on pms please
|c| Dangkhoa|battle-ru-524953069
|choice|switch 6|move knockoff
|
|switch|p1a: Uxie|Uxie|353\/353
|move|p2a: felipe burnboy|Knock Off|p1a: Uxie
|-supereffective|p1a: Uxie
|-damage|p1a: Uxie|273\/353
|-enditem|p1a: Uxie|Leftovers|[from] move: Knock Off|[of] p2a: felipe burnboy
|
|-heal|p2a: felipe burnboy|357\/357|[from] item: Black Sludge
|upkeep
|turn|3
|j|Gamerninjaplay
|choice|move uturn|switch 2
|
|switch|p2a: Rhyperior|Rhyperior, M|417\/417
|move|p1a: Uxie|U-turn|p2a: Rhyperior
|-damage|p2a: Rhyperior|382\/417
|j|SenorLoro
|j|Spinnaker
|j|Le fat kid
|choice|switch 5|
|
|switch|p1a: Rotom|Rotom-Mow|241\/241
|
|-heal|p2a: Rhyperior|408\/417|[from] item: Leftovers
|upkeep
|turn|4
|l|SenorLoro
|j|Alcier
|l|HNBL
|j|Zganefon
|choice|move leafstorm|switch 2
|
|switch|p2a: felipe burnboy|Venusaur, M|357\/357
|move|p1a: Rotom|Leaf Storm|p2a: felipe burnboy
|-resisted|p2a: felipe burnboy
|-damage|p2a: felipe burnboy|270\/357
|-unboost|p1a: Rotom|spa|2
|
|-heal|p2a: felipe burnboy|292\/357|[from] item: Black Sludge
|upkeep
|turn|5
|j|Gentletrainer
|j|Ebola Mint
|choice|switch 5|move knockoff
|
|switch|p1a: Uxie|Uxie|273\/353
|move|p2a: felipe burnboy|Knock Off|p1a: Uxie
|-supereffective|p1a: Uxie
|-damage|p1a: Uxie|215\/353
|
|-heal|p2a: felipe burnboy|314\/357|[from] item: Black Sludge
|upkeep
|turn|6
|choice|move uturn|move sludgebomb
|
|move|p1a: Uxie|U-turn|p2a: felipe burnboy
|-damage|p2a: felipe burnboy|276\/357
|choice|switch 4|
|
|switch|p1a: Drapion|Drapion, M|281\/281
|move|p2a: felipe burnboy|Sludge Bomb|p1a: Drapion
|-resisted|p1a: Drapion
|-damage|p1a: Drapion|208\/281
|
|-heal|p2a: felipe burnboy|298\/357|[from] item: Black Sludge
|upkeep
|turn|7
|choice|move knockoff|move knockoff
|
|move|p1a: Drapion|Knock Off|p2a: felipe burnboy
|-damage|p2a: felipe burnboy|190\/357
|-enditem|p2a: felipe burnboy|Black Sludge|[from] move: Knock Off|[of] p1a: Drapion
|move|p2a: felipe burnboy|Knock Off|p1a: Drapion
|-resisted|p1a: Drapion
|-damage|p1a: Drapion|180\/281
|-enditem|p1a: Drapion|Choice Scarf|[from] move: Knock Off|[of] p2a: felipe burnboy
|
|upkeep
|turn|8
|choice|switch 2|move synthesis
|
|switch|p1a: Glalie|Glalie, F|301\/301
|move|p2a: felipe burnboy|Synthesis|p2a: felipe burnboy
|-heal|p2a: felipe burnboy|357\/357
|
|upkeep
|turn|9
|j|ErRai
|choice|move doubleedge mega|switch 4
|
|switch|p2a: Escavalier|Escavalier, M|335\/335
|detailschange|p1a: Glalie|Glalie-Mega, F
|-mega|p1a: Glalie|Glalie|Glalitite
|move|p1a: Glalie|Double-Edge|p2a: Escavalier
|-resisted|p2a: Escavalier
|-damage|p2a: Escavalier|221\/335
|-damage|p1a: Glalie|263\/301|[from] recoil|[of] p2a: Escavalier
|
|upkeep
|turn|10
|choice|switch 3|move pursuit
|
|-activate|p1a: Glalie|move: Pursuit
|move|p2a: Escavalier|Pursuit|p1a: Glalie|[from]Pursuit
|-damage|p1a: Glalie|134\/301
|switch|p1a: Escavalier|Escavalier, M|343\/343
|
|upkeep
|turn|11
|choice|move megahorn|switch 2
|
|switch|p2a: Rhyperior|Rhyperior, M|408\/417
|move|p1a: Escavalier|Megahorn|p2a: Rhyperior
|-damage|p2a: Rhyperior|249\/417
|
|-heal|p2a: Rhyperior|275\/417|[from] item: Leftovers
|upkeep
|turn|12
|j|best8275
|choice|move swordsdance|move stealthrock
|
|move|p2a: Rhyperior|Stealth Rock|p1a: Escavalier
|-sidestart|p1: hamhamhamham|move: Stealth Rock
|move|p1a: Escavalier|Swords Dance|p1a: Escavalier
|-boost|p1a: Escavalier|atk|2
|
|-heal|p2a: Rhyperior|301\/417|[from] item: Leftovers
|upkeep
|turn|13
|l|AlexAkSD
|choice|move megahorn|move earthquake
|
|move|p2a: Rhyperior|Earthquake|p1a: Escavalier
|-damage|p1a: Escavalier|159\/343
|move|p1a: Escavalier|Megahorn|p2a: Rhyperior|[miss]
|-miss|p1a: Escavalier|p2a: Rhyperior
|
|-heal|p2a: Rhyperior|327\/417|[from] item: Leftovers
|-heal|p1a: Escavalier|180\/343|[from] item: Leftovers
|upkeep
|turn|14
|l|Ebola Mint
|choice|switch 6|move earthquake
|
|switch|p1a: Blastoise|Blastoise, F|361\/361
|-damage|p1a: Blastoise|316\/361|[from] Stealth Rock
|move|p2a: Rhyperior|Earthquake|p1a: Blastoise
|-damage|p1a: Blastoise|192\/361
|
|-heal|p1a: Blastoise|214\/361|[from] item: Leftovers
|-heal|p2a: Rhyperior|353\/417|[from] item: Leftovers
|upkeep
|turn|15
|choice|move rapidspin|switch 4
|
|switch|p2a: felipe burnboy|Venusaur, M|357\/357
|move|p1a: Blastoise|Rapid Spin|p2a: felipe burnboy
|-damage|p2a: felipe burnboy|349\/357
|-sideend|p1: hamhamhamham|Stealth Rock|[from] move: Rapid Spin|[of] p1a: Blastoise
|
|-heal|p1a: Blastoise|236\/361|[from] item: Leftovers
|upkeep
|turn|16
|l|Gentletrainer
|l|Dangkhoa
|choice|switch 6|move knockoff
|
|switch|p1a: Escavalier|Escavalier, M|180\/343
|move|p2a: felipe burnboy|Knock Off|p1a: Escavalier
|-damage|p1a: Escavalier|124\/343
|-enditem|p1a: Escavalier|Leftovers|[from] move: Knock Off|[of] p2a: felipe burnboy
|
|upkeep
|turn|17
|j|MelMartinezFan9 ♡
|choice|move rest|switch 5
|
|switch|p2a: Blastoise|Blastoise, M|359\/359
|move|p1a: Escavalier|Rest|p1a: Escavalier
|-status|p1a: Escavalier|slp
|-heal|p1a: Escavalier|343\/343 slp|[silent]
|-status|p1a: Escavalier|slp|[from] move: Rest
|
|upkeep
|turn|18
|j|xeli3x
|choice|move sleeptalk|switch 6
|
|switch|p2a: Sigilyph|Sigilyph, M|285\/285
|cant|p1a: Escavalier|slp
|move|p1a: Escavalier|Sleep Talk|p1a: Escavalier
|move|p1a: Escavalier|Rest|p1a: Escavalier|[from]Sleep Talk
|-fail|p1a: Escavalier
|
|upkeep
|turn|19
|l|Spinnaker
|choice|switch 4|move heatwave
|
|switch|p1a: Uxie|Uxie|215\/353
|move|p2a: Sigilyph|Heat Wave|p1a: Uxie|[miss]
|-miss|p2a: Sigilyph|p1a: Uxie
|
|upkeep
|turn|20
|l|ErRai
|choice|move uturn|switch 4
|
|switch|p2a: Rhyperior|Rhyperior, M|353\/417
|move|p1a: Uxie|U-turn|p2a: Rhyperior
|-damage|p2a: Rhyperior|318\/417
|j|Lashum
|l|Gamerninjaplay
|choice|switch 5|
|
|switch|p1a: Rotom|Rotom-Mow|241\/241
|
|-heal|p2a: Rhyperior|344\/417|[from] item: Leftovers
|upkeep
|turn|21
|choice|move voltswitch|switch 5
|
|switch|p2a: felipe burnboy|Venusaur, M|349\/357
|move|p1a: Rotom|Volt Switch|p2a: felipe burnboy
|-resisted|p2a: felipe burnboy
|-damage|p2a: felipe burnboy|259\/357
|j|chaitu
|choice|switch 3|
|
|switch|p1a: Glalie|Glalie-Mega, F|134\/301
|
|upkeep
|turn|22
|l|Lashum
|choice|move doubleedge|switch 6
|
|switch|p2a: Blastoise|Blastoise, M|359\/359
|move|p1a: Glalie|Double-Edge|p2a: Blastoise
|-resisted|p2a: Blastoise
|-damage|p2a: Blastoise|275\/359
|-damage|p1a: Glalie|106\/301|[from] recoil|[of] p2a: Blastoise
|
|-heal|p2a: Blastoise|297\/359|[from] item: Leftovers
|upkeep
|turn|23
|j|My Big Diggersby
|j|ThaCrownfool
|choice|switch 3|switch 3
|
|switch|p1a: Rotom|Rotom-Mow|241\/241
|switch|p2a: Sneasel|Sneasel, F|251\/251
|
|upkeep
|turn|24
|choice|switch 4|switch 6
|
|switch|p2a: felipe burnboy|Venusaur, M|259\/357
|switch|p1a: Escavalier|Escavalier, M|343\/343 slp
|
|upkeep
|turn|25
|j|Oshawott Fan
|l|PokemonC'estDur
|c| My Big Diggersby|these doubles
|choice|move sleeptalk|switch 5
|
|switch|p2a: Rhyperior|Rhyperior, M|344\/417
|cant|p1a: Escavalier|slp
|move|p1a: Escavalier|Sleep Talk|p1a: Escavalier
|move|p1a: Escavalier|Rest|p1a: Escavalier|[from]Sleep Talk
|-fail|p1a: Escavalier
|
|-heal|p2a: Rhyperior|370\/417|[from] item: Leftovers
|upkeep
|turn|26
|j|Spinnaker
|l|Spinnaker
|choice|switch 6|move stealthrock
|
|switch|p1a: Blastoise|Blastoise, F|236\/361
|move|p2a: Rhyperior|Stealth Rock|p1a: Blastoise
|-sidestart|p1: hamhamhamham|move: Stealth Rock
|
|-heal|p1a: Blastoise|258\/361|[from] item: Leftovers
|-heal|p2a: Rhyperior|396\/417|[from] item: Leftovers
|upkeep
|turn|27
|j|caua loko
|choice|move rapidspin|switch 4
|
|switch|p2a: Sigilyph|Sigilyph, M|285\/285
|move|p1a: Blastoise|Rapid Spin|p2a: Sigilyph
|-damage|p2a: Sigilyph|271\/285
|-sideend|p1: hamhamhamham|Stealth Rock|[from] move: Rapid Spin|[of] p1a: Blastoise
|
|-heal|p1a: Blastoise|280\/361|[from] item: Leftovers
|upkeep
|turn|28
|j|SismicBlack (^
|l|SismicBlack (^
|l|chaitu
|choice|switch 5|move energyball
|
|switch|p1a: Uxie|Uxie|215\/353
|move|p2a: Sigilyph|Energy Ball|p1a: Uxie
|-damage|p1a: Uxie|145\/353
|
|upkeep
|turn|29
|l|ThaCrownfool
|choice|move uturn|move airslash
|
|move|p2a: Sigilyph|Air Slash|p1a: Uxie
|-damage|p1a: Uxie|44\/353
|move|p1a: Uxie|U-turn|p2a: Sigilyph
|-damage|p2a: Sigilyph|218\/285
|choice|switch 5|
|
|switch|p1a: Blastoise|Blastoise, F|280\/361
|
|-heal|p1a: Blastoise|302\/361|[from] item: Leftovers
|upkeep
|turn|30
|c|★hamhamhamham|ops
|j|PokemonC'estDur
|c|★hamhamhamham|meant glalie
|choice|switch 5|move energyball
|
|switch|p1a: Uxie|Uxie|44\/353
|move|p2a: Sigilyph|Energy Ball|p1a: Uxie
|-damage|p1a: Uxie|0 fnt
|faint|p1a: Uxie
|
|upkeep
|c|★Natalie|x
|c| JaccaMacca100|omg these arent even stall teams
|choice|switch 3|
|
|switch|p1a: Glalie|Glalie-Mega, F|106\/301
|turn|31
|choice|move freezedry|switch 6
|
|switch|p2a: Sneasel|Sneasel, F|251\/251
|move|p1a: Glalie|Freeze-Dry|p2a: Sneasel
|-resisted|p2a: Sneasel
|-damage|p2a: Sneasel|182\/251
|
|upkeep
|turn|32
|choice|switch 5|move pursuit
|
|-activate|p1a: Glalie|move: Pursuit
|move|p2a: Sneasel|Pursuit|p1a: Glalie|[from]Pursuit
|-crit|p1a: Glalie
|-damage|p1a: Glalie|0 fnt
|-damage|p2a: Sneasel|157\/251|[from] item: Life Orb
|faint|p1a: Glalie
|
|upkeep
|j|Dangkhoa
|l|Dangkhoa
|choice|switch 6|
|
|switch|p1a: Escavalier|Escavalier, M|343\/343 slp
|turn|33
|j|Dangkhoa
|choice|move swordsdance|switch 4
|
|switch|p2a: Rhyperior|Rhyperior, M|396\/417
|-curestatus|p1a: Escavalier|slp|[msg]
|move|p1a: Escavalier|Swords Dance|p1a: Escavalier
|-boost|p1a: Escavalier|atk|2
|
|-heal|p2a: Rhyperior|417\/417|[from] item: Leftovers
|upkeep
|turn|34
|l|Dangkhoa
|j|falconfuck
|l|Oshawott Fan
|choice|move megahorn|move earthquake
|
|move|p2a: Rhyperior|Earthquake|p1a: Escavalier
|-damage|p1a: Escavalier|174\/343
|move|p1a: Escavalier|Megahorn|p2a: Rhyperior
|-damage|p2a: Rhyperior|126\/417
|
|-heal|p2a: Rhyperior|152\/417|[from] item: Leftovers
|upkeep
|turn|35
|l|caua loko
|choice|move megahorn|move rockblast
|
|move|p2a: Rhyperior|Rock Blast|p1a: Escavalier
|-damage|p1a: Escavalier|129\/343
|-damage|p1a: Escavalier|87\/343
|-damage|p1a: Escavalier|41\/343
|-damage|p1a: Escavalier|0 fnt
|-hitcount|p1a: Escavalier|4
|faint|p1a: Escavalier
|
|-heal|p2a: Rhyperior|178\/417|[from] item: Leftovers
|upkeep
|l|Jeran
|l|T1t4N
|c|★hamhamhamham|gg
|c|★Natalie|gg
|c| JaccaMacca100|gg
|-message|hamhamhamham forfeited.
|
|win|Natalie
|player|p1
|player|p2</script>
</div>
<div class="battle-log battle-log-inline"><div class="inner"><div class="battle-options"></div><div class="inner"><div class="chat"><small>hamhamhamham joined.</small></div><div class="chat"><small>Natalie joined.</small></div><div class=""><small>Format:</small> <br><strong>RU</strong></div><div class=""><small><em>Sleep Clause Mod:</em> Limit one foe put to sleep</small></div><div class=""><small><em>Species Clause:</em> Limit one of each Pokémon</small></div><div class=""><small><em>OHKO Clause:</em> OHKO moves are banned</small></div><div class=""><small><em>Moody Clause:</em> Moody is banned</small></div><div class=""><small><em>Evasion Moves Clause:</em> Evasion moves are banned</small></div><div class=""><small><em>Endless Battle Clause:</em> Forcing endless battles is banned</small></div><div class=""><small><em>HP Percentage Mod:</em> HP is shown in percentages</small></div><div class=""><small><em>Swagger Clause:</em> Swagger is banned</small></div><div class=""><small><em>Baton Pass Clause:</em> Limit one Baton Passer, can't pass Spe and other stats simultaneously</small></div><div class="chat battle-history"><strong>hamhamhamham's team:</strong> <em style="color:#445566;display:block;">Glalie / Blastoise / Escavalier / Drapion / Rotom-Mow / Uxie</em></div><div class="chat battle-history"><strong>Natalie's team:</strong> <em style="color:#445566;display:block;">Sneasel / Rhyperior / Escavalier / Venusaur / Blastoise / Sigilyph</em></div><div class="chat"><small>Stats Bot joined.</small></div><div class="chat"><small>Stats Bot left.</small></div><div class="chat"><small>Paranoix joined.</small></div><div class="chat chatmessage-natalie"><strong style="color:hsl(102,59%,31%)"><small>★</small><span class="username" data-name="Natalie">Natalie</span>:</strong> <em>hf</em></div><div class="chat"><small>Alolalolololololol joined.</small></div><div class="chat"><small>Gustalink17 joined.</small></div><div class="chat"><small>Weekender joined.</small></div><div class="chat"><small>T1t4N joined.</small></div><div class="chat"><small>Darklem joined.</small></div><div class="chat"><small>zero150 joined.</small></div><div class="chat"><small>falconfuck joined.</small></div><div class="chat"><small>Dangkhoa joined.</small></div><div class="chat"><small>Tzop joined.</small></div><div class="chat"><small>falconfuck left.</small></div><div class="chat"><small>PokemonC'estDur joined.</small></div><div class="chat chatmessage-hamhamhamham"><strong style="color:hsl(320,86%,43%)"><small>★</small><span class="username" data-name="hamhamhamham">hamhamhamham</span>:</strong> <em>hf</em></div><div class="chat"><small>JaccaMacca100 joined.</small></div><div class="chat"><small>HNBL joined.</small></div><div class="chat"><small>DougSwellows joined.</small></div><div class="chat"><small>spaceworm joined.</small></div><div class="spacer battle-history"><br></div><div class="battle-history">Battle started between hamhamhamham and Natalie!<br></div><div class="spacer battle-history"><br></div><div class="battle-history">Go! <strong>Blastoise</strong>!<br></div><div class="spacer battle-history"><br></div><div class="battle-history">Natalie sent out <strong>Escavalier</strong>!<br></div><div class="spacer battle-history"><br></div><h2 class="battle-history">Turn 1</h2><div class="chat"><small>Jeran joined.</small></div><div class="chat chatmessage-hnbl"><strong style="color:hsl(115,65%,30%)"><small> </small><span class="username" data-name="HNBL">HNBL</span>:</strong> <em>Leggo ham×4</em></div><div class="chat"><small>AlexAkSD joined.</small></div><div class="spacer battle-history"><br></div><div class="battle-history">Natalie withdrew Escavalier!<br></div><div class="battle-history">Natalie sent out felipe burnboy (<strong>Venusaur</strong>)!<br></div><div class="spacer battle-history"><br></div><div class="battle-history">Blastoise used <strong>Scald</strong>!<br></div><div class="battle-history"><small>It's not very effective...</small><br></div><div class="battle-history"><small>(The opposing felipe burnboy lost <abbr title="−42/357">11.8%</abbr> of its health!)</small><br></div><div class="spacer battle-history"><br></div><div class="battle-history"><small>The opposing felipe burnboy restored a little HP using its Black Sludge!</small><br></div><div class="spacer battle-history"><br></div><h2 class="battle-history">Turn 2</h2><div class="chat chatmessage-hnbl"><strong style="color:hsl(115,65%,30%)"><small> </small><span class="username" data-name="HNBL">HNBL</span>:</strong> <em>Jeran turn on pms please</em></div><div class="chat chatmessage-dangkhoa"><strong style="color:hsl(284,74%,45.85059602057408%)"><small> </small><span class="username" data-name="Dangkhoa">Dangkhoa</span>:</strong> <em>battle-ru-524953069</em></div><div class="spacer battle-history"><br></div><div class="battle-history">Blastoise, come back!<br></div><div class="battle-history">Go! <strong>Uxie</strong>!<br></div><div class="spacer battle-history"><br></div><div class="battle-history">The opposing felipe burnboy used <strong>Knock Off</strong>!<br></div><div class="battle-history"><small>It's super effective!</small><br></div><div class="battle-history"><small>(Uxie lost <abbr title="−80/353">22.7%</abbr> of its health!)</small><br></div><div class="battle-history"><small>The opposing felipe burnboy knocked off Uxie's Leftovers!</small><br></div><div class="spacer battle-history"><br></div><div class="battle-history"><small>The opposing felipe burnboy restored a little HP using its Black Sludge!</small><br></div><div class="spacer battle-history"><br></div><h2 class="battle-history">Turn 3</h2><div class="chat"><small>Gamerninjaplay joined.</small></div><div class="spacer battle-history"><br></div><div class="battle-history">Natalie withdrew felipe burnboy!<br></div><div class="battle-history">Natalie sent out <strong>Rhyperior</strong>!<br></div><div class="spacer battle-history"><br></div><div class="battle-history">Uxie used <strong>U-turn</strong>!<br></div><div class="battle-history"><small>(The opposing Rhyperior lost <abbr title="−35/417">8.4%</abbr> of its health!)</small><br></div><div class="chat"><small>SenorLoro joined.</small></div><div class="chat"><small>Spinnaker joined.</small></div><div class="chat"><small>Le fat kid joined.</small></div><div class="spacer battle-history"><br></div><div class="battle-history">Uxie went back to hamhamhamham!<br></div><div class="battle-history">Go! Rotom (<strong>Rotom-Mow</strong>)!<br></div><div class="spacer battle-history"><br></div><div class="battle-history"><small>The opposing Rhyperior restored a little HP using its Leftovers!</small><br></div><div class="spacer battle-history"><br></div><h2 class="battle-history">Turn 4</h2><div class="chat"><small>SenorLoro left.</small></div><div class="chat"><small>Alcier joined.</small></div><div class="chat"><small>HNBL left.</small></div><div class="chat"><small>Zganefon joined.</small></div><div class="spacer battle-history"><br></div><div class="battle-history">Natalie withdrew Rhyperior!<br></div><div class="battle-history">Natalie sent out felipe burnboy (<strong>Venusaur</strong>)!<br></div><div class="spacer battle-history"><br></div><div class="battle-history">Rotom used <strong>Leaf Storm</strong>!<br></div><div class="battle-history"><small>It's not very effective...</small><br></div><div class="battle-history"><small>(The opposing felipe burnboy lost <abbr title="−87/357">24.4%</abbr> of its health!)</small><br></div><div class="battle-history"><small>Rotom's Special Attack fell harshly!</small><br></div><div class="spacer battle-history"><br></div><div class="battle-history"><small>The opposing felipe burnboy restored a little HP using its Black Sludge!</small><br></div><div class="spacer battle-history"><br></div><h2 class="battle-history">Turn 5</h2><div class="chat"><small>Gentletrainer joined.</small></div><div class="chat"><small>Ebola Mint joined.</small></div><div class="spacer battle-history"><br></div><div class="battle-history">Rotom, come back!<br></div><div class="battle-history">Go! <strong>Uxie</strong>!<br></div><div class="spacer battle-history"><br></div><div class="battle-history">The opposing felipe burnboy used <strong>Knock Off</strong>!<br></div><div class="battle-history"><small>It's super effective!</small><br></div><div class="battle-history"><small>(Uxie lost <abbr title="−58/353">16.4%</abbr> of its health!)</small><br></div><div class="spacer battle-history"><br></div><div class="battle-history"><small>The opposing felipe burnboy restored a little HP using its Black Sludge!</small><br></div><div class="spacer battle-history"><br></div><h2 class="battle-history">Turn 6</h2><div class="spacer battle-history"><br></div><div class="battle-history">Uxie used <strong>U-turn</strong>!<br></div><div class="battle-history"><small>(The opposing felipe burnboy lost <abbr title="−38/357">10.6%</abbr> of its health!)</small><br></div><div class="spacer battle-history"><br></div><div class="battle-history">Uxie went back to hamhamhamham!<br></div><div class="battle-history">Go! <strong>Drapion</strong>!<br></div><div class="spacer battle-history"><br></div><div class="battle-history">The opposing felipe burnboy used <strong>Sludge Bomb</strong>!<br></div><div class="battle-history"><small>It's not very effective...</small><br></div><div class="battle-history"><small>(Drapion lost <abbr title="−73/281">26.0%</abbr> of its health!)</small><br></div><div class="spacer battle-history"><br></div><div class="battle-history"><small>The opposing felipe burnboy restored a little HP using its Black Sludge!</small><br></div><div class="spacer battle-history"><br></div><h2 class="battle-history">Turn 7</h2><div class="spacer battle-history"><br></div><div class="battle-history">Drapion used <strong>Knock Off</strong>!<br></div><div class="battle-history"><small>(The opposing felipe burnboy lost <abbr title="−108/357">30.3%</abbr> of its health!)</small><br></div><div class="battle-history"><small>Drapion knocked off the opposing felipe burnboy's Black Sludge!</small><br></div><div class="spacer battle-history"><br></div><div class="battle-history">The opposing felipe burnboy used <strong>Knock Off</strong>!<br></div><div class="battle-history"><small>It's not very effective...</small><br></div><div class="battle-history"><small>(Drapion lost <abbr title="−28/281">10.0%</abbr> of its health!)</small><br></div><div class="battle-history"><small>The opposing felipe burnboy knocked off Drapion's Choice Scarf!</small><br></div><div class="spacer battle-history"><br></div><h2 class="battle-history">Turn 8</h2><div class="spacer battle-history"><br></div><div class="battle-history">Drapion, come back!<br></div><div class="battle-history">Go! <strong>Glalie</strong>!<br></div><div class="spacer battle-history"><br></div><div class="battle-history">The opposing felipe burnboy used <strong>Synthesis</strong>!<br></div><div class="battle-history"><small>The opposing felipe burnboy restored its HP.</small><br></div><div class="spacer battle-history"><br></div><h2 class="battle-history">Turn 9</h2><div class="chat"><small>ErRai joined.</small></div><div class="spacer battle-history"><br></div><div class="battle-history">Natalie withdrew felipe burnboy!<br></div><div class="battle-history">Natalie sent out <strong>Escavalier</strong>!<br></div><div class="spacer battle-history"><br></div><div class="battle-history"><small>Glalie's Glalitite is reacting to hamhamhamham's Mega Bracelet!</small><br>Glalie has Mega Evolved into Mega Glalie!<br></div><div class="spacer battle-history"><br></div><div class="battle-history">Glalie used <strong>Double-Edge</strong>!<br></div><div class="battle-history"><small>It's not very effective...</small><br></div><div class="battle-history"><small>(The opposing Escavalier lost <abbr title="−114/335">34.0%</abbr> of its health!)</small><br></div><div class="battle-history"><small>Glalie is damaged by the recoil!</small><br></div><div class="spacer battle-history"><br></div><h2 class="battle-history">Turn 10</h2><div class="spacer battle-history"><br></div><div class="battle-history"><small>(Glalie is being withdrawn...)</small><br></div><div class="spacer battle-history"><br></div><div class="battle-history">The opposing Escavalier used <strong>Pursuit</strong>!<br></div><div class="battle-history"><small>(Glalie lost <abbr title="−129/301">42.9%</abbr> of its health!)</small><br></div><div class="spacer battle-history"><br></div><div class="battle-history">Glalie, come back!<br></div><div class="battle-history">Go! <strong>Escavalier</strong>!<br></div><div class="spacer battle-history"><br></div><h2 class="battle-history">Turn 11</h2><div class="spacer battle-history"><br></div><div class="battle-history">Natalie withdrew Escavalier!<br></div><div class="battle-history">Natalie sent out <strong>Rhyperior</strong>!<br></div><div class="spacer battle-history"><br></div><div class="battle-history">Escavalier used <strong>Megahorn</strong>!<br></div><div class="battle-history"><small>(The opposing Rhyperior lost <abbr title="−159/417">38.1%</abbr> of its health!)</small><br></div><div class="spacer battle-history"><br></div><div class="battle-history"><small>The opposing Rhyperior restored a little HP using its Leftovers!</small><br></div><div class="spacer battle-history"><br></div><h2 class="battle-history">Turn 12</h2><div class="chat"><small>best8275 joined.</small></div><div class="spacer battle-history"><br></div><div class="battle-history">The opposing Rhyperior used <strong>Stealth Rock</strong>!<br></div><div class="battle-history"><small>Pointed stones float in the air around your team!</small><br></div><div class="spacer battle-history"><br></div><div class="battle-history">Escavalier used <strong>Swords Dance</strong>!<br></div><div class="battle-history"><small>Escavalier's Attack rose sharply!</small><br></div><div class="spacer battle-history"><br></div><div class="battle-history"><small>The opposing Rhyperior restored a little HP using its Leftovers!</small><br></div><div class="spacer battle-history"><br></div><h2 class="battle-history">Turn 13</h2><div class="chat"><small>AlexAkSD left.</small></div><div class="spacer battle-history"><br></div><div class="battle-history">The opposing Rhyperior used <strong>Earthquake</strong>!<br></div><div class="battle-history"><small>(Escavalier lost <abbr title="−184/343">53.6%</abbr> of its health!)</small><br></div><div class="spacer battle-history"><br></div><div class="battle-history">Escavalier used <strong>Megahorn</strong>!<br></div><div class="battle-history"><small>The opposing Rhyperior avoided the attack!</small><br></div><div class="spacer battle-history"><br></div><div class="battle-history"><small>The opposing Rhyperior restored a little HP using its Leftovers!</small><br></div><div class="battle-history"><small>Escavalier restored a little HP using its Leftovers!</small><br></div><div class="spacer battle-history"><br></div><h2 class="battle-history">Turn 14</h2><div class="chat"><small>Ebola Mint left.</small></div><div class="spacer battle-history"><br></div><div class="battle-history">Escavalier, come back!<br></div><div class="battle-history">Go! <strong>Blastoise</strong>!<br></div><div class="battle-history"><small>Pointed stones dug into Blastoise!</small><br></div><div class="spacer battle-history"><br></div><div class="battle-history">The opposing Rhyperior used <strong>Earthquake</strong>!<br></div><div class="battle-history"><small>(Blastoise lost <abbr title="−124/361">34.3%</abbr> of its health!)</small><br></div><div class="spacer battle-history"><br></div><div class="battle-history"><small>Blastoise restored a little HP using its Leftovers!</small><br></div><div class="battle-history"><small>The opposing Rhyperior restored a little HP using its Leftovers!</small><br></div><div class="spacer battle-history"><br></div><h2 class="battle-history">Turn 15</h2><div class="spacer battle-history"><br></div><div class="battle-history">Natalie withdrew Rhyperior!<br></div><div class="battle-history">Natalie sent out felipe burnboy (<strong>Venusaur</strong>)!<br></div><div class="spacer battle-history"><br></div><div class="battle-history">Blastoise used <strong>Rapid Spin</strong>!<br></div><div class="battle-history"><small>(The opposing felipe burnboy lost <abbr title="−8/357">2.2%</abbr> of its health!)</small><br></div><div class="battle-history"><small>The pointed stones disappeared from around your team!</small><br></div><div class="spacer battle-history"><br></div><div class="battle-history"><small>Blastoise restored a little HP using its Leftovers!</small><br></div><div class="spacer battle-history"><br></div><h2 class="battle-history">Turn 16</h2><div class="chat"><small>Gentletrainer left.</small></div><div class="chat"><small>Dangkhoa left.</small></div><div class="spacer battle-history"><br></div><div class="battle-history">Blastoise, come back!<br></div><div class="battle-history">Go! <strong>Escavalier</strong>!<br></div><div class="spacer battle-history"><br></div><div class="battle-history">The opposing felipe burnboy used <strong>Knock Off</strong>!<br></div><div class="battle-history"><small>(Escavalier lost <abbr title="−56/343">16.3%</abbr> of its health!)</small><br></div><div class="battle-history"><small>The opposing felipe burnboy knocked off Escavalier's Leftovers!</small><br></div><div class="spacer battle-history"><br></div><h2 class="battle-history">Turn 17</h2><div class="chat"><small>MelMartinezFan9 ♡ joined.</small></div><div class="spacer battle-history"><br></div><div class="battle-history">Natalie withdrew felipe burnboy!<br></div><div class="battle-history">Natalie sent out <strong>Blastoise</strong>!<br></div><div class="spacer battle-history"><br></div><div class="battle-history">Escavalier used <strong>Rest</strong>!<br></div><div class="battle-history"><small>Escavalier fell asleep!</small><br></div><div class="battle-history"><small>Escavalier slept and became healthy!</small><br></div><div class="spacer battle-history"><br></div><h2 class="battle-history">Turn 18</h2><div class="chat"><small>xeli3x joined.</small></div><div class="spacer battle-history"><br></div><div class="battle-history">Natalie withdrew Blastoise!<br></div><div class="battle-history">Natalie sent out <strong>Sigilyph</strong>!<br></div><div class="spacer battle-history"><br></div><div class="battle-history">Escavalier is fast asleep.<br></div><div class="spacer battle-history"><br></div><div class="battle-history">Escavalier used <strong>Sleep Talk</strong>!<br></div><div class="spacer battle-history"><br></div><div class="battle-history">Escavalier used <strong>Rest</strong>!<br></div><div class="battle-history"><small>But it failed!</small><br></div><div class="spacer battle-history"><br></div><h2 class="battle-history">Turn 19</h2><div class="chat"><small>Spinnaker left.</small></div><div class="spacer battle-history"><br></div><div class="battle-history">Escavalier, come back!<br></div><div class="battle-history">Go! <strong>Uxie</strong>!<br></div><div class="spacer battle-history"><br></div><div class="battle-history">The opposing Sigilyph used <strong>Heat Wave</strong>!<br></div><div class="battle-history"><small>Uxie avoided the attack!</small><br></div><div class="spacer battle-history"><br></div><h2 class="battle-history">Turn 20</h2><div class="chat"><small>ErRai left.</small></div><div class="spacer battle-history"><br></div><div class="battle-history">Natalie withdrew Sigilyph!<br></div><div class="battle-history">Natalie sent out <strong>Rhyperior</strong>!<br></div><div class="spacer battle-history"><br></div><div class="battle-history">Uxie used <strong>U-turn</strong>!<br></div><div class="battle-history"><small>(The opposing Rhyperior lost <abbr title="−35/417">8.4%</abbr> of its health!)</small><br></div><div class="chat"><small>Lashum joined.</small></div><div class="chat"><small>Gamerninjaplay left.</small></div><div class="spacer battle-history"><br></div><div class="battle-history">Uxie went back to hamhamhamham!<br></div><div class="battle-history">Go! Rotom (<strong>Rotom-Mow</strong>)!<br></div><div class="spacer battle-history"><br></div><div class="battle-history"><small>The opposing Rhyperior restored a little HP using its Leftovers!</small><br></div><div class="spacer battle-history"><br></div><h2 class="battle-history">Turn 21</h2><div class="spacer battle-history"><br></div><div class="battle-history">Natalie withdrew Rhyperior!<br></div><div class="battle-history">Natalie sent out felipe burnboy (<strong>Venusaur</strong>)!<br></div><div class="spacer battle-history"><br></div><div class="battle-history">Rotom used <strong>Volt Switch</strong>!<br></div><div class="battle-history"><small>It's not very effective...</small><br></div><div class="battle-history"><small>(The opposing felipe burnboy lost <abbr title="−90/357">25.2%</abbr> of its health!)</small><br></div><div class="chat"><small>chaitu joined.</small></div><div class="spacer battle-history"><br></div><div class="battle-history">Rotom went back to hamhamhamham!<br></div><div class="battle-history">Go! Glalie (<strong>Glalie-Mega</strong>)!<br></div><div class="spacer battle-history"><br></div><h2 class="battle-history">Turn 22</h2><div class="chat"><small>Lashum left.</small></div><div class="spacer battle-history"><br></div><div class="battle-history">Natalie withdrew felipe burnboy!<br></div><div class="battle-history">Natalie sent out <strong>Blastoise</strong>!<br></div><div class="spacer battle-history"><br></div><div class="battle-history">Glalie used <strong>Double-Edge</strong>!<br></div><div class="battle-history"><small>It's not very effective...</small><br></div><div class="battle-history"><small>(The opposing Blastoise lost <abbr title="−84/359">23.4%</abbr> of its health!)</small><br></div><div class="battle-history"><small>Glalie is damaged by the recoil!</small><br></div><div class="spacer battle-history"><br></div><div class="battle-history"><small>The opposing Blastoise restored a little HP using its Leftovers!</small><br></div><div class="spacer battle-history"><br></div><h2 class="battle-history">Turn 23</h2><div class="chat"><small>My Big Diggersby joined.</small></div><div class="chat"><small>ThaCrownfool joined.</small></div><div class="spacer battle-history"><br></div><div class="battle-history">Glalie, come back!<br></div><div class="battle-history">Go! Rotom (<strong>Rotom-Mow</strong>)!<br></div><div class="spacer battle-history"><br></div><div class="battle-history">Natalie withdrew Blastoise!<br></div><div class="battle-history">Natalie sent out <strong>Sneasel</strong>!<br></div><div class="spacer battle-history"><br></div><h2 class="battle-history">Turn 24</h2><div class="spacer battle-history"><br></div><div class="battle-history">Natalie withdrew Sneasel!<br></div><div class="battle-history">Natalie sent out felipe burnboy (<strong>Venusaur</strong>)!<br></div><div class="spacer battle-history"><br></div><div class="battle-history">Rotom, come back!<br></div><div class="battle-history">Go! <strong>Escavalier</strong>!<br></div><div class="spacer battle-history"><br></div><h2 class="battle-history">Turn 25</h2><div class="chat"><small>Oshawott Fan joined.</small></div><div class="chat"><small>PokemonC'estDur left.</small></div><div class="chat chatmessage-mybigdiggersby"><strong style="color:hsl(83,81%,30%)"><small> </small><span class="username" data-name="My Big Diggersby">My Big Diggersby</span>:</strong> <em>these doubles</em></div><div class="spacer battle-history"><br></div><div class="battle-history">Natalie withdrew felipe burnboy!<br></div><div class="battle-history">Natalie sent out <strong>Rhyperior</strong>!<br></div><div class="spacer battle-history"><br></div><div class="battle-history">Escavalier is fast asleep.<br></div><div class="spacer battle-history"><br></div><div class="battle-history">Escavalier used <strong>Sleep Talk</strong>!<br></div><div class="spacer battle-history"><br></div><div class="battle-history">Escavalier used <strong>Rest</strong>!<br></div><div class="battle-history"><small>But it failed!</small><br></div><div class="spacer battle-history"><br></div><div class="battle-history"><small>The opposing Rhyperior restored a little HP using its Leftovers!</small><br></div><div class="spacer battle-history"><br></div><h2 class="battle-history">Turn 26</h2><div class="chat"><small>Spinnaker joined.</small></div><div class="chat"><small>Spinnaker left.</small></div><div class="spacer battle-history"><br></div><div class="battle-history">Escavalier, come back!<br></div><div class="battle-history">Go! <strong>Blastoise</strong>!<br></div><div class="spacer battle-history"><br></div><div class="battle-history">The opposing Rhyperior used <strong>Stealth Rock</strong>!<br></div><div class="battle-history"><small>Pointed stones float in the air around your team!</small><br></div><div class="spacer battle-history"><br></div><div class="battle-history"><small>Blastoise restored a little HP using its Leftovers!</small><br></div><div class="battle-history"><small>The opposing Rhyperior restored a little HP using its Leftovers!</small><br></div><div class="spacer battle-history"><br></div><h2 class="battle-history">Turn 27</h2><div class="chat"><small>caua loko joined.</small></div><div class="spacer battle-history"><br></div><div class="battle-history">Natalie withdrew Rhyperior!<br></div><div class="battle-history">Natalie sent out <strong>Sigilyph</strong>!<br></div><div class="spacer battle-history"><br></div><div class="battle-history">Blastoise used <strong>Rapid Spin</strong>!<br></div><div class="battle-history"><small>(The opposing Sigilyph lost <abbr title="−14/285">4.9%</abbr> of its health!)</small><br></div><div class="battle-history"><small>The pointed stones disappeared from around your team!</small><br></div><div class="spacer battle-history"><br></div><div class="battle-history"><small>Blastoise restored a little HP using its Leftovers!</small><br></div><div class="spacer battle-history"><br></div><h2 class="battle-history">Turn 28</h2><div class="chat"><small>SismicBlack (^ joined.</small></div><div class="chat"><small>SismicBlack (^ left.</small></div><div class="chat"><small>chaitu left.</small></div><div class="spacer battle-history"><br></div><div class="battle-history">Blastoise, come back!<br></div><div class="battle-history">Go! <strong>Uxie</strong>!<br></div><div class="spacer battle-history"><br></div><div class="battle-history">The opposing Sigilyph used <strong>Energy Ball</strong>!<br></div><div class="battle-history"><small>(Uxie lost <abbr title="−70/353">19.8%</abbr> of its health!)</small><br></div><div class="spacer battle-history"><br></div><h2 class="battle-history">Turn 29</h2><div class="chat"><small>ThaCrownfool left.</small></div><div class="spacer battle-history"><br></div><div class="battle-history">The opposing Sigilyph used <strong>Air Slash</strong>!<br></div><div class="battle-history"><small>(Uxie lost <abbr title="−101/353">28.6%</abbr> of its health!)</small><br></div><div class="spacer battle-history"><br></div><div class="battle-history">Uxie used <strong>U-turn</strong>!<br></div><div class="battle-history"><small>(The opposing Sigilyph lost <abbr title="−53/285">18.6%</abbr> of its health!)</small><br></div><div class="spacer battle-history"><br></div><div class="battle-history">Uxie went back to hamhamhamham!<br></div><div class="battle-history">Go! <strong>Blastoise</strong>!<br></div><div class="spacer battle-history"><br></div><div class="battle-history"><small>Blastoise restored a little HP using its Leftovers!</small><br></div><div class="spacer battle-history"><br></div><h2 class="battle-history">Turn 30</h2><div class="chat chatmessage-hamhamhamham"><strong style="color:hsl(320,86%,43%)"><small>★</small><span class="username" data-name="hamhamhamham">hamhamhamham</span>:</strong> <em>ops</em></div><div class="chat"><small>PokemonC'estDur joined.</small></div><div class="chat chatmessage-hamhamhamham"><strong style="color:hsl(320,86%,43%)"><small>★</small><span class="username" data-name="hamhamhamham">hamhamhamham</span>:</strong> <em>meant glalie</em></div><div class="spacer battle-history"><br></div><div class="battle-history">Blastoise, come back!<br></div><div class="battle-history">Go! <strong>Uxie</strong>!<br></div><div class="spacer battle-history"><br></div><div class="battle-history">The opposing Sigilyph used <strong>Energy Ball</strong>!<br></div><div class="battle-history"><small>(Uxie lost <abbr title="−44/353">12.5%</abbr> of its health!)</small><br></div><div class="spacer battle-history"><br></div><div class="battle-history">Uxie fainted!<br></div><div class="chat chatmessage-natalie"><strong style="color:hsl(102,59%,31%)"><small>★</small><span class="username" data-name="Natalie">Natalie</span>:</strong> <em>x</em></div><div class="chat chatmessage-jaccamacca100"><strong style="color:hsl(225,47%,55.978947319615024%)"><small> </small><span class="username" data-name="JaccaMacca100">JaccaMacca100</span>:</strong> <em>omg these arent even stall teams</em></div><div class="spacer battle-history"><br></div><div class="battle-history">Go! Glalie (<strong>Glalie-Mega</strong>)!<br></div><div class="spacer battle-history"><br></div><h2 class="battle-history">Turn 31</h2><div class="spacer battle-history"><br></div><div class="battle-history">Natalie withdrew Sigilyph!<br></div><div class="battle-history">Natalie sent out <strong>Sneasel</strong>!<br></div><div class="spacer battle-history"><br></div><div class="battle-history">Glalie used <strong>Freeze-Dry</strong>!<br></div><div class="battle-history"><small>It's not very effective...</small><br></div><div class="battle-history"><small>(The opposing Sneasel lost <abbr title="−69/251">27.5%</abbr> of its health!)</small><br></div><div class="spacer battle-history"><br></div><h2 class="battle-history">Turn 32</h2><div class="spacer battle-history"><br></div><div class="battle-history"><small>(Glalie is being withdrawn...)</small><br></div><div class="spacer battle-history"><br></div><div class="battle-history">The opposing Sneasel used <strong>Pursuit</strong>!<br></div><div class="battle-history"><small>A critical hit!</small><br></div><div class="battle-history"><small>(Glalie lost <abbr title="−106/301">35.2%</abbr> of its health!)</small><br></div><div class="battle-history"><small>The opposing Sneasel lost some of its HP!</small><br></div><div class="spacer battle-history"><br></div><div class="battle-history">Glalie fainted!<br></div><div class="chat"><small>Dangkhoa joined.</small></div><div class="chat"><small>Dangkhoa left.</small></div><div class="spacer battle-history"><br></div><div class="battle-history">Go! <strong>Escavalier</strong>!<br></div><div class="spacer battle-history"><br></div><h2 class="battle-history">Turn 33</h2><div class="chat"><small>Dangkhoa joined.</small></div><div class="spacer battle-history"><br></div><div class="battle-history">Natalie withdrew Sneasel!<br></div><div class="battle-history">Natalie sent out <strong>Rhyperior</strong>!<br></div><div class="battle-history"><small>Escavalier woke up!</small><br></div><div class="spacer battle-history"><br></div><div class="battle-history">Escavalier used <strong>Swords Dance</strong>!<br></div><div class="battle-history"><small>Escavalier's Attack rose sharply!</small><br></div><div class="spacer battle-history"><br></div><div class="battle-history"><small>The opposing Rhyperior restored a little HP using its Leftovers!</small><br></div><div class="spacer battle-history"><br></div><h2 class="battle-history">Turn 34</h2><div class="chat"><small>Dangkhoa left.</small></div><div class="chat"><small>falconfuck joined.</small></div><div class="chat"><small>Oshawott Fan left.</small></div><div class="spacer battle-history"><br></div><div class="battle-history">The opposing Rhyperior used <strong>Earthquake</strong>!<br></div><div class="battle-history"><small>(Escavalier lost <abbr title="−169/343">49.3%</abbr> of its health!)</small><br></div><div class="spacer battle-history"><br></div><div class="battle-history">Escavalier used <strong>Megahorn</strong>!<br></div><div class="battle-history"><small>(The opposing Rhyperior lost <abbr title="−291/417">69.8%</abbr> of its health!)</small><br></div><div class="spacer battle-history"><br></div><div class="battle-history"><small>The opposing Rhyperior restored a little HP using its Leftovers!</small><br></div><div class="spacer battle-history"><br></div><h2 class="battle-history">Turn 35</h2><div class="chat"><small>caua loko left.</small></div><div class="spacer battle-history"><br></div><div class="battle-history">The opposing Rhyperior used <strong>Rock Blast</strong>!<br></div><div class="battle-history"><small>(Escavalier lost <abbr title="−45/343">13.1%</abbr> of its health!)</small><br></div><div class="battle-history"><small>(Escavalier lost <abbr title="−42/343">12.2%</abbr> of its health!)</small><br></div><div class="battle-history"><small>(Escavalier lost <abbr title="−46/343">13.4%</abbr> of its health!)</small><br></div><div class="battle-history"><small>(Escavalier lost <abbr title="−41/343">12.0%</abbr> of its health!)</small><br></div><div class="battle-history"><small>Hit 4 times!</small><br></div><div class="spacer battle-history"><br></div><div class="battle-history">Escavalier fainted!<br></div><div class="spacer battle-history"><br></div><div class="battle-history"><small>The opposing Rhyperior restored a little HP using its Leftovers!</small><br></div><div class="chat"><small>Jeran left.</small></div><div class="chat"><small>T1t4N left.</small></div><div class="chat chatmessage-hamhamhamham"><strong style="color:hsl(320,86%,43%)"><small>★</small><span class="username" data-name="hamhamhamham">hamhamhamham</span>:</strong> <em>gg</em></div><div class="chat chatmessage-natalie"><strong style="color:hsl(102,59%,31%)"><small>★</small><span class="username" data-name="Natalie">Natalie</span>:</strong> <em>gg</em></div><div class="chat chatmessage-jaccamacca100"><strong style="color:hsl(225,47%,55.978947319615024%)"><small> </small><span class="username" data-name="JaccaMacca100">JaccaMacca100</span>:</strong> <em>gg</em></div><div class="spacer battle-history"><br></div><div class="battle-history"><small>hamhamhamham forfeited.</small><br></div><div class="spacer battle-history"><br></div><div class="battle-history"><strong>Natalie</strong> won the battle!<br></div></div><div class="inner-preempt"></div></div></div>
</div>
<script>
let daily = Math.floor(Date.now()/1000/60/60/24);document.write('<script src="https://play.pokemonshowdown.com/js/replay-embed.js?version'+daily+'"></'+'script>');
</script>
