<!DOCTYPE html>
<meta charset="utf-8" />
<!-- version 1 -->
<title>RU replay: Lord Esche vs. Imai Nobume</title>
<style>
html,body {font-family:Verdana, sans-serif;font-size:10pt;margin:0;padding:0;}body{padding:12px 0;} .battle-log {font-family:Verdana, sans-serif;font-size:10pt;} .battle-log-inline {border:1px solid #AAAAAA;background:#EEF2F5;color:black;max-width:640px;margin:0 auto 80px;padding-bottom:5px;} .battle-log .inner {padding:4px 8px 0px 8px;} .battle-log .inner-preempt {padding:0 8px 4px 8px;} .battle-log .inner-after {margin-top:0.5em;} .battle-log h2 {margin:0.5em -8px;padding:4px 8px;border:1px solid #AAAAAA;background:#E0E7EA;border-left:0;border-right:0;font-family:Verdana, sans-serif;font-size:13pt;} .battle-log .chat {vertical-align:middle;padding:3px 0 3px 0;font-size:8pt;} .battle-log .chat strong {color:#40576A;} .battle-log .chat em {padding:1px 4px 1px 3px;color:#000000;font-style:normal;} .chat.mine {background:rgba(0,0,0,0.05);margin-left:-8px;margin-right:-8px;padding-left:8px;padding-right:8px;} .spoiler {color:#BBBBBB;background:#BBBBBB;padding:0px 3px;} .spoiler:hover, .spoiler:active, .spoiler-shown {color:#000000;background:#E2E2E2;padding:0px 3px;} .spoiler a {color:#BBBBBB;} .spoiler:hover a, .spoiler:active a, .spoiler-shown a {color:#2288CC;} .chat code, .chat .spoiler:hover code, .chat .spoiler:active code, .chat .spoiler-shown code {border:1px solid #C0C0C0;background:#EEEEEE;color:black;padding:0 2px;} .chat .spoiler code {border:1px solid #CCCCCC;background:#CCCCCC;color:#CCCCCC;} .battle-log .rated {padding:3px 4px;} .battle-log .rated strong {color:white;background:#89A;padding:1px 4px;border-radius:4px;} .spacer {margin-top:0.5em;} .message-announce {background:#6688AA;color:white;padding:1px 4px 2px;} .message-announce a, .broadcast-green a, .broadcast-blue a, .broadcast-red a {color:#DDEEFF;} .broadcast-green {background-color:#559955;color:white;padding:2px 4px;} .broadcast-blue {background-color:#6688AA;color:white;padding:2px 4px;} .infobox {border:1px solid #6688AA;padding:2px 4px;} .infobox-limited {max-height:200px;overflow:auto;overflow-x:hidden;} .broadcast-red {background-color:#AA5544;color:white;padding:2px 4px;} .message-learn-canlearn {font-weight:bold;color:#228822;text-decoration:underline;} .message-learn-cannotlearn {font-weight:bold;color:#CC2222;text-decoration:underline;} .message-effect-weak {font-weight:bold;color:#CC2222;} .message-effect-resist {font-weight:bold;color:#6688AA;} .message-effect-immune {font-weight:bold;color:#666666;} .message-learn-list {margin-top:0;margin-bottom:0;} .message-throttle-notice, .message-error {color:#992222;} .message-overflow, .chat small.message-overflow {font-size:0pt;} .message-overflow::before {font-size:9pt;content:'...';} .subtle {color:#3A4A66;}
</style>
<div class="wrapper replay-wrapper" style="max-width:1180px;margin:0 auto">
<input type="hidden" name="replayid" value="smogtours-ru-222039" />
<div class="battle"></div><div class="battle-log"></div><div class="replay-controls"></div><div class="replay-controls-2"></div>
<h1 style="font-weight:normal;text-align:center"><strong>RU</strong><br /><a href="http://pokemonshowdown.com/users/lordesche" class="subtle" target="_blank">Lord Esche</a> vs. <a href="http://pokemonshowdown.com/users/imainobume" class="subtle" target="_blank">Imai Nobume</a></h1>
<script type="text/plain" class="battle-log-data">|J|Lord Esche
|J|Imai Nobume
|player|p1|Lord Esche|110
|player|p2|Imai Nobume|#sylielyyneheym
|gametype|singles
|gen|6
|tier|RU
|seed|54630,51977,17857,13792
|rule|Sleep Clause Mod: Limit one foe put to sleep
|rule|Species Clause: Limit one of each Pokémon
|rule|OHKO Clause: OHKO moves are banned
|rule|Moody Clause: Moody is banned
|rule|Evasion Moves Clause: Evasion moves are banned
|rule|Endless Battle Clause: Forcing endless battles is banned
|rule|HP Percentage Mod: HP is shown in percentages
|clearpoke
|poke|p1|Glalie, M|item
|poke|p1|Rhyperior, M|item
|poke|p1|Lanturn, M|item
|poke|p1|Xatu, M|item
|poke|p1|Drapion, M|item
|poke|p1|Gourgeist-*, F|item
|poke|p2|Drapion, F, shiny|item
|poke|p2|Flygon, F|item
|poke|p2|Altaria, F|item
|poke|p2|Alomomola, F|item
|poke|p2|Granbull, F|item
|poke|p2|Registeel|item
|rule|Swagger Clause: Swagger is banned
|rule|Baton Pass Clause: Limit one Baton Passer, can't pass Spe and other stats simultaneously
|teampreview
|c|★Imai Nobume|hf
|c|★Lord Esche|u2
|choice|team 6, team 2, team 3, team 4, team 5, team 1|team 6, team 2, team 3, team 4, team 5, team 1
|
|start
|switch|p1a: Gourgeist|Gourgeist-Super, F|374\/374
|switch|p2a: Alicia Florence|Registeel|364\/364
|-item|p2a: Alicia Florence|Leftovers|[from] ability: Frisk|[of] p1a: Gourgeist|[identify]
|turn|1
|choice|move willowisp|move toxic
|
|move|p1a: Gourgeist|Will-O-Wisp|p2a: Alicia Florence|[miss]
|-miss|p1a: Gourgeist|p2a: Alicia Florence
|move|p2a: Alicia Florence|Toxic|p1a: Gourgeist
|-status|p1a: Gourgeist|tox
|
|-damage|p1a: Gourgeist|351\/374 tox|[from] psn
|turn|2
|choice|switch 4|move stealthrock
|
|switch|p1a: Xatu|Xatu, M|333\/333
|move|p2a: Alicia Florence|Stealth Rock|p1a: Xatu
|move|p1a: Xatu|Stealth Rock|p2a: Alicia Florence|[from]Magic Bounce
|-sidestart|p2: Imai Nobume|move: Stealth Rock
|
|turn|3
|choice|move heatwave|move seismictoss
|
|move|p1a: Xatu|Heat Wave|p2a: Alicia Florence
|-supereffective|p2a: Alicia Florence
|-damage|p2a: Alicia Florence|284\/364
|move|p2a: Alicia Florence|Seismic Toss|p1a: Xatu
|-damage|p1a: Xatu|233\/333
|-damage|p2a: Alicia Florence|224\/364|[from] item: Rocky Helmet|[of] p1a: Xatu
|
|-heal|p2a: Alicia Florence|246\/364|[from] item: Leftovers
|turn|4
|choice|move heatwave|switch 2
|
|switch|p2a: Athena Glory|Flygon, F|364\/364
|-damage|p2a: Athena Glory|342\/364|[from] Stealth Rock
|move|p1a: Xatu|Heat Wave|p2a: Athena Glory
|-resisted|p2a: Athena Glory
|-damage|p2a: Athena Glory|302\/364
|
|-heal|p2a: Athena Glory|324\/364|[from] item: Leftovers
|turn|5
|choice|move toxic|move defog
|
|move|p2a: Athena Glory|Defog|p1a: Xatu
|move|p1a: Xatu|Defog|p2a: Athena Glory|[from]Magic Bounce
|-unboost|p2a: Athena Glory|evasion|1
|-sideend|p2: Imai Nobume|Stealth Rock|[from] move: Defog|[of] p2a: Athena Glory
|move|p1a: Xatu|Toxic|p2a: Athena Glory
|-status|p2a: Athena Glory|tox
|
|-heal|p2a: Athena Glory|346\/364 tox|[from] item: Leftovers
|-damage|p2a: Athena Glory|324\/364 tox|[from] psn
|turn|6
|choice|move uturn|move uturn
|
|move|p2a: Athena Glory|U-turn|p1a: Xatu
|-damage|p1a: Xatu|181\/333
|-damage|p2a: Athena Glory|264\/364 tox|[from] item: Rocky Helmet|[of] p1a: Xatu
|choice||switch 6
|
|switch|p2a: Akira Ferrari|Drapion, F, shiny|281\/281
|move|p1a: Xatu|U-turn|p2a: Akira Ferrari
|-damage|p2a: Akira Ferrari|241\/281
|choice|switch 2|
|
|switch|p1a: Rhyperior|Rhyperior, M|417\/417
|
|turn|7
|choice|move stealthrock|switch 4
|
|switch|p2a: Akari Mizunashi|Alomomola, F|501\/501
|move|p1a: Rhyperior|Stealth Rock|p2a: Akari Mizunashi
|-sidestart|p2: Imai Nobume|move: Stealth Rock
|
|turn|8
|choice|switch 4|move knockoff
|
|switch|p1a: Gourgeist|Gourgeist-Super, F|351\/374 tox
|-item|p2a: Akari Mizunashi|Leftovers|[from] ability: Frisk|[of] p1a: Gourgeist|[identify]
|move|p2a: Akari Mizunashi|Knock Off|p1a: Gourgeist
|-supereffective|p1a: Gourgeist
|-enditem|p1a: Gourgeist|Colbur Berry|[eat]
|-enditem|p1a: Gourgeist|Colbur Berry|[weaken]
|-damage|p1a: Gourgeist|312\/374 tox
|
|-damage|p1a: Gourgeist|289\/374 tox|[from] psn
|turn|9
|choice|move leechseed|move protect
|
|move|p2a: Akari Mizunashi|Protect|p2a: Akari Mizunashi
|-singleturn|p2a: Akari Mizunashi|Protect
|move|p1a: Gourgeist|Leech Seed|p2a: Akari Mizunashi
|-activate|p2a: Akari Mizunashi|move: Protect
|
|-damage|p1a: Gourgeist|243\/374 tox|[from] psn
|turn|10
|choice|move synthesis|switch 3
|
|switch|p2a: Alice Carroll|Altaria, F|351\/351
|-damage|p2a: Alice Carroll|264\/351|[from] Stealth Rock
|move|p1a: Gourgeist|Synthesis|p1a: Gourgeist
|-heal|p1a: Gourgeist|374\/374 tox
|
|-heal|p2a: Alice Carroll|285\/351|[from] item: Leftovers
|-damage|p1a: Gourgeist|305\/374 tox|[from] psn
|turn|11
|choice|move leechseed|move healbell
|
|move|p2a: Alice Carroll|Heal Bell|p2a: Alice Carroll
|-activate|p2a: Alice Carroll|move: Heal Bell
|-curestatus|p2: Athena Glory|tox|[msg]
|move|p1a: Gourgeist|Leech Seed|p2a: Alice Carroll
|-start|p2a: Alice Carroll|move: Leech Seed
|
|-heal|p2a: Alice Carroll|306\/351|[from] item: Leftovers
|-damage|p2a: Alice Carroll|263\/351|[from] Leech Seed|[of] p1a: Gourgeist
|-heal|p1a: Gourgeist|348\/374 tox|[silent]
|-damage|p1a: Gourgeist|256\/374 tox|[from] psn
|turn|12
|choice|switch 4|switch 3
|
|switch|p2a: Akari Mizunashi|Alomomola, F|501\/501
|-damage|p2a: Akari Mizunashi|439\/501|[from] Stealth Rock
|switch|p1a: Rhyperior|Rhyperior, M|417\/417
|
|-heal|p2a: Akari Mizunashi|470\/501|[from] item: Leftovers
|turn|13
|choice|switch 4|move scald
|
|switch|p1a: Gourgeist|Gourgeist-Super, F|256\/374 tox
|-item|p2a: Akari Mizunashi|Leftovers|[from] ability: Frisk|[of] p1a: Gourgeist|[identify]
|move|p2a: Akari Mizunashi|Scald|p1a: Gourgeist
|-resisted|p1a: Gourgeist
|-damage|p1a: Gourgeist|227\/374 tox
|
|-heal|p2a: Akari Mizunashi|501\/501|[from] item: Leftovers
|-damage|p1a: Gourgeist|204\/374 tox|[from] psn
|turn|14
|choice|move willowisp|switch 3
|
|switch|p2a: Alice Carroll|Altaria, F|263\/351
|-damage|p2a: Alice Carroll|176\/351|[from] Stealth Rock
|move|p1a: Gourgeist|Will-O-Wisp|p2a: Alice Carroll|[miss]
|-miss|p1a: Gourgeist|p2a: Alice Carroll
|
|-heal|p2a: Alice Carroll|197\/351|[from] item: Leftovers
|-damage|p1a: Gourgeist|158\/374 tox|[from] psn
|turn|15
|choice|move synthesis|move flamethrower
|
|move|p2a: Alice Carroll|Flamethrower|p1a: Gourgeist
|-supereffective|p1a: Gourgeist
|-crit|p1a: Gourgeist
|-damage|p1a: Gourgeist|0 fnt
|faint|p1a: Gourgeist
|
|-heal|p2a: Alice Carroll|218\/351|[from] item: Leftovers
|choice|switch 6|
|
|switch|p1a: Glalie|Glalie, M|301\/301
|turn|16
|choice|move spikes mega|switch 2
|
|switch|p2a: Alicia Florence|Registeel|246\/364
|-damage|p2a: Alicia Florence|224\/364|[from] Stealth Rock
|detailschange|p1a: Glalie|Glalie-Mega, M
|-mega|p1a: Glalie|Glalie|Glalitite
|move|p1a: Glalie|Spikes|p2a: Alicia Florence
|-sidestart|p2: Imai Nobume|Spikes
|
|-heal|p2a: Alicia Florence|246\/364|[from] item: Leftovers
|turn|17
|choice|switch 2|move protect
|
|switch|p1a: Xatu|Xatu, M|181\/333
|move|p2a: Alicia Florence|Protect|p2a: Alicia Florence
|-fail|p2a: Alicia Florence
|
|-heal|p2a: Alicia Florence|268\/364|[from] item: Leftovers
|turn|18
|choice|move roost|move seismictoss
|
|move|p1a: Xatu|Roost|p1a: Xatu
|-heal|p1a: Xatu|333\/333
|move|p2a: Alicia Florence|Seismic Toss|p1a: Xatu
|-damage|p1a: Xatu|233\/333
|-damage|p2a: Alicia Florence|208\/364|[from] item: Rocky Helmet|[of] p1a: Xatu
|
|-heal|p2a: Alicia Florence|230\/364|[from] item: Leftovers
|turn|19
|choice|move heatwave|switch 6
|
|switch|p2a: Athena Glory|Flygon, F|264\/364
|-damage|p2a: Athena Glory|242\/364|[from] Stealth Rock
|move|p1a: Xatu|Heat Wave|p2a: Athena Glory
|-resisted|p2a: Athena Glory
|-damage|p2a: Athena Glory|198\/364
|
|-heal|p2a: Athena Glory|220\/364|[from] item: Leftovers
|turn|20
|choice|move roost|move defog
|
|move|p2a: Athena Glory|Defog|p1a: Xatu
|move|p1a: Xatu|Defog|p2a: Athena Glory|[from]Magic Bounce
|-unboost|p2a: Athena Glory|evasion|1
|-sideend|p2: Imai Nobume|Spikes|[from] move: Defog|[of] p2a: Athena Glory
|-sideend|p2: Imai Nobume|Stealth Rock|[from] move: Defog|[of] p2a: Athena Glory
|move|p1a: Xatu|Roost|p1a: Xatu
|-heal|p1a: Xatu|333\/333
|
|-heal|p2a: Athena Glory|242\/364|[from] item: Leftovers
|turn|21
|choice|move uturn|move uturn
|
|move|p2a: Athena Glory|U-turn|p1a: Xatu
|-damage|p1a: Xatu|282\/333
|-damage|p2a: Athena Glory|182\/364|[from] item: Rocky Helmet|[of] p1a: Xatu
|choice||switch 2
|
|switch|p2a: Alice Carroll|Altaria, F|218\/351
|move|p1a: Xatu|U-turn|p2a: Alice Carroll
|-resisted|p2a: Alice Carroll
|-damage|p2a: Alice Carroll|201\/351
|choice|switch 2|
|
|switch|p1a: Glalie|Glalie-Mega, M|301\/301
|
|-heal|p2a: Alice Carroll|222\/351|[from] item: Leftovers
|turn|22
|choice|move spikes|switch 6
|
|switch|p2a: Alicia Florence|Registeel|230\/364
|move|p1a: Glalie|Spikes|p2a: Alicia Florence
|-sidestart|p2: Imai Nobume|Spikes
|
|-heal|p2a: Alicia Florence|252\/364|[from] item: Leftovers
|turn|23
|choice|switch 2|move toxic
|
|switch|p1a: Xatu|Xatu, M|282\/333
|move|p2a: Alicia Florence|Toxic|p1a: Xatu
|move|p1a: Xatu|Toxic|p2a: Alicia Florence|[from]Magic Bounce
|-immune|p2a: Alicia Florence|[msg]
|
|-heal|p2a: Alicia Florence|274\/364|[from] item: Leftovers
|turn|24
|choice|move heatwave|move protect
|
|move|p2a: Alicia Florence|Protect|p2a: Alicia Florence
|-singleturn|p2a: Alicia Florence|Protect
|move|p1a: Xatu|Heat Wave|p2a: Alicia Florence
|-activate|p2a: Alicia Florence|move: Protect
|
|-heal|p2a: Alicia Florence|296\/364|[from] item: Leftovers
|turn|25
|choice|move heatwave|move seismictoss
|
|move|p1a: Xatu|Heat Wave|p2a: Alicia Florence
|-supereffective|p2a: Alicia Florence
|-damage|p2a: Alicia Florence|214\/364
|move|p2a: Alicia Florence|Seismic Toss|p1a: Xatu
|-damage|p1a: Xatu|182\/333
|-damage|p2a: Alicia Florence|154\/364|[from] item: Rocky Helmet|[of] p1a: Xatu
|
|-heal|p2a: Alicia Florence|176\/364|[from] item: Leftovers
|turn|26
|choice|move roost|switch 3
|
|switch|p2a: Akari Mizunashi|Alomomola, F|501\/501
|-damage|p2a: Akari Mizunashi|439\/501|[from] Spikes
|move|p1a: Xatu|Roost|p1a: Xatu
|-heal|p1a: Xatu|333\/333
|
|-heal|p2a: Akari Mizunashi|470\/501|[from] item: Leftovers
|turn|27
|choice|move toxic|move knockoff
|
|move|p1a: Xatu|Toxic|p2a: Akari Mizunashi
|-status|p2a: Akari Mizunashi|tox
|move|p2a: Akari Mizunashi|Knock Off|p1a: Xatu
|-supereffective|p1a: Xatu
|-damage|p1a: Xatu|221\/333
|-damage|p2a: Akari Mizunashi|387\/501 tox|[from] item: Rocky Helmet|[of] p1a: Xatu
|-enditem|p1a: Xatu|Rocky Helmet|[from] move: Knock Off|[of] p2a: Akari Mizunashi
|
|-heal|p2a: Akari Mizunashi|418\/501 tox|[from] item: Leftovers
|-damage|p2a: Akari Mizunashi|387\/501 tox|[from] psn
|turn|28
|choice|move roost|move wish
|
|move|p1a: Xatu|Roost|p1a: Xatu
|-heal|p1a: Xatu|333\/333
|move|p2a: Akari Mizunashi|Wish|p2a: Akari Mizunashi
|
|-heal|p2a: Akari Mizunashi|418\/501 tox|[from] item: Leftovers
|-damage|p2a: Akari Mizunashi|356\/501 tox|[from] psn
|turn|29
|choice|move uturn|switch 3
|
|switch|p2a: Alicia Florence|Registeel|176\/364
|-damage|p2a: Alicia Florence|131\/364|[from] Spikes
|move|p1a: Xatu|U-turn|p2a: Alicia Florence
|-resisted|p2a: Alicia Florence
|-damage|p2a: Alicia Florence|117\/364
|choice|switch 4|
|
|switch|p1a: Rhyperior|Rhyperior, M|417\/417
|
|-heal|p2a: Alicia Florence|364\/364|[from] move: Wish|[wisher] Akari Mizunashi
|turn|30
|choice|switch 4|move stealthrock
|
|switch|p1a: Xatu|Xatu, M|333\/333
|move|p2a: Alicia Florence|Stealth Rock|p1a: Xatu
|move|p1a: Xatu|Stealth Rock|p2a: Alicia Florence|[from]Magic Bounce
|-sidestart|p2: Imai Nobume|move: Stealth Rock
|
|turn|31
|choice|move heatwave|move seismictoss
|
|move|p1a: Xatu|Heat Wave|p2a: Alicia Florence
|-supereffective|p2a: Alicia Florence
|-damage|p2a: Alicia Florence|284\/364
|move|p2a: Alicia Florence|Seismic Toss|p1a: Xatu
|-damage|p1a: Xatu|233\/333
|
|-heal|p2a: Alicia Florence|306\/364|[from] item: Leftovers
|turn|32
|choice|move heatwave|switch 2
|
|switch|p2a: Athena Glory|Flygon, F|182\/364
|-damage|p2a: Athena Glory|160\/364|[from] Stealth Rock
|move|p1a: Xatu|Heat Wave|p2a: Athena Glory
|-resisted|p2a: Athena Glory
|-damage|p2a: Athena Glory|115\/364
|
|-heal|p2a: Athena Glory|137\/364|[from] item: Leftovers
|turn|33
|choice|move toxic|move defog
|
|move|p2a: Athena Glory|Defog|p1a: Xatu
|move|p1a: Xatu|Defog|p2a: Athena Glory|[from]Magic Bounce
|-unboost|p2a: Athena Glory|evasion|1
|-sideend|p2: Imai Nobume|Spikes|[from] move: Defog|[of] p2a: Athena Glory
|-sideend|p2: Imai Nobume|Stealth Rock|[from] move: Defog|[of] p2a: Athena Glory
|move|p1a: Xatu|Toxic|p2a: Athena Glory
|-status|p2a: Athena Glory|tox
|
|-heal|p2a: Athena Glory|159\/364 tox|[from] item: Leftovers
|-damage|p2a: Athena Glory|137\/364 tox|[from] psn
|turn|34
|choice|switch 2|move roost
|
|switch|p1a: Glalie|Glalie-Mega, M|301\/301
|move|p2a: Athena Glory|Roost|p2a: Athena Glory
|-heal|p2a: Athena Glory|319\/364 tox
|
|-heal|p2a: Athena Glory|341\/364 tox|[from] item: Leftovers
|-damage|p2a: Athena Glory|297\/364 tox|[from] psn
|turn|35
|choice|move spikes|switch 2
|
|switch|p2a: Alicia Florence|Registeel|306\/364
|move|p1a: Glalie|Spikes|p2a: Alicia Florence
|-sidestart|p2: Imai Nobume|Spikes
|
|-heal|p2a: Alicia Florence|328\/364|[from] item: Leftovers
|turn|36
|choice|switch 2|move seismictoss
|
|switch|p1a: Xatu|Xatu, M|233\/333
|move|p2a: Alicia Florence|Seismic Toss|p1a: Xatu
|-damage|p1a: Xatu|133\/333
|
|-heal|p2a: Alicia Florence|350\/364|[from] item: Leftovers
|turn|37
|choice|move roost|move seismictoss
|
|move|p1a: Xatu|Roost|p1a: Xatu
|-heal|p1a: Xatu|300\/333
|move|p2a: Alicia Florence|Seismic Toss|p1a: Xatu
|-damage|p1a: Xatu|200\/333
|
|-heal|p2a: Alicia Florence|364\/364|[from] item: Leftovers
|turn|38
|choice|move heatwave|move protect
|
|move|p2a: Alicia Florence|Protect|p2a: Alicia Florence
|-singleturn|p2a: Alicia Florence|Protect
|move|p1a: Xatu|Heat Wave|p2a: Alicia Florence
|-activate|p2a: Alicia Florence|move: Protect
|
|turn|39
|choice|move heatwave|move seismictoss
|
|move|p1a: Xatu|Heat Wave|p2a: Alicia Florence
|-supereffective|p2a: Alicia Florence
|-damage|p2a: Alicia Florence|276\/364
|move|p2a: Alicia Florence|Seismic Toss|p1a: Xatu
|-damage|p1a: Xatu|100\/333
|
|-heal|p2a: Alicia Florence|298\/364|[from] item: Leftovers
|turn|40
|choice|move roost|move seismictoss
|
|move|p1a: Xatu|Roost|p1a: Xatu
|-heal|p1a: Xatu|267\/333
|move|p2a: Alicia Florence|Seismic Toss|p1a: Xatu
|-damage|p1a: Xatu|167\/333
|
|-heal|p2a: Alicia Florence|320\/364|[from] item: Leftovers
|turn|41
|choice|move roost|move seismictoss
|
|move|p1a: Xatu|Roost|p1a: Xatu
|-heal|p1a: Xatu|333\/333
|move|p2a: Alicia Florence|Seismic Toss|p1a: Xatu
|-damage|p1a: Xatu|233\/333
|
|-heal|p2a: Alicia Florence|342\/364|[from] item: Leftovers
|turn|42
|choice|move heatwave|move seismictoss
|
|move|p1a: Xatu|Heat Wave|p2a: Alicia Florence
|-supereffective|p2a: Alicia Florence
|-crit|p2a: Alicia Florence
|-damage|p2a: Alicia Florence|214\/364
|-status|p2a: Alicia Florence|brn
|move|p2a: Alicia Florence|Seismic Toss|p1a: Xatu
|-damage|p1a: Xatu|133\/333
|
|-heal|p2a: Alicia Florence|236\/364 brn|[from] item: Leftovers
|-damage|p2a: Alicia Florence|191\/364 brn|[from] brn
|turn|43
|choice|move roost|switch 6
|
|switch|p2a: Alice Carroll|Altaria, F|222\/351
|move|p1a: Xatu|Roost|p1a: Xatu
|-heal|p1a: Xatu|300\/333
|
|-heal|p2a: Alice Carroll|243\/351|[from] item: Leftovers
|turn|44
|choice|switch 2|move healbell
|
|switch|p1a: Glalie|Glalie-Mega, M|301\/301
|move|p2a: Alice Carroll|Heal Bell|p2a: Alice Carroll
|-activate|p2a: Alice Carroll|move: Heal Bell
|-curestatus|p2: Athena Glory|tox|[msg]
|-curestatus|p2: Akari Mizunashi|tox|[msg]
|-curestatus|p2: Alicia Florence|brn|[msg]
|
|-heal|p2a: Alice Carroll|264\/351|[from] item: Leftovers
|turn|45
|choice|move freezedry|move toxic
|
|move|p1a: Glalie|Freeze-Dry|p2a: Alice Carroll
|-supereffective|p2a: Alice Carroll
|-damage|p2a: Alice Carroll|0 fnt
|faint|p2a: Alice Carroll
|
|choice||switch 3
|
|switch|p2a: Akari Mizunashi|Alomomola, F|501\/501
|-damage|p2a: Akari Mizunashi|439\/501|[from] Spikes
|turn|46
|choice|move freezedry|move wish
|
|move|p1a: Glalie|Freeze-Dry|p2a: Akari Mizunashi
|-supereffective|p2a: Akari Mizunashi
|-damage|p2a: Akari Mizunashi|199\/501
|move|p2a: Akari Mizunashi|Wish|p2a: Akari Mizunashi
|
|-heal|p2a: Akari Mizunashi|230\/501|[from] item: Leftovers
|turn|47
|choice|switch 4|switch 6
|
|switch|p1a: Rhyperior|Rhyperior, M|417\/417
|switch|p2a: Alicia Florence|Registeel|191\/364
|-damage|p2a: Alicia Florence|146\/364|[from] Spikes
|
|-heal|p2a: Alicia Florence|364\/364|[from] move: Wish|[wisher] Akari Mizunashi
|turn|48
|choice|move earthquake|move toxic
|
|move|p2a: Alicia Florence|Toxic|p1a: Rhyperior|[miss]
|-miss|p2a: Alicia Florence|p1a: Rhyperior
|move|p1a: Rhyperior|Earthquake|p2a: Alicia Florence
|-supereffective|p2a: Alicia Florence
|-damage|p2a: Alicia Florence|100\/364
|
|-heal|p2a: Alicia Florence|122\/364|[from] item: Leftovers
|turn|49
|choice|move stealthrock|move stealthrock
|
|move|p1a: Rhyperior|Stealth Rock|p2a: Alicia Florence
|-sidestart|p2: Imai Nobume|move: Stealth Rock
|move|p2a: Alicia Florence|Stealth Rock|p1a: Rhyperior
|-sidestart|p1: Lord Esche|move: Stealth Rock
|
|-heal|p2a: Alicia Florence|144\/364|[from] item: Leftovers
|turn|50
|choice|move earthquake|move protect
|
|move|p2a: Alicia Florence|Protect|p2a: Alicia Florence
|-singleturn|p2a: Alicia Florence|Protect
|move|p1a: Rhyperior|Earthquake|p2a: Alicia Florence
|-activate|p2a: Alicia Florence|move: Protect
|
|-heal|p2a: Alicia Florence|166\/364|[from] item: Leftovers
|turn|51
|choice|move earthquake|switch 6
|
|switch|p2a: Akari Mizunashi|Alomomola, F|397\/501
|-damage|p2a: Akari Mizunashi|335\/501|[from] Stealth Rock
|-damage|p2a: Akari Mizunashi|273\/501|[from] Spikes
|move|p1a: Rhyperior|Earthquake|p2a: Akari Mizunashi
|-damage|p2a: Akari Mizunashi|96\/501
|
|-heal|p2a: Akari Mizunashi|127\/501|[from] item: Leftovers
|turn|52
|choice|move earthquake|switch 2
|
|switch|p2a: Athena Glory|Flygon, F|297\/364
|-damage|p2a: Athena Glory|275\/364|[from] Stealth Rock
|move|p1a: Rhyperior|Earthquake|p2a: Athena Glory
|-immune|p2a: Athena Glory|[msg]|[from] ability: Levitate
|
|-heal|p2a: Athena Glory|297\/364|[from] item: Leftovers
|turn|53
|choice|move toxic|move uturn
|
|move|p2a: Athena Glory|U-turn|p1a: Rhyperior
|-damage|p1a: Rhyperior|374\/417
|choice||switch 5
|
|switch|p2a: Aika Granzchesta|Granbull, F|384\/384
|-damage|p2a: Aika Granzchesta|336\/384|[from] Stealth Rock
|-damage|p2a: Aika Granzchesta|288\/384|[from] Spikes
|-ability|p2a: Aika Granzchesta|Intimidate|boost
|-unboost|p1a: Rhyperior|atk|1
|move|p1a: Rhyperior|Toxic|p2a: Aika Granzchesta
|-status|p2a: Aika Granzchesta|tox
|
|-heal|p1a: Rhyperior|400\/417|[from] item: Leftovers
|-damage|p2a: Aika Granzchesta|264\/384 tox|[from] psn
|turn|54
|choice|switch 3|move toxic
|
|switch|p1a: Lanturn|Lanturn, M|417\/417
|-damage|p1a: Lanturn|365\/417|[from] Stealth Rock
|move|p2a: Aika Granzchesta|Toxic|p1a: Lanturn
|-status|p1a: Lanturn|tox
|
|-heal|p1a: Lanturn|391\/417 tox|[from] item: Leftovers
|-damage|p1a: Lanturn|365\/417 tox|[from] psn
|-damage|p2a: Aika Granzchesta|216\/384 tox|[from] psn
|turn|55
|choice|move healbell|switch 5
|
|switch|p2a: Athena Glory|Flygon, F|297\/364
|-damage|p2a: Athena Glory|275\/364|[from] Stealth Rock
|move|p1a: Lanturn|Heal Bell|p1a: Lanturn
|-activate|p1a: Lanturn|move: Heal Bell
|-curestatus|p1a: Lanturn|tox|[msg]
|
|-heal|p2a: Athena Glory|297\/364|[from] item: Leftovers
|-heal|p1a: Lanturn|391\/417|[from] item: Leftovers
|turn|56
|choice|move scald|move earthquake
|
|move|p2a: Athena Glory|Earthquake|p1a: Lanturn
|-supereffective|p1a: Lanturn
|-damage|p1a: Lanturn|121\/417
|move|p1a: Lanturn|Scald|p2a: Athena Glory
|-damage|p2a: Athena Glory|206\/364
|
|-heal|p2a: Athena Glory|228\/364|[from] item: Leftovers
|-heal|p1a: Lanturn|147\/417|[from] item: Leftovers
|turn|57
|choice|move protect|move earthquake
|
|move|p1a: Lanturn|Protect|p1a: Lanturn
|-singleturn|p1a: Lanturn|Protect
|move|p2a: Athena Glory|Earthquake|p1a: Lanturn
|-activate|p1a: Lanturn|move: Protect
|
|-heal|p2a: Athena Glory|250\/364|[from] item: Leftovers
|-heal|p1a: Lanturn|173\/417|[from] item: Leftovers
|turn|58
|choice|switch 2|move earthquake
|
|switch|p1a: Xatu|Xatu, M|300\/333
|-damage|p1a: Xatu|217\/333|[from] Stealth Rock
|move|p2a: Athena Glory|Earthquake|p1a: Xatu
|-immune|p1a: Xatu|[msg]
|
|-heal|p2a: Athena Glory|272\/364|[from] item: Leftovers
|turn|59
|choice|move roost|move uturn
|
|move|p2a: Athena Glory|U-turn|p1a: Xatu
|-damage|p1a: Xatu|161\/333
|choice||switch 4
|
|switch|p2a: Akira Ferrari|Drapion, F, shiny|241\/281
|-damage|p2a: Akira Ferrari|206\/281|[from] Stealth Rock
|-damage|p2a: Akira Ferrari|171\/281|[from] Spikes
|move|p1a: Xatu|Roost|p1a: Xatu
|-heal|p1a: Xatu|328\/333
|
|turn|60
|choice|move roost|move knockoff
|
|move|p2a: Akira Ferrari|Knock Off|p1a: Xatu
|-supereffective|p1a: Xatu
|-damage|p1a: Xatu|146\/333
|move|p1a: Xatu|Roost|p1a: Xatu
|-heal|p1a: Xatu|313\/333
|
|turn|61
|choice|switch 2|move knockoff
|
|switch|p1a: Lanturn|Lanturn, M|173\/417
|-damage|p1a: Lanturn|121\/417|[from] Stealth Rock
|move|p2a: Akira Ferrari|Knock Off|p1a: Lanturn
|-damage|p1a: Lanturn|0 fnt
|-enditem|p1a: Lanturn|Leftovers|[from] move: Knock Off|[of] p2a: Akira Ferrari
|faint|p1a: Lanturn
|
|choice|switch 5|
|
|switch|p1a: Drapion|Drapion, M|308\/308
|-damage|p1a: Drapion|270\/308|[from] Stealth Rock
|turn|62
|choice|move swordsdance|switch 5
|
|switch|p2a: Aika Granzchesta|Granbull, F|216\/384 tox
|-damage|p2a: Aika Granzchesta|168\/384 tox|[from] Spikes
|-damage|p2a: Aika Granzchesta|120\/384 tox|[from] Stealth Rock
|-ability|p2a: Aika Granzchesta|Intimidate|boost
|-unboost|p1a: Drapion|atk|1
|move|p1a: Drapion|Swords Dance|p1a: Drapion
|-boost|p1a: Drapion|atk|2
|
|-heal|p1a: Drapion|289\/308|[from] item: Black Sludge
|-damage|p2a: Aika Granzchesta|96\/384 tox|[from] psn
|turn|63
|choice|move poisonjab|move playrough
|
|move|p1a: Drapion|Poison Jab|p2a: Aika Granzchesta
|-supereffective|p2a: Aika Granzchesta
|-damage|p2a: Aika Granzchesta|0 fnt
|-damage|p1a: Drapion|238\/308|[from] item: Rocky Helmet|[of] p2a: Aika Granzchesta
|faint|p2a: Aika Granzchesta
|
|-heal|p1a: Drapion|257\/308|[from] item: Black Sludge
|choice||switch 4
|
|switch|p2a: Athena Glory|Flygon, F|272\/364
|-damage|p2a: Athena Glory|250\/364|[from] Stealth Rock
|turn|64
|choice|move knockoff|move uturn
|
|move|p2a: Athena Glory|U-turn|p1a: Drapion
|-damage|p1a: Drapion|203\/308
|choice||switch 6
|
|switch|p2a: Alicia Florence|Registeel|166\/364
|-damage|p2a: Alicia Florence|121\/364|[from] Spikes
|-damage|p2a: Alicia Florence|99\/364|[from] Stealth Rock
|move|p1a: Drapion|Knock Off|p2a: Alicia Florence
|-damage|p2a: Alicia Florence|0 fnt
|-enditem|p2a: Alicia Florence|Leftovers|[from] move: Knock Off|[of] p1a: Drapion
|faint|p2a: Alicia Florence
|
|-heal|p1a: Drapion|222\/308|[from] item: Black Sludge
|choice||switch 6
|
|switch|p2a: Athena Glory|Flygon, F|250\/364
|-damage|p2a: Athena Glory|228\/364|[from] Stealth Rock
|turn|65
|choice|switch 2|move earthquake
|
|switch|p1a: Xatu|Xatu, M|313\/333
|-damage|p1a: Xatu|230\/333|[from] Stealth Rock
|move|p2a: Athena Glory|Earthquake|p1a: Xatu
|-immune|p1a: Xatu|[msg]
|
|-heal|p2a: Athena Glory|250\/364|[from] item: Leftovers
|turn|66
|choice|move heatwave|move roost
|
|move|p2a: Athena Glory|Roost|p2a: Athena Glory
|-heal|p2a: Athena Glory|364\/364
|move|p1a: Xatu|Heat Wave|p2a: Athena Glory
|-resisted|p2a: Athena Glory
|-damage|p2a: Athena Glory|321\/364
|
|-heal|p2a: Athena Glory|343\/364|[from] item: Leftovers
|turn|67
|choice|move heatwave|move uturn
|
|move|p2a: Athena Glory|U-turn|p1a: Xatu
|-damage|p1a: Xatu|173\/333
|choice||switch 2
|
|switch|p2a: Akari Mizunashi|Alomomola, F|294\/501
|-damage|p2a: Akari Mizunashi|232\/501|[from] Spikes
|-damage|p2a: Akari Mizunashi|170\/501|[from] Stealth Rock
|move|p1a: Xatu|Heat Wave|p2a: Akari Mizunashi
|-resisted|p2a: Akari Mizunashi
|-damage|p2a: Akari Mizunashi|121\/501
|
|-heal|p2a: Akari Mizunashi|152\/501|[from] item: Leftovers
|turn|68
|choice|move toxic|switch 5
|
|switch|p2a: Akira Ferrari|Drapion, F, shiny|171\/281
|-damage|p2a: Akira Ferrari|136\/281|[from] Stealth Rock
|-damage|p2a: Akira Ferrari|101\/281|[from] Spikes
|move|p1a: Xatu|Toxic|p2a: Akira Ferrari
|-immune|p2a: Akira Ferrari|[msg]
|
|turn|69
|choice|move heatwave|move knockoff
|
|move|p2a: Akira Ferrari|Knock Off|p1a: Xatu
|-supereffective|p1a: Xatu
|-damage|p1a: Xatu|0 fnt
|faint|p1a: Xatu
|
|choice|switch 2|
|
|switch|p1a: Drapion|Drapion, M|222\/308
|-damage|p1a: Drapion|184\/308|[from] Stealth Rock
|turn|70
|choice|move pursuit|switch 2
|
|-activate|p2a: Akira Ferrari|move: Pursuit
|move|p1a: Drapion|Pursuit|p2a: Akira Ferrari|[from]Pursuit
|-resisted|p2a: Akira Ferrari
|-damage|p2a: Akira Ferrari|47\/281
|switch|p2a: Athena Glory|Flygon, F|343\/364
|-damage|p2a: Athena Glory|321\/364|[from] Stealth Rock
|
|-heal|p2a: Athena Glory|343\/364|[from] item: Leftovers
|-heal|p1a: Drapion|203\/308|[from] item: Black Sludge
|turn|71
|choice|move knockoff|move earthquake
|
|move|p2a: Athena Glory|Earthquake|p1a: Drapion
|-supereffective|p1a: Drapion
|-damage|p1a: Drapion|0 fnt
|faint|p1a: Drapion
|
|-heal|p2a: Athena Glory|364\/364|[from] item: Leftovers
|choice|switch 4|
|
|switch|p1a: Glalie|Glalie-Mega, M|301\/301
|-damage|p1a: Glalie|226\/301|[from] Stealth Rock
|turn|72
|choice|move freezedry|move uturn
|
|move|p2a: Athena Glory|U-turn|p1a: Glalie
|-damage|p1a: Glalie|153\/301
|choice||switch 2
|
|switch|p2a: Akira Ferrari|Drapion, F, shiny|47\/281
|-damage|p2a: Akira Ferrari|12\/281|[from] Stealth Rock
|-damage|p2a: Akira Ferrari|0 fnt|[from] Spikes
|faint|p2a: Akira Ferrari
|move|p1a: Glalie|Freeze-Dry|p2: Akira Ferrari|[notarget]
|-notarget
|
|choice||switch 2
|
|switch|p2a: Athena Glory|Flygon, F|364\/364
|-damage|p2a: Athena Glory|342\/364|[from] Stealth Rock
|turn|73
|choice|move freezedry|move earthquake
|
|move|p1a: Glalie|Freeze-Dry|p2a: Athena Glory
|-supereffective|p2a: Athena Glory
|-damage|p2a: Athena Glory|0 fnt
|faint|p2a: Athena Glory
|
|c|★Imai Nobume|gg
|-message|Imai Nobume forfeited.
|
|win|Lord Esche</script>
</div>
<div class="battle-log battle-log-inline"><div class="inner"><div class="battle-options"></div><div class="inner"><div class=""><small>Format:</small> <br><strong>RU</strong></div><div class=""><small><em>Sleep Clause Mod:</em> Limit one foe put to sleep</small></div><div class=""><small><em>Species Clause:</em> Limit one of each Pokémon</small></div><div class=""><small><em>OHKO Clause:</em> OHKO moves are banned</small></div><div class=""><small><em>Moody Clause:</em> Moody is banned</small></div><div class=""><small><em>Evasion Moves Clause:</em> Evasion moves are banned</small></div><div class=""><small><em>Endless Battle Clause:</em> Forcing endless battles is banned</small></div><div class=""><small><em>HP Percentage Mod:</em> HP is shown in percentages</small></div><div class=""><small><em>Swagger Clause:</em> Swagger is banned</small></div><div class=""><small><em>Baton Pass Clause:</em> Limit one Baton Passer, can't pass Spe and other stats simultaneously</small></div><div class="chat battle-history"><strong>Lord Esche's team:</strong> <em style="color:#445566;display:block;">Glalie / Rhyperior / Lanturn / Xatu / Drapion / Gourgeist-*</em></div><div class="chat battle-history"><strong>Imai Nobume's team:</strong> <em style="color:#445566;display:block;">Drapion / Flygon / Altaria / Alomomola / Granbull / Registeel</em></div><div class="chat chatmessage-imainobume"><strong style="color:hsl(263,43%,58.03861511746898%)"><small>★</small><span class="username" data-name="Imai Nobume">Imai Nobume</span>:</strong> <em>hf</em></div><div class="chat chatmessage-lordesche"><strong style="color:hsl(257,87%,54.68326773582998%)"><small>★</small><span class="username" data-name="Lord Esche">Lord Esche</span>:</strong> <em>u2</em></div><div class="spacer battle-history"><br></div><div class="battle-history">Battle started between Lord Esche and Imai Nobume!<br></div><div class="spacer battle-history"><br></div><div class="battle-history">Go! Gourgeist (<strong>Gourgeist-Super</strong>)!<br></div><div class="spacer battle-history"><br></div><div class="battle-history">Imai Nobume sent out Alicia Florence (<strong>Registeel</strong>)!<br></div><div class="battle-history"><small>[Gourgeist's Frisk]</small><br><small>Gourgeist frisked the opposing Alicia Florence and found its Leftovers!</small><br></div><div class="spacer battle-history"><br></div><h2 class="battle-history">Turn 1</h2><div class="spacer battle-history"><br></div><div class="battle-history">Gourgeist used <strong>Will-O-Wisp</strong>!<br></div><div class="battle-history"><small>The opposing Alicia Florence avoided the attack!</small><br></div><div class="spacer battle-history"><br></div><div class="battle-history">The opposing Alicia Florence used <strong>Toxic</strong>!<br></div><div class="battle-history"><small>Gourgeist was badly poisoned!</small><br></div><div class="spacer battle-history"><br></div><div class="battle-history"><small>Gourgeist was hurt by poison!</small><br></div><div class="spacer battle-history"><br></div><h2 class="battle-history">Turn 2</h2><div class="spacer battle-history"><br></div><div class="battle-history">Gourgeist, come back!<br></div><div class="battle-history">Go! <strong>Xatu</strong>!<br></div><div class="spacer battle-history"><br></div><div class="battle-history">The opposing Alicia Florence used <strong>Stealth Rock</strong>!<br></div><div class="spacer battle-history"><br></div><div class="battle-history"><small>[Xatu's Magic Bounce]</small><br>Xatu bounced the Stealth Rock back!<br></div><div class="battle-history"><small>Pointed stones float in the air around the opposing team!</small><br></div><div class="spacer battle-history"><br></div><h2 class="battle-history">Turn 3</h2><div class="spacer battle-history"><br></div><div class="battle-history">Xatu used <strong>Heat Wave</strong>!<br></div><div class="battle-history"><small>It's super effective!</small><br></div><div class="battle-history"><small>(The opposing Alicia Florence lost <abbr title="−80/364">22.0%</abbr> of its health!)</small><br></div><div class="spacer battle-history"><br></div><div class="battle-history">The opposing Alicia Florence used <strong>Seismic Toss</strong>!<br></div><div class="battle-history"><small>(Xatu lost <abbr title="−100/333">30.0%</abbr> of its health!)</small><br></div><div class="battle-history"><small>The opposing Alicia Florence was hurt by the Rocky Helmet!</small><br></div><div class="spacer battle-history"><br></div><div class="battle-history"><small>The opposing Alicia Florence restored a little HP using its Leftovers!</small><br></div><div class="spacer battle-history"><br></div><h2 class="battle-history">Turn 4</h2><div class="spacer battle-history"><br></div><div class="battle-history">Imai Nobume withdrew Alicia Florence!<br></div><div class="battle-history">Imai Nobume sent out Athena Glory (<strong>Flygon</strong>)!<br></div><div class="battle-history"><small>Pointed stones dug into the opposing Athena Glory!</small><br></div><div class="spacer battle-history"><br></div><div class="battle-history">Xatu used <strong>Heat Wave</strong>!<br></div><div class="battle-history"><small>It's not very effective...</small><br></div><div class="battle-history"><small>(The opposing Athena Glory lost <abbr title="−40/364">11.0%</abbr> of its health!)</small><br></div><div class="spacer battle-history"><br></div><div class="battle-history"><small>The opposing Athena Glory restored a little HP using its Leftovers!</small><br></div><div class="spacer battle-history"><br></div><h2 class="battle-history">Turn 5</h2><div class="spacer battle-history"><br></div><div class="battle-history">The opposing Athena Glory used <strong>Defog</strong>!<br></div><div class="spacer battle-history"><br></div><div class="battle-history"><small>[Xatu's Magic Bounce]</small><br>Xatu bounced the Defog back!<br></div><div class="battle-history"><small>The opposing Athena Glory's evasiveness fell!</small><br></div><div class="battle-history"><small>The pointed stones disappeared from around the opposing team!</small><br></div><div class="spacer battle-history"><br></div><div class="battle-history">Xatu used <strong>Toxic</strong>!<br></div><div class="battle-history"><small>The opposing Athena Glory was badly poisoned!</small><br></div><div class="spacer battle-history"><br></div><div class="battle-history"><small>The opposing Athena Glory restored a little HP using its Leftovers!</small><br></div><div class="battle-history"><small>The opposing Athena Glory was hurt by poison!</small><br></div><div class="spacer battle-history"><br></div><h2 class="battle-history">Turn 6</h2><div class="spacer battle-history"><br></div><div class="battle-history">The opposing Athena Glory used <strong>U-turn</strong>!<br></div><div class="battle-history"><small>(Xatu lost <abbr title="−52/333">15.6%</abbr> of its health!)</small><br></div><div class="battle-history"><small>The opposing Athena Glory was hurt by the Rocky Helmet!</small><br></div><div class="spacer battle-history"><br></div><div class="battle-history">The opposing Athena Glory went back to Imai Nobume!<br></div><div class="battle-history">Imai Nobume sent out Akira Ferrari (<strong>Drapion</strong>)!<br></div><div class="spacer battle-history"><br></div><div class="battle-history">Xatu used <strong>U-turn</strong>!<br></div><div class="battle-history"><small>(The opposing Akira Ferrari lost <abbr title="−40/281">14.2%</abbr> of its health!)</small><br></div><div class="spacer battle-history"><br></div><div class="battle-history">Xatu went back to Lord Esche!<br></div><div class="battle-history">Go! <strong>Rhyperior</strong>!<br></div><div class="spacer battle-history"><br></div><h2 class="battle-history">Turn 7</h2><div class="spacer battle-history"><br></div><div class="battle-history">Imai Nobume withdrew Akira Ferrari!<br></div><div class="battle-history">Imai Nobume sent out Akari Mizunashi (<strong>Alomomola</strong>)!<br></div><div class="spacer battle-history"><br></div><div class="battle-history">Rhyperior used <strong>Stealth Rock</strong>!<br></div><div class="battle-history"><small>Pointed stones float in the air around the opposing team!</small><br></div><div class="spacer battle-history"><br></div><h2 class="battle-history">Turn 8</h2><div class="spacer battle-history"><br></div><div class="battle-history">Rhyperior, come back!<br></div><div class="battle-history">Go! Gourgeist (<strong>Gourgeist-Super</strong>)!<br></div><div class="battle-history"><small>[Gourgeist's Frisk]</small><br><small>Gourgeist frisked the opposing Akari Mizunashi and found its Leftovers!</small><br></div><div class="spacer battle-history"><br></div><div class="battle-history">The opposing Akari Mizunashi used <strong>Knock Off</strong>!<br></div><div class="battle-history"><small>It's super effective!</small><br></div><div class="battle-history"><small>Gourgeist ate its Colbur Berry!</small><br></div><div class="battle-history"><small>The Colbur Berry weakened the damage to Gourgeist!</small><br></div><div class="battle-history"><small>(Gourgeist lost <abbr title="−39/374">10.4%</abbr> of its health!)</small><br></div><div class="spacer battle-history"><br></div><div class="battle-history"><small>Gourgeist was hurt by poison!</small><br></div><div class="spacer battle-history"><br></div><h2 class="battle-history">Turn 9</h2><div class="spacer battle-history"><br></div><div class="battle-history">The opposing Akari Mizunashi used <strong>Protect</strong>!<br></div><div class="battle-history"><small>The opposing Akari Mizunashi protected itself!</small><br></div><div class="spacer battle-history"><br></div><div class="battle-history">Gourgeist used <strong>Leech Seed</strong>!<br></div><div class="battle-history"><small>The opposing Akari Mizunashi protected itself!</small><br></div><div class="spacer battle-history"><br></div><div class="battle-history"><small>Gourgeist was hurt by poison!</small><br></div><div class="spacer battle-history"><br></div><h2 class="battle-history">Turn 10</h2><div class="spacer battle-history"><br></div><div class="battle-history">Imai Nobume withdrew Akari Mizunashi!<br></div><div class="battle-history">Imai Nobume sent out Alice Carroll (<strong>Altaria</strong>)!<br></div><div class="battle-history"><small>Pointed stones dug into the opposing Alice Carroll!</small><br></div><div class="spacer battle-history"><br></div><div class="battle-history">Gourgeist used <strong>Synthesis</strong>!<br></div><div class="battle-history"><small>Gourgeist restored its HP.</small><br></div><div class="spacer battle-history"><br></div><div class="battle-history"><small>The opposing Alice Carroll restored a little HP using its Leftovers!</small><br></div><div class="battle-history"><small>Gourgeist was hurt by poison!</small><br></div><div class="spacer battle-history"><br></div><h2 class="battle-history">Turn 11</h2><div class="spacer battle-history"><br></div><div class="battle-history">The opposing Alice Carroll used <strong>Heal Bell</strong>!<br></div><div class="battle-history"><small>A bell chimed!</small><br></div><div class="battle-history"><small>The opposing Athena Glory was cured of its poisoning.</small><br></div><div class="spacer battle-history"><br></div><div class="battle-history">Gourgeist used <strong>Leech Seed</strong>!<br></div><div class="battle-history"><small>The opposing Alice Carroll was seeded!</small><br></div><div class="spacer battle-history"><br></div><div class="battle-history"><small>The opposing Alice Carroll restored a little HP using its Leftovers!</small><br></div><div class="battle-history"><small>The opposing Alice Carroll's health is sapped by Leech Seed!</small><br></div><div class="battle-history"><small>Gourgeist was hurt by poison!</small><br></div><div class="spacer battle-history"><br></div><h2 class="battle-history">Turn 12</h2><div class="spacer battle-history"><br></div><div class="battle-history">Imai Nobume withdrew Alice Carroll!<br></div><div class="battle-history">Imai Nobume sent out Akari Mizunashi (<strong>Alomomola</strong>)!<br></div><div class="battle-history"><small>Pointed stones dug into the opposing Akari Mizunashi!</small><br></div><div class="spacer battle-history"><br></div><div class="battle-history">Gourgeist, come back!<br></div><div class="battle-history">Go! <strong>Rhyperior</strong>!<br></div><div class="spacer battle-history"><br></div><div class="battle-history"><small>The opposing Akari Mizunashi restored a little HP using its Leftovers!</small><br></div><div class="spacer battle-history"><br></div><h2 class="battle-history">Turn 13</h2><div class="spacer battle-history"><br></div><div class="battle-history">Rhyperior, come back!<br></div><div class="battle-history">Go! Gourgeist (<strong>Gourgeist-Super</strong>)!<br></div><div class="battle-history"><small>[Gourgeist's Frisk]</small><br><small>Gourgeist frisked the opposing Akari Mizunashi and found its Leftovers!</small><br></div><div class="spacer battle-history"><br></div><div class="battle-history">The opposing Akari Mizunashi used <strong>Scald</strong>!<br></div><div class="battle-history"><small>It's not very effective...</small><br></div><div class="battle-history"><small>(Gourgeist lost <abbr title="−29/374">7.8%</abbr> of its health!)</small><br></div><div class="spacer battle-history"><br></div><div class="battle-history"><small>The opposing Akari Mizunashi restored a little HP using its Leftovers!</small><br></div><div class="battle-history"><small>Gourgeist was hurt by poison!</small><br></div><div class="spacer battle-history"><br></div><h2 class="battle-history">Turn 14</h2><div class="spacer battle-history"><br></div><div class="battle-history">Imai Nobume withdrew Akari Mizunashi!<br></div><div class="battle-history">Imai Nobume sent out Alice Carroll (<strong>Altaria</strong>)!<br></div><div class="battle-history"><small>Pointed stones dug into the opposing Alice Carroll!</small><br></div><div class="spacer battle-history"><br></div><div class="battle-history">Gourgeist used <strong>Will-O-Wisp</strong>!<br></div><div class="battle-history"><small>The opposing Alice Carroll avoided the attack!</small><br></div><div class="spacer battle-history"><br></div><div class="battle-history"><small>The opposing Alice Carroll restored a little HP using its Leftovers!</small><br></div><div class="battle-history"><small>Gourgeist was hurt by poison!</small><br></div><div class="spacer battle-history"><br></div><h2 class="battle-history">Turn 15</h2><div class="spacer battle-history"><br></div><div class="battle-history">The opposing Alice Carroll used <strong>Flamethrower</strong>!<br></div><div class="battle-history"><small>It's super effective!</small><br></div><div class="battle-history"><small>A critical hit!</small><br></div><div class="battle-history"><small>(Gourgeist lost <abbr title="−158/374">42.2%</abbr> of its health!)</small><br></div><div class="spacer battle-history"><br></div><div class="battle-history">Gourgeist fainted!<br></div><div class="spacer battle-history"><br></div><div class="battle-history"><small>The opposing Alice Carroll restored a little HP using its Leftovers!</small><br></div><div class="spacer battle-history"><br></div><div class="battle-history">Go! <strong>Glalie</strong>!<br></div><div class="spacer battle-history"><br></div><h2 class="battle-history">Turn 16</h2><div class="spacer battle-history"><br></div><div class="battle-history">Imai Nobume withdrew Alice Carroll!<br></div><div class="battle-history">Imai Nobume sent out Alicia Florence (<strong>Registeel</strong>)!<br></div><div class="battle-history"><small>Pointed stones dug into the opposing Alicia Florence!</small><br></div><div class="spacer battle-history"><br></div><div class="battle-history"><small>Glalie's Glalitite is reacting to Lord Esche's Mega Bracelet!</small><br>Glalie has Mega Evolved into Mega Glalie!<br></div><div class="spacer battle-history"><br></div><div class="battle-history">Glalie used <strong>Spikes</strong>!<br></div><div class="battle-history"><small>Spikes were scattered on the ground all around the opposing team!</small><br></div><div class="spacer battle-history"><br></div><div class="battle-history"><small>The opposing Alicia Florence restored a little HP using its Leftovers!</small><br></div><div class="spacer battle-history"><br></div><h2 class="battle-history">Turn 17</h2><div class="spacer battle-history"><br></div><div class="battle-history">Glalie, come back!<br></div><div class="battle-history">Go! <strong>Xatu</strong>!<br></div><div class="spacer battle-history"><br></div><div class="battle-history">The opposing Alicia Florence used <strong>Protect</strong>!<br></div><div class="battle-history"><small>But it failed!</small><br></div><div class="spacer battle-history"><br></div><div class="battle-history"><small>The opposing Alicia Florence restored a little HP using its Leftovers!</small><br></div><div class="spacer battle-history"><br></div><h2 class="battle-history">Turn 18</h2><div class="spacer battle-history"><br></div><div class="battle-history">Xatu used <strong>Roost</strong>!<br></div><div class="battle-history"><small>Xatu restored its HP.</small><br></div><div class="spacer battle-history"><br></div><div class="battle-history">The opposing Alicia Florence used <strong>Seismic Toss</strong>!<br></div><div class="battle-history"><small>(Xatu lost <abbr title="−100/333">30.0%</abbr> of its health!)</small><br></div><div class="battle-history"><small>The opposing Alicia Florence was hurt by the Rocky Helmet!</small><br></div><div class="spacer battle-history"><br></div><div class="battle-history"><small>The opposing Alicia Florence restored a little HP using its Leftovers!</small><br></div><div class="spacer battle-history"><br></div><h2 class="battle-history">Turn 19</h2><div class="spacer battle-history"><br></div><div class="battle-history">Imai Nobume withdrew Alicia Florence!<br></div><div class="battle-history">Imai Nobume sent out Athena Glory (<strong>Flygon</strong>)!<br></div><div class="battle-history"><small>Pointed stones dug into the opposing Athena Glory!</small><br></div><div class="spacer battle-history"><br></div><div class="battle-history">Xatu used <strong>Heat Wave</strong>!<br></div><div class="battle-history"><small>It's not very effective...</small><br></div><div class="battle-history"><small>(The opposing Athena Glory lost <abbr title="−44/364">12.1%</abbr> of its health!)</small><br></div><div class="spacer battle-history"><br></div><div class="battle-history"><small>The opposing Athena Glory restored a little HP using its Leftovers!</small><br></div><div class="spacer battle-history"><br></div><h2 class="battle-history">Turn 20</h2><div class="spacer battle-history"><br></div><div class="battle-history">The opposing Athena Glory used <strong>Defog</strong>!<br></div><div class="spacer battle-history"><br></div><div class="battle-history"><small>[Xatu's Magic Bounce]</small><br>Xatu bounced the Defog back!<br></div><div class="battle-history"><small>The opposing Athena Glory's evasiveness fell!</small><br></div><div class="battle-history"><small>The spikes disappeared from the ground around the opposing team!</small><br></div><div class="battle-history"><small>The pointed stones disappeared from around the opposing team!</small><br></div><div class="spacer battle-history"><br></div><div class="battle-history">Xatu used <strong>Roost</strong>!<br></div><div class="battle-history"><small>Xatu restored its HP.</small><br></div><div class="spacer battle-history"><br></div><div class="battle-history"><small>The opposing Athena Glory restored a little HP using its Leftovers!</small><br></div><div class="spacer battle-history"><br></div><h2 class="battle-history">Turn 21</h2><div class="spacer battle-history"><br></div><div class="battle-history">The opposing Athena Glory used <strong>U-turn</strong>!<br></div><div class="battle-history"><small>(Xatu lost <abbr title="−51/333">15.3%</abbr> of its health!)</small><br></div><div class="battle-history"><small>The opposing Athena Glory was hurt by the Rocky Helmet!</small><br></div><div class="spacer battle-history"><br></div><div class="battle-history">The opposing Athena Glory went back to Imai Nobume!<br></div><div class="battle-history">Imai Nobume sent out Alice Carroll (<strong>Altaria</strong>)!<br></div><div class="spacer battle-history"><br></div><div class="battle-history">Xatu used <strong>U-turn</strong>!<br></div><div class="battle-history"><small>It's not very effective...</small><br></div><div class="battle-history"><small>(The opposing Alice Carroll lost <abbr title="−17/351">4.8%</abbr> of its health!)</small><br></div><div class="spacer battle-history"><br></div><div class="battle-history">Xatu went back to Lord Esche!<br></div><div class="battle-history">Go! Glalie (<strong>Glalie-Mega</strong>)!<br></div><div class="spacer battle-history"><br></div><div class="battle-history"><small>The opposing Alice Carroll restored a little HP using its Leftovers!</small><br></div><div class="spacer battle-history"><br></div><h2 class="battle-history">Turn 22</h2><div class="spacer battle-history"><br></div><div class="battle-history">Imai Nobume withdrew Alice Carroll!<br></div><div class="battle-history">Imai Nobume sent out Alicia Florence (<strong>Registeel</strong>)!<br></div><div class="spacer battle-history"><br></div><div class="battle-history">Glalie used <strong>Spikes</strong>!<br></div><div class="battle-history"><small>Spikes were scattered on the ground all around the opposing team!</small><br></div><div class="spacer battle-history"><br></div><div class="battle-history"><small>The opposing Alicia Florence restored a little HP using its Leftovers!</small><br></div><div class="spacer battle-history"><br></div><h2 class="battle-history">Turn 23</h2><div class="spacer battle-history"><br></div><div class="battle-history">Glalie, come back!<br></div><div class="battle-history">Go! <strong>Xatu</strong>!<br></div><div class="spacer battle-history"><br></div><div class="battle-history">The opposing Alicia Florence used <strong>Toxic</strong>!<br></div><div class="spacer battle-history"><br></div><div class="battle-history"><small>[Xatu's Magic Bounce]</small><br>Xatu bounced the Toxic back!<br></div><div class="battle-history"><small>It doesn't affect the opposing Alicia Florence...</small><br></div><div class="spacer battle-history"><br></div><div class="battle-history"><small>The opposing Alicia Florence restored a little HP using its Leftovers!</small><br></div><div class="spacer battle-history"><br></div><h2 class="battle-history">Turn 24</h2><div class="spacer battle-history"><br></div><div class="battle-history">The opposing Alicia Florence used <strong>Protect</strong>!<br></div><div class="battle-history"><small>The opposing Alicia Florence protected itself!</small><br></div><div class="spacer battle-history"><br></div><div class="battle-history">Xatu used <strong>Heat Wave</strong>!<br></div><div class="battle-history"><small>The opposing Alicia Florence protected itself!</small><br></div><div class="spacer battle-history"><br></div><div class="battle-history"><small>The opposing Alicia Florence restored a little HP using its Leftovers!</small><br></div><div class="spacer battle-history"><br></div><h2 class="battle-history">Turn 25</h2><div class="spacer battle-history"><br></div><div class="battle-history">Xatu used <strong>Heat Wave</strong>!<br></div><div class="battle-history"><small>It's super effective!</small><br></div><div class="battle-history"><small>(The opposing Alicia Florence lost <abbr title="−82/364">22.5%</abbr> of its health!)</small><br></div><div class="spacer battle-history"><br></div><div class="battle-history">The opposing Alicia Florence used <strong>Seismic Toss</strong>!<br></div><div class="battle-history"><small>(Xatu lost <abbr title="−100/333">30.0%</abbr> of its health!)</small><br></div><div class="battle-history"><small>The opposing Alicia Florence was hurt by the Rocky Helmet!</small><br></div><div class="spacer battle-history"><br></div><div class="battle-history"><small>The opposing Alicia Florence restored a little HP using its Leftovers!</small><br></div><div class="spacer battle-history"><br></div><h2 class="battle-history">Turn 26</h2><div class="spacer battle-history"><br></div><div class="battle-history">Imai Nobume withdrew Alicia Florence!<br></div><div class="battle-history">Imai Nobume sent out Akari Mizunashi (<strong>Alomomola</strong>)!<br></div><div class="battle-history"><small>The opposing Akari Mizunashi is hurt by the spikes!</small><br></div><div class="spacer battle-history"><br></div><div class="battle-history">Xatu used <strong>Roost</strong>!<br></div><div class="battle-history"><small>Xatu restored its HP.</small><br></div><div class="spacer battle-history"><br></div><div class="battle-history"><small>The opposing Akari Mizunashi restored a little HP using its Leftovers!</small><br></div><div class="spacer battle-history"><br></div><h2 class="battle-history">Turn 27</h2><div class="spacer battle-history"><br></div><div class="battle-history">Xatu used <strong>Toxic</strong>!<br></div><div class="battle-history"><small>The opposing Akari Mizunashi was badly poisoned!</small><br></div><div class="spacer battle-history"><br></div><div class="battle-history">The opposing Akari Mizunashi used <strong>Knock Off</strong>!<br></div><div class="battle-history"><small>It's super effective!</small><br></div><div class="battle-history"><small>(Xatu lost <abbr title="−112/333">33.6%</abbr> of its health!)</small><br></div><div class="battle-history"><small>The opposing Akari Mizunashi was hurt by the Rocky Helmet!</small><br></div><div class="battle-history"><small>The opposing Akari Mizunashi knocked off Xatu's Rocky Helmet!</small><br></div><div class="spacer battle-history"><br></div><div class="battle-history"><small>The opposing Akari Mizunashi restored a little HP using its Leftovers!</small><br></div><div class="battle-history"><small>The opposing Akari Mizunashi was hurt by poison!</small><br></div><div class="spacer battle-history"><br></div><h2 class="battle-history">Turn 28</h2><div class="spacer battle-history"><br></div><div class="battle-history">Xatu used <strong>Roost</strong>!<br></div><div class="battle-history"><small>Xatu restored its HP.</small><br></div><div class="spacer battle-history"><br></div><div class="battle-history">The opposing Akari Mizunashi used <strong>Wish</strong>!<br></div><div class="spacer battle-history"><br></div><div class="battle-history"><small>The opposing Akari Mizunashi restored a little HP using its Leftovers!</small><br></div><div class="battle-history"><small>The opposing Akari Mizunashi was hurt by poison!</small><br></div><div class="spacer battle-history"><br></div><h2 class="battle-history">Turn 29</h2><div class="spacer battle-history"><br></div><div class="battle-history">Imai Nobume withdrew Akari Mizunashi!<br></div><div class="battle-history">Imai Nobume sent out Alicia Florence (<strong>Registeel</strong>)!<br></div><div class="battle-history"><small>The opposing Alicia Florence is hurt by the spikes!</small><br></div><div class="spacer battle-history"><br></div><div class="battle-history">Xatu used <strong>U-turn</strong>!<br></div><div class="battle-history"><small>It's not very effective...</small><br></div><div class="battle-history"><small>(The opposing Alicia Florence lost <abbr title="−14/364">3.8%</abbr> of its health!)</small><br></div><div class="spacer battle-history"><br></div><div class="battle-history">Xatu went back to Lord Esche!<br></div><div class="battle-history">Go! <strong>Rhyperior</strong>!<br></div><div class="spacer battle-history"><br></div><div class="battle-history"><small>Akari Mizunashi's wish came true!</small><br></div><div class="spacer battle-history"><br></div><h2 class="battle-history">Turn 30</h2><div class="spacer battle-history"><br></div><div class="battle-history">Rhyperior, come back!<br></div><div class="battle-history">Go! <strong>Xatu</strong>!<br></div><div class="spacer battle-history"><br></div><div class="battle-history">The opposing Alicia Florence used <strong>Stealth Rock</strong>!<br></div><div class="spacer battle-history"><br></div><div class="battle-history"><small>[Xatu's Magic Bounce]</small><br>Xatu bounced the Stealth Rock back!<br></div><div class="battle-history"><small>Pointed stones float in the air around the opposing team!</small><br></div><div class="spacer battle-history"><br></div><h2 class="battle-history">Turn 31</h2><div class="spacer battle-history"><br></div><div class="battle-history">Xatu used <strong>Heat Wave</strong>!<br></div><div class="battle-history"><small>It's super effective!</small><br></div><div class="battle-history"><small>(The opposing Alicia Florence lost <abbr title="−80/364">22.0%</abbr> of its health!)</small><br></div><div class="spacer battle-history"><br></div><div class="battle-history">The opposing Alicia Florence used <strong>Seismic Toss</strong>!<br></div><div class="battle-history"><small>(Xatu lost <abbr title="−100/333">30.0%</abbr> of its health!)</small><br></div><div class="spacer battle-history"><br></div><div class="battle-history"><small>The opposing Alicia Florence restored a little HP using its Leftovers!</small><br></div><div class="spacer battle-history"><br></div><h2 class="battle-history">Turn 32</h2><div class="spacer battle-history"><br></div><div class="battle-history">Imai Nobume withdrew Alicia Florence!<br></div><div class="battle-history">Imai Nobume sent out Athena Glory (<strong>Flygon</strong>)!<br></div><div class="battle-history"><small>Pointed stones dug into the opposing Athena Glory!</small><br></div><div class="spacer battle-history"><br></div><div class="battle-history">Xatu used <strong>Heat Wave</strong>!<br></div><div class="battle-history"><small>It's not very effective...</small><br></div><div class="battle-history"><small>(The opposing Athena Glory lost <abbr title="−45/364">12.4%</abbr> of its health!)</small><br></div><div class="spacer battle-history"><br></div><div class="battle-history"><small>The opposing Athena Glory restored a little HP using its Leftovers!</small><br></div><div class="spacer battle-history"><br></div><h2 class="battle-history">Turn 33</h2><div class="spacer battle-history"><br></div><div class="battle-history">The opposing Athena Glory used <strong>Defog</strong>!<br></div><div class="spacer battle-history"><br></div><div class="battle-history"><small>[Xatu's Magic Bounce]</small><br>Xatu bounced the Defog back!<br></div><div class="battle-history"><small>The opposing Athena Glory's evasiveness fell!</small><br></div><div class="battle-history"><small>The spikes disappeared from the ground around the opposing team!</small><br></div><div class="battle-history"><small>The pointed stones disappeared from around the opposing team!</small><br></div><div class="spacer battle-history"><br></div><div class="battle-history">Xatu used <strong>Toxic</strong>!<br></div><div class="battle-history"><small>The opposing Athena Glory was badly poisoned!</small><br></div><div class="spacer battle-history"><br></div><div class="battle-history"><small>The opposing Athena Glory restored a little HP using its Leftovers!</small><br></div><div class="battle-history"><small>The opposing Athena Glory was hurt by poison!</small><br></div><div class="spacer battle-history"><br></div><h2 class="battle-history">Turn 34</h2><div class="spacer battle-history"><br></div><div class="battle-history">Xatu, come back!<br></div><div class="battle-history">Go! Glalie (<strong>Glalie-Mega</strong>)!<br></div><div class="spacer battle-history"><br></div><div class="battle-history">The opposing Athena Glory used <strong>Roost</strong>!<br></div><div class="battle-history"><small>The opposing Athena Glory restored its HP.</small><br></div><div class="spacer battle-history"><br></div><div class="battle-history"><small>The opposing Athena Glory restored a little HP using its Leftovers!</small><br></div><div class="battle-history"><small>The opposing Athena Glory was hurt by poison!</small><br></div><div class="spacer battle-history"><br></div><h2 class="battle-history">Turn 35</h2><div class="spacer battle-history"><br></div><div class="battle-history">Imai Nobume withdrew Athena Glory!<br></div><div class="battle-history">Imai Nobume sent out Alicia Florence (<strong>Registeel</strong>)!<br></div><div class="spacer battle-history"><br></div><div class="battle-history">Glalie used <strong>Spikes</strong>!<br></div><div class="battle-history"><small>Spikes were scattered on the ground all around the opposing team!</small><br></div><div class="spacer battle-history"><br></div><div class="battle-history"><small>The opposing Alicia Florence restored a little HP using its Leftovers!</small><br></div><div class="spacer battle-history"><br></div><h2 class="battle-history">Turn 36</h2><div class="spacer battle-history"><br></div><div class="battle-history">Glalie, come back!<br></div><div class="battle-history">Go! <strong>Xatu</strong>!<br></div><div class="spacer battle-history"><br></div><div class="battle-history">The opposing Alicia Florence used <strong>Seismic Toss</strong>!<br></div><div class="battle-history"><small>(Xatu lost <abbr title="−100/333">30.0%</abbr> of its health!)</small><br></div><div class="spacer battle-history"><br></div><div class="battle-history"><small>The opposing Alicia Florence restored a little HP using its Leftovers!</small><br></div><div class="spacer battle-history"><br></div><h2 class="battle-history">Turn 37</h2><div class="spacer battle-history"><br></div><div class="battle-history">Xatu used <strong>Roost</strong>!<br></div><div class="battle-history"><small>Xatu restored its HP.</small><br></div><div class="spacer battle-history"><br></div><div class="battle-history">The opposing Alicia Florence used <strong>Seismic Toss</strong>!<br></div><div class="battle-history"><small>(Xatu lost <abbr title="−100/333">30.0%</abbr> of its health!)</small><br></div><div class="spacer battle-history"><br></div><div class="battle-history"><small>The opposing Alicia Florence restored a little HP using its Leftovers!</small><br></div><div class="spacer battle-history"><br></div><h2 class="battle-history">Turn 38</h2><div class="spacer battle-history"><br></div><div class="battle-history">The opposing Alicia Florence used <strong>Protect</strong>!<br></div><div class="battle-history"><small>The opposing Alicia Florence protected itself!</small><br></div><div class="spacer battle-history"><br></div><div class="battle-history">Xatu used <strong>Heat Wave</strong>!<br></div><div class="battle-history"><small>The opposing Alicia Florence protected itself!</small><br></div><div class="spacer battle-history"><br></div><h2 class="battle-history">Turn 39</h2><div class="spacer battle-history"><br></div><div class="battle-history">Xatu used <strong>Heat Wave</strong>!<br></div><div class="battle-history"><small>It's super effective!</small><br></div><div class="battle-history"><small>(The opposing Alicia Florence lost <abbr title="−88/364">24.2%</abbr> of its health!)</small><br></div><div class="spacer battle-history"><br></div><div class="battle-history">The opposing Alicia Florence used <strong>Seismic Toss</strong>!<br></div><div class="battle-history"><small>(Xatu lost <abbr title="−100/333">30.0%</abbr> of its health!)</small><br></div><div class="spacer battle-history"><br></div><div class="battle-history"><small>The opposing Alicia Florence restored a little HP using its Leftovers!</small><br></div><div class="spacer battle-history"><br></div><h2 class="battle-history">Turn 40</h2><div class="spacer battle-history"><br></div><div class="battle-history">Xatu used <strong>Roost</strong>!<br></div><div class="battle-history"><small>Xatu restored its HP.</small><br></div><div class="spacer battle-history"><br></div><div class="battle-history">The opposing Alicia Florence used <strong>Seismic Toss</strong>!<br></div><div class="battle-history"><small>(Xatu lost <abbr title="−100/333">30.0%</abbr> of its health!)</small><br></div><div class="spacer battle-history"><br></div><div class="battle-history"><small>The opposing Alicia Florence restored a little HP using its Leftovers!</small><br></div><div class="spacer battle-history"><br></div><h2 class="battle-history">Turn 41</h2><div class="spacer battle-history"><br></div><div class="battle-history">Xatu used <strong>Roost</strong>!<br></div><div class="battle-history"><small>Xatu restored its HP.</small><br></div><div class="spacer battle-history"><br></div><div class="battle-history">The opposing Alicia Florence used <strong>Seismic Toss</strong>!<br></div><div class="battle-history"><small>(Xatu lost <abbr title="−100/333">30.0%</abbr> of its health!)</small><br></div><div class="spacer battle-history"><br></div><div class="battle-history"><small>The opposing Alicia Florence restored a little HP using its Leftovers!</small><br></div><div class="spacer battle-history"><br></div><h2 class="battle-history">Turn 42</h2><div class="spacer battle-history"><br></div><div class="battle-history">Xatu used <strong>Heat Wave</strong>!<br></div><div class="battle-history"><small>It's super effective!</small><br></div><div class="battle-history"><small>A critical hit!</small><br></div><div class="battle-history"><small>(The opposing Alicia Florence lost <abbr title="−128/364">35.2%</abbr> of its health!)</small><br></div><div class="battle-history"><small>The opposing Alicia Florence was burned!</small><br></div><div class="spacer battle-history"><br></div><div class="battle-history">The opposing Alicia Florence used <strong>Seismic Toss</strong>!<br></div><div class="battle-history"><small>(Xatu lost <abbr title="−100/333">30.0%</abbr> of its health!)</small><br></div><div class="spacer battle-history"><br></div><div class="battle-history"><small>The opposing Alicia Florence restored a little HP using its Leftovers!</small><br></div><div class="battle-history"><small>The opposing Alicia Florence was hurt by its burn!</small><br></div><div class="spacer battle-history"><br></div><h2 class="battle-history">Turn 43</h2><div class="spacer battle-history"><br></div><div class="battle-history">Imai Nobume withdrew Alicia Florence!<br></div><div class="battle-history">Imai Nobume sent out Alice Carroll (<strong>Altaria</strong>)!<br></div><div class="spacer battle-history"><br></div><div class="battle-history">Xatu used <strong>Roost</strong>!<br></div><div class="battle-history"><small>Xatu restored its HP.</small><br></div><div class="spacer battle-history"><br></div><div class="battle-history"><small>The opposing Alice Carroll restored a little HP using its Leftovers!</small><br></div><div class="spacer battle-history"><br></div><h2 class="battle-history">Turn 44</h2><div class="spacer battle-history"><br></div><div class="battle-history">Xatu, come back!<br></div><div class="battle-history">Go! Glalie (<strong>Glalie-Mega</strong>)!<br></div><div class="spacer battle-history"><br></div><div class="battle-history">The opposing Alice Carroll used <strong>Heal Bell</strong>!<br></div><div class="battle-history"><small>A bell chimed!</small><br></div><div class="battle-history"><small>The opposing Athena Glory was cured of its poisoning.</small><br></div><div class="battle-history"><small>The opposing Akari Mizunashi was cured of its poisoning.</small><br></div><div class="battle-history"><small>The opposing Alicia Florence's burn was healed.</small><br></div><div class="spacer battle-history"><br></div><div class="battle-history"><small>The opposing Alice Carroll restored a little HP using its Leftovers!</small><br></div><div class="spacer battle-history"><br></div><h2 class="battle-history">Turn 45</h2><div class="spacer battle-history"><br></div><div class="battle-history">Glalie used <strong>Freeze-Dry</strong>!<br></div><div class="battle-history"><small>It's super effective!</small><br></div><div class="battle-history"><small>(The opposing Alice Carroll lost <abbr title="−264/351">75.2%</abbr> of its health!)</small><br></div><div class="spacer battle-history"><br></div><div class="battle-history">The opposing Alice Carroll fainted!<br></div><div class="spacer battle-history"><br></div><div class="battle-history">Imai Nobume sent out Akari Mizunashi (<strong>Alomomola</strong>)!<br></div><div class="battle-history"><small>The opposing Akari Mizunashi is hurt by the spikes!</small><br></div><div class="spacer battle-history"><br></div><h2 class="battle-history">Turn 46</h2><div class="spacer battle-history"><br></div><div class="battle-history">Glalie used <strong>Freeze-Dry</strong>!<br></div><div class="battle-history"><small>It's super effective!</small><br></div><div class="battle-history"><small>(The opposing Akari Mizunashi lost <abbr title="−240/501">47.9%</abbr> of its health!)</small><br></div><div class="spacer battle-history"><br></div><div class="battle-history">The opposing Akari Mizunashi used <strong>Wish</strong>!<br></div><div class="spacer battle-history"><br></div><div class="battle-history"><small>The opposing Akari Mizunashi restored a little HP using its Leftovers!</small><br></div><div class="spacer battle-history"><br></div><h2 class="battle-history">Turn 47</h2><div class="spacer battle-history"><br></div><div class="battle-history">Glalie, come back!<br></div><div class="battle-history">Go! <strong>Rhyperior</strong>!<br></div><div class="spacer battle-history"><br></div><div class="battle-history">Imai Nobume withdrew Akari Mizunashi!<br></div><div class="battle-history">Imai Nobume sent out Alicia Florence (<strong>Registeel</strong>)!<br></div><div class="battle-history"><small>The opposing Alicia Florence is hurt by the spikes!</small><br></div><div class="spacer battle-history"><br></div><div class="battle-history"><small>Akari Mizunashi's wish came true!</small><br></div><div class="spacer battle-history"><br></div><h2 class="battle-history">Turn 48</h2><div class="spacer battle-history"><br></div><div class="battle-history">The opposing Alicia Florence used <strong>Toxic</strong>!<br></div><div class="battle-history"><small>Rhyperior avoided the attack!</small><br></div><div class="spacer battle-history"><br></div><div class="battle-history">Rhyperior used <strong>Earthquake</strong>!<br></div><div class="battle-history"><small>It's super effective!</small><br></div><div class="battle-history"><small>(The opposing Alicia Florence lost <abbr title="−264/364">72.5%</abbr> of its health!)</small><br></div><div class="spacer battle-history"><br></div><div class="battle-history"><small>The opposing Alicia Florence restored a little HP using its Leftovers!</small><br></div><div class="spacer battle-history"><br></div><h2 class="battle-history">Turn 49</h2><div class="spacer battle-history"><br></div><div class="battle-history">Rhyperior used <strong>Stealth Rock</strong>!<br></div><div class="battle-history"><small>Pointed stones float in the air around the opposing team!</small><br></div><div class="spacer battle-history"><br></div><div class="battle-history">The opposing Alicia Florence used <strong>Stealth Rock</strong>!<br></div><div class="battle-history"><small>Pointed stones float in the air around your team!</small><br></div><div class="spacer battle-history"><br></div><div class="battle-history"><small>The opposing Alicia Florence restored a little HP using its Leftovers!</small><br></div><div class="spacer battle-history"><br></div><h2 class="battle-history">Turn 50</h2><div class="spacer battle-history"><br></div><div class="battle-history">The opposing Alicia Florence used <strong>Protect</strong>!<br></div><div class="battle-history"><small>The opposing Alicia Florence protected itself!</small><br></div><div class="spacer battle-history"><br></div><div class="battle-history">Rhyperior used <strong>Earthquake</strong>!<br></div><div class="battle-history"><small>The opposing Alicia Florence protected itself!</small><br></div><div class="spacer battle-history"><br></div><div class="battle-history"><small>The opposing Alicia Florence restored a little HP using its Leftovers!</small><br></div><div class="spacer battle-history"><br></div><h2 class="battle-history">Turn 51</h2><div class="spacer battle-history"><br></div><div class="battle-history">Imai Nobume withdrew Alicia Florence!<br></div><div class="battle-history">Imai Nobume sent out Akari Mizunashi (<strong>Alomomola</strong>)!<br></div><div class="battle-history"><small>Pointed stones dug into the opposing Akari Mizunashi!</small><br></div><div class="battle-history"><small>The opposing Akari Mizunashi is hurt by the spikes!</small><br></div><div class="spacer battle-history"><br></div><div class="battle-history">Rhyperior used <strong>Earthquake</strong>!<br></div><div class="battle-history"><small>(The opposing Akari Mizunashi lost <abbr title="−177/501">35.3%</abbr> of its health!)</small><br></div><div class="spacer battle-history"><br></div><div class="battle-history"><small>The opposing Akari Mizunashi restored a little HP using its Leftovers!</small><br></div><div class="spacer battle-history"><br></div><h2 class="battle-history">Turn 52</h2><div class="spacer battle-history"><br></div><div class="battle-history">Imai Nobume withdrew Akari Mizunashi!<br></div><div class="battle-history">Imai Nobume sent out Athena Glory (<strong>Flygon</strong>)!<br></div><div class="battle-history"><small>Pointed stones dug into the opposing Athena Glory!</small><br></div><div class="spacer battle-history"><br></div><div class="battle-history">Rhyperior used <strong>Earthquake</strong>!<br></div><div class="battle-history"><small>[The opposing Athena Glory's Levitate]</small><br><small>It doesn't affect the opposing Athena Glory...</small><br></div><div class="spacer battle-history"><br></div><div class="battle-history"><small>The opposing Athena Glory restored a little HP using its Leftovers!</small><br></div><div class="spacer battle-history"><br></div><h2 class="battle-history">Turn 53</h2><div class="spacer battle-history"><br></div><div class="battle-history">The opposing Athena Glory used <strong>U-turn</strong>!<br></div><div class="battle-history"><small>(Rhyperior lost <abbr title="−43/417">10.3%</abbr> of its health!)</small><br></div><div class="spacer battle-history"><br></div><div class="battle-history">The opposing Athena Glory went back to Imai Nobume!<br></div><div class="battle-history">Imai Nobume sent out Aika Granzchesta (<strong>Granbull</strong>)!<br></div><div class="battle-history"><small>Pointed stones dug into the opposing Aika Granzchesta!</small><br></div><div class="battle-history"><small>The opposing Aika Granzchesta is hurt by the spikes!</small><br></div><div class="battle-history"><small>[The opposing Aika Granzchesta's Intimidate]</small><br></div><div class="battle-history"><small>Rhyperior's Attack fell!</small><br></div><div class="spacer battle-history"><br></div><div class="battle-history">Rhyperior used <strong>Toxic</strong>!<br></div><div class="battle-history"><small>The opposing Aika Granzchesta was badly poisoned!</small><br></div><div class="spacer battle-history"><br></div><div class="battle-history"><small>Rhyperior restored a little HP using its Leftovers!</small><br></div><div class="battle-history"><small>The opposing Aika Granzchesta was hurt by poison!</small><br></div><div class="spacer battle-history"><br></div><h2 class="battle-history">Turn 54</h2><div class="spacer battle-history"><br></div><div class="battle-history">Rhyperior, come back!<br></div><div class="battle-history">Go! <strong>Lanturn</strong>!<br></div><div class="battle-history"><small>Pointed stones dug into Lanturn!</small><br></div><div class="spacer battle-history"><br></div><div class="battle-history">The opposing Aika Granzchesta used <strong>Toxic</strong>!<br></div><div class="battle-history"><small>Lanturn was badly poisoned!</small><br></div><div class="spacer battle-history"><br></div><div class="battle-history"><small>Lanturn restored a little HP using its Leftovers!</small><br></div><div class="battle-history"><small>Lanturn was hurt by poison!</small><br></div><div class="battle-history"><small>The opposing Aika Granzchesta was hurt by poison!</small><br></div><div class="spacer battle-history"><br></div><h2 class="battle-history">Turn 55</h2><div class="spacer battle-history"><br></div><div class="battle-history">Imai Nobume withdrew Aika Granzchesta!<br></div><div class="battle-history">Imai Nobume sent out Athena Glory (<strong>Flygon</strong>)!<br></div><div class="battle-history"><small>Pointed stones dug into the opposing Athena Glory!</small><br></div><div class="spacer battle-history"><br></div><div class="battle-history">Lanturn used <strong>Heal Bell</strong>!<br></div><div class="battle-history"><small>A bell chimed!</small><br></div><div class="battle-history"><small>Lanturn was cured of its poisoning.</small><br></div><div class="spacer battle-history"><br></div><div class="battle-history"><small>The opposing Athena Glory restored a little HP using its Leftovers!</small><br></div><div class="battle-history"><small>Lanturn restored a little HP using its Leftovers!</small><br></div><div class="spacer battle-history"><br></div><h2 class="battle-history">Turn 56</h2><div class="spacer battle-history"><br></div><div class="battle-history">The opposing Athena Glory used <strong>Earthquake</strong>!<br></div><div class="battle-history"><small>It's super effective!</small><br></div><div class="battle-history"><small>(Lanturn lost <abbr title="−270/417">64.7%</abbr> of its health!)</small><br></div><div class="spacer battle-history"><br></div><div class="battle-history">Lanturn used <strong>Scald</strong>!<br></div><div class="battle-history"><small>(The opposing Athena Glory lost <abbr title="−91/364">25%</abbr> of its health!)</small><br></div><div class="spacer battle-history"><br></div><div class="battle-history"><small>The opposing Athena Glory restored a little HP using its Leftovers!</small><br></div><div class="battle-history"><small>Lanturn restored a little HP using its Leftovers!</small><br></div><div class="spacer battle-history"><br></div><h2 class="battle-history">Turn 57</h2><div class="spacer battle-history"><br></div><div class="battle-history">Lanturn used <strong>Protect</strong>!<br></div><div class="battle-history"><small>Lanturn protected itself!</small><br></div><div class="spacer battle-history"><br></div><div class="battle-history">The opposing Athena Glory used <strong>Earthquake</strong>!<br></div><div class="battle-history"><small>Lanturn protected itself!</small><br></div><div class="spacer battle-history"><br></div><div class="battle-history"><small>The opposing Athena Glory restored a little HP using its Leftovers!</small><br></div><div class="battle-history"><small>Lanturn restored a little HP using its Leftovers!</small><br></div><div class="spacer battle-history"><br></div><h2 class="battle-history">Turn 58</h2><div class="spacer battle-history"><br></div><div class="battle-history">Lanturn, come back!<br></div><div class="battle-history">Go! <strong>Xatu</strong>!<br></div><div class="battle-history"><small>Pointed stones dug into Xatu!</small><br></div><div class="spacer battle-history"><br></div><div class="battle-history">The opposing Athena Glory used <strong>Earthquake</strong>!<br></div><div class="battle-history"><small>It doesn't affect Xatu...</small><br></div><div class="spacer battle-history"><br></div><div class="battle-history"><small>The opposing Athena Glory restored a little HP using its Leftovers!</small><br></div><div class="spacer battle-history"><br></div><h2 class="battle-history">Turn 59</h2><div class="spacer battle-history"><br></div><div class="battle-history">The opposing Athena Glory used <strong>U-turn</strong>!<br></div><div class="battle-history"><small>(Xatu lost <abbr title="−56/333">16.8%</abbr> of its health!)</small><br></div><div class="spacer battle-history"><br></div><div class="battle-history">The opposing Athena Glory went back to Imai Nobume!<br></div><div class="battle-history">Imai Nobume sent out Akira Ferrari (<strong>Drapion</strong>)!<br></div><div class="battle-history"><small>Pointed stones dug into the opposing Akira Ferrari!</small><br></div><div class="battle-history"><small>The opposing Akira Ferrari is hurt by the spikes!</small><br></div><div class="spacer battle-history"><br></div><div class="battle-history">Xatu used <strong>Roost</strong>!<br></div><div class="battle-history"><small>Xatu restored its HP.</small><br></div><div class="spacer battle-history"><br></div><h2 class="battle-history">Turn 60</h2><div class="spacer battle-history"><br></div><div class="battle-history">The opposing Akira Ferrari used <strong>Knock Off</strong>!<br></div><div class="battle-history"><small>It's super effective!</small><br></div><div class="battle-history"><small>(Xatu lost <abbr title="−182/333">54.7%</abbr> of its health!)</small><br></div><div class="spacer battle-history"><br></div><div class="battle-history">Xatu used <strong>Roost</strong>!<br></div><div class="battle-history"><small>Xatu restored its HP.</small><br></div><div class="spacer battle-history"><br></div><h2 class="battle-history">Turn 61</h2><div class="spacer battle-history"><br></div><div class="battle-history">Xatu, come back!<br></div><div class="battle-history">Go! <strong>Lanturn</strong>!<br></div><div class="battle-history"><small>Pointed stones dug into Lanturn!</small><br></div><div class="spacer battle-history"><br></div><div class="battle-history">The opposing Akira Ferrari used <strong>Knock Off</strong>!<br></div><div class="battle-history"><small>(Lanturn lost <abbr title="−121/417">29.0%</abbr> of its health!)</small><br></div><div class="battle-history"><small>The opposing Akira Ferrari knocked off Lanturn's Leftovers!</small><br></div><div class="spacer battle-history"><br></div><div class="battle-history">Lanturn fainted!<br></div><div class="spacer battle-history"><br></div><div class="battle-history">Go! <strong>Drapion</strong>!<br></div><div class="battle-history"><small>Pointed stones dug into Drapion!</small><br></div><div class="spacer battle-history"><br></div><h2 class="battle-history">Turn 62</h2><div class="spacer battle-history"><br></div><div class="battle-history">Imai Nobume withdrew Akira Ferrari!<br></div><div class="battle-history">Imai Nobume sent out Aika Granzchesta (<strong>Granbull</strong>)!<br></div><div class="battle-history"><small>The opposing Aika Granzchesta is hurt by the spikes!</small><br></div><div class="battle-history"><small>Pointed stones dug into the opposing Aika Granzchesta!</small><br></div><div class="battle-history"><small>[The opposing Aika Granzchesta's Intimidate]</small><br></div><div class="battle-history"><small>Drapion's Attack fell!</small><br></div><div class="spacer battle-history"><br></div><div class="battle-history">Drapion used <strong>Swords Dance</strong>!<br></div><div class="battle-history"><small>Drapion's Attack rose sharply!</small><br></div><div class="spacer battle-history"><br></div><div class="battle-history"><small>Drapion restored a little HP using its Black Sludge!</small><br></div><div class="battle-history"><small>The opposing Aika Granzchesta was hurt by poison!</small><br></div><div class="spacer battle-history"><br></div><h2 class="battle-history">Turn 63</h2><div class="spacer battle-history"><br></div><div class="battle-history">Drapion used <strong>Poison Jab</strong>!<br></div><div class="battle-history"><small>It's super effective!</small><br></div><div class="battle-history"><small>(The opposing Aika Granzchesta lost <abbr title="−96/384">25%</abbr> of its health!)</small><br></div><div class="battle-history"><small>Drapion was hurt by the Rocky Helmet!</small><br></div><div class="spacer battle-history"><br></div><div class="battle-history">The opposing Aika Granzchesta fainted!<br></div><div class="spacer battle-history"><br></div><div class="battle-history"><small>Drapion restored a little HP using its Black Sludge!</small><br></div><div class="spacer battle-history"><br></div><div class="battle-history">Imai Nobume sent out Athena Glory (<strong>Flygon</strong>)!<br></div><div class="battle-history"><small>Pointed stones dug into the opposing Athena Glory!</small><br></div><div class="spacer battle-history"><br></div><h2 class="battle-history">Turn 64</h2><div class="spacer battle-history"><br></div><div class="battle-history">The opposing Athena Glory used <strong>U-turn</strong>!<br></div><div class="battle-history"><small>(Drapion lost <abbr title="−54/308">17.5%</abbr> of its health!)</small><br></div><div class="spacer battle-history"><br></div><div class="battle-history">The opposing Athena Glory went back to Imai Nobume!<br></div><div class="battle-history">Imai Nobume sent out Alicia Florence (<strong>Registeel</strong>)!<br></div><div class="battle-history"><small>The opposing Alicia Florence is hurt by the spikes!</small><br></div><div class="battle-history"><small>Pointed stones dug into the opposing Alicia Florence!</small><br></div><div class="spacer battle-history"><br></div><div class="battle-history">Drapion used <strong>Knock Off</strong>!<br></div><div class="battle-history"><small>(The opposing Alicia Florence lost <abbr title="−99/364">27.2%</abbr> of its health!)</small><br></div><div class="battle-history"><small>Drapion knocked off the opposing Alicia Florence's Leftovers!</small><br></div><div class="spacer battle-history"><br></div><div class="battle-history">The opposing Alicia Florence fainted!<br></div><div class="spacer battle-history"><br></div><div class="battle-history"><small>Drapion restored a little HP using its Black Sludge!</small><br></div><div class="spacer battle-history"><br></div><div class="battle-history">Imai Nobume sent out Athena Glory (<strong>Flygon</strong>)!<br></div><div class="battle-history"><small>Pointed stones dug into the opposing Athena Glory!</small><br></div><div class="spacer battle-history"><br></div><h2 class="battle-history">Turn 65</h2><div class="spacer battle-history"><br></div><div class="battle-history">Drapion, come back!<br></div><div class="battle-history">Go! <strong>Xatu</strong>!<br></div><div class="battle-history"><small>Pointed stones dug into Xatu!</small><br></div><div class="spacer battle-history"><br></div><div class="battle-history">The opposing Athena Glory used <strong>Earthquake</strong>!<br></div><div class="battle-history"><small>It doesn't affect Xatu...</small><br></div><div class="spacer battle-history"><br></div><div class="battle-history"><small>The opposing Athena Glory restored a little HP using its Leftovers!</small><br></div><div class="spacer battle-history"><br></div><h2 class="battle-history">Turn 66</h2><div class="spacer battle-history"><br></div><div class="battle-history">The opposing Athena Glory used <strong>Roost</strong>!<br></div><div class="battle-history"><small>The opposing Athena Glory restored its HP.</small><br></div><div class="spacer battle-history"><br></div><div class="battle-history">Xatu used <strong>Heat Wave</strong>!<br></div><div class="battle-history"><small>It's not very effective...</small><br></div><div class="battle-history"><small>(The opposing Athena Glory lost <abbr title="−43/364">11.8%</abbr> of its health!)</small><br></div><div class="spacer battle-history"><br></div><div class="battle-history"><small>The opposing Athena Glory restored a little HP using its Leftovers!</small><br></div><div class="spacer battle-history"><br></div><h2 class="battle-history">Turn 67</h2><div class="spacer battle-history"><br></div><div class="battle-history">The opposing Athena Glory used <strong>U-turn</strong>!<br></div><div class="battle-history"><small>(Xatu lost <abbr title="−57/333">17.1%</abbr> of its health!)</small><br></div><div class="spacer battle-history"><br></div><div class="battle-history">The opposing Athena Glory went back to Imai Nobume!<br></div><div class="battle-history">Imai Nobume sent out Akari Mizunashi (<strong>Alomomola</strong>)!<br></div><div class="battle-history"><small>The opposing Akari Mizunashi is hurt by the spikes!</small><br></div><div class="battle-history"><small>Pointed stones dug into the opposing Akari Mizunashi!</small><br></div><div class="spacer battle-history"><br></div><div class="battle-history">Xatu used <strong>Heat Wave</strong>!<br></div><div class="battle-history"><small>It's not very effective...</small><br></div><div class="battle-history"><small>(The opposing Akari Mizunashi lost <abbr title="−49/501">9.8%</abbr> of its health!)</small><br></div><div class="spacer battle-history"><br></div><div class="battle-history"><small>The opposing Akari Mizunashi restored a little HP using its Leftovers!</small><br></div><div class="spacer battle-history"><br></div><h2 class="battle-history">Turn 68</h2><div class="spacer battle-history"><br></div><div class="battle-history">Imai Nobume withdrew Akari Mizunashi!<br></div><div class="battle-history">Imai Nobume sent out Akira Ferrari (<strong>Drapion</strong>)!<br></div><div class="battle-history"><small>Pointed stones dug into the opposing Akira Ferrari!</small><br></div><div class="battle-history"><small>The opposing Akira Ferrari is hurt by the spikes!</small><br></div><div class="spacer battle-history"><br></div><div class="battle-history">Xatu used <strong>Toxic</strong>!<br></div><div class="battle-history"><small>It doesn't affect the opposing Akira Ferrari...</small><br></div><div class="spacer battle-history"><br></div><h2 class="battle-history">Turn 69</h2><div class="spacer battle-history"><br></div><div class="battle-history">The opposing Akira Ferrari used <strong>Knock Off</strong>!<br></div><div class="battle-history"><small>It's super effective!</small><br></div><div class="battle-history"><small>(Xatu lost <abbr title="−173/333">52.0%</abbr> of its health!)</small><br></div><div class="spacer battle-history"><br></div><div class="battle-history">Xatu fainted!<br></div><div class="spacer battle-history"><br></div><div class="battle-history">Go! <strong>Drapion</strong>!<br></div><div class="battle-history"><small>Pointed stones dug into Drapion!</small><br></div><div class="spacer battle-history"><br></div><h2 class="battle-history">Turn 70</h2><div class="spacer battle-history"><br></div><div class="battle-history"><small>(The opposing Akira Ferrari is being withdrawn...)</small><br></div><div class="spacer battle-history"><br></div><div class="battle-history">Drapion used <strong>Pursuit</strong>!<br></div><div class="battle-history"><small>It's not very effective...</small><br></div><div class="battle-history"><small>(The opposing Akira Ferrari lost <abbr title="−54/281">19.2%</abbr> of its health!)</small><br></div><div class="spacer battle-history"><br></div><div class="battle-history">Imai Nobume withdrew Akira Ferrari!<br></div><div class="battle-history">Imai Nobume sent out Athena Glory (<strong>Flygon</strong>)!<br></div><div class="battle-history"><small>Pointed stones dug into the opposing Athena Glory!</small><br></div><div class="spacer battle-history"><br></div><div class="battle-history"><small>The opposing Athena Glory restored a little HP using its Leftovers!</small><br></div><div class="battle-history"><small>Drapion restored a little HP using its Black Sludge!</small><br></div><div class="spacer battle-history"><br></div><h2 class="battle-history">Turn 71</h2><div class="spacer battle-history"><br></div><div class="battle-history">The opposing Athena Glory used <strong>Earthquake</strong>!<br></div><div class="battle-history"><small>It's super effective!</small><br></div><div class="battle-history"><small>(Drapion lost <abbr title="−203/308">65.9%</abbr> of its health!)</small><br></div><div class="spacer battle-history"><br></div><div class="battle-history">Drapion fainted!<br></div><div class="spacer battle-history"><br></div><div class="battle-history"><small>The opposing Athena Glory restored a little HP using its Leftovers!</small><br></div><div class="spacer battle-history"><br></div><div class="battle-history">Go! Glalie (<strong>Glalie-Mega</strong>)!<br></div><div class="battle-history"><small>Pointed stones dug into Glalie!</small><br></div><div class="spacer battle-history"><br></div><h2 class="battle-history">Turn 72</h2><div class="spacer battle-history"><br></div><div class="battle-history">The opposing Athena Glory used <strong>U-turn</strong>!<br></div><div class="battle-history"><small>(Glalie lost <abbr title="−73/301">24.3%</abbr> of its health!)</small><br></div><div class="spacer battle-history"><br></div><div class="battle-history">The opposing Athena Glory went back to Imai Nobume!<br></div><div class="battle-history">Imai Nobume sent out Akira Ferrari (<strong>Drapion</strong>)!<br></div><div class="battle-history"><small>Pointed stones dug into the opposing Akira Ferrari!</small><br></div><div class="battle-history"><small>The opposing Akira Ferrari is hurt by the spikes!</small><br></div><div class="spacer battle-history"><br></div><div class="battle-history">The opposing Akira Ferrari fainted!<br></div><div class="battle-history">Glalie used <strong>Freeze-Dry</strong>!<br></div><div class="battle-history"><small>But there was no target...</small><br></div><div class="spacer battle-history"><br></div><div class="battle-history">Imai Nobume sent out Athena Glory (<strong>Flygon</strong>)!<br></div><div class="battle-history"><small>Pointed stones dug into the opposing Athena Glory!</small><br></div><div class="spacer battle-history"><br></div><h2 class="battle-history">Turn 73</h2><div class="spacer battle-history"><br></div><div class="battle-history">Glalie used <strong>Freeze-Dry</strong>!<br></div><div class="battle-history"><small>It's super effective!</small><br></div><div class="battle-history"><small>(The opposing Athena Glory lost <abbr title="−342/364">94.0%</abbr> of its health!)</small><br></div><div class="spacer battle-history"><br></div><div class="battle-history">The opposing Athena Glory fainted!<br></div><div class="chat chatmessage-imainobume"><strong style="color:hsl(263,43%,58.03861511746898%)"><small>★</small><span class="username" data-name="Imai Nobume">Imai Nobume</span>:</strong> <em>gg</em></div><div class="spacer battle-history"><br></div><div class="battle-history"><small>Imai Nobume forfeited.</small><br></div><div class="spacer battle-history"><br></div><div class="battle-history"><strong>Lord Esche</strong> won the battle!<br></div></div><div class="inner-preempt"></div></div></div>
</div>
<script>
let daily = Math.floor(Date.now()/1000/60/60/24);document.write('<script src="https://play.pokemonshowdown.com/js/replay-embed.js?version'+daily+'"></'+'script>');
</script>
