<!DOCTYPE html>
<meta charset="utf-8" />
<!-- version 1 -->
<title>RU replay: bacohdhd vs. n strat</title>
<style>
html,body {font-family:Verdana, sans-serif;font-size:10pt;margin:0;padding:0;}body{padding:12px 0;} .battle-log {font-family:Verdana, sans-serif;font-size:10pt;} .battle-log-inline {border:1px solid #AAAAAA;background:#EEF2F5;color:black;max-width:640px;margin:0 auto 80px;padding-bottom:5px;} .battle-log .inner {padding:4px 8px 0px 8px;} .battle-log .inner-preempt {padding:0 8px 4px 8px;} .battle-log .inner-after {margin-top:0.5em;} .battle-log h2 {margin:0.5em -8px;padding:4px 8px;border:1px solid #AAAAAA;background:#E0E7EA;border-left:0;border-right:0;font-family:Verdana, sans-serif;font-size:13pt;} .battle-log .chat {vertical-align:middle;padding:3px 0 3px 0;font-size:8pt;} .battle-log .chat strong {color:#40576A;} .battle-log .chat em {padding:1px 4px 1px 3px;color:#000000;font-style:normal;} .chat.mine {background:rgba(0,0,0,0.05);margin-left:-8px;margin-right:-8px;padding-left:8px;padding-right:8px;} .spoiler {color:#BBBBBB;background:#BBBBBB;padding:0px 3px;} .spoiler:hover, .spoiler:active, .spoiler-shown {color:#000000;background:#E2E2E2;padding:0px 3px;} .spoiler a {color:#BBBBBB;} .spoiler:hover a, .spoiler:active a, .spoiler-shown a {color:#2288CC;} .chat code, .chat .spoiler:hover code, .chat .spoiler:active code, .chat .spoiler-shown code {border:1px solid #C0C0C0;background:#EEEEEE;color:black;padding:0 2px;} .chat .spoiler code {border:1px solid #CCCCCC;background:#CCCCCC;color:#CCCCCC;} .battle-log .rated {padding:3px 4px;} .battle-log .rated strong {color:white;background:#89A;padding:1px 4px;border-radius:4px;} .spacer {margin-top:0.5em;} .message-announce {background:#6688AA;color:white;padding:1px 4px 2px;} .message-announce a, .broadcast-green a, .broadcast-blue a, .broadcast-red a {color:#DDEEFF;} .broadcast-green {background-color:#559955;color:white;padding:2px 4px;} .broadcast-blue {background-color:#6688AA;color:white;padding:2px 4px;} .infobox {border:1px solid #6688AA;padding:2px 4px;} .infobox-limited {max-height:200px;overflow:auto;overflow-x:hidden;} .broadcast-red {background-color:#AA5544;color:white;padding:2px 4px;} .message-learn-canlearn {font-weight:bold;color:#228822;text-decoration:underline;} .message-learn-cannotlearn {font-weight:bold;color:#CC2222;text-decoration:underline;} .message-effect-weak {font-weight:bold;color:#CC2222;} .message-effect-resist {font-weight:bold;color:#6688AA;} .message-effect-immune {font-weight:bold;color:#666666;} .message-learn-list {margin-top:0;margin-bottom:0;} .message-throttle-notice, .message-error {color:#992222;} .message-overflow, .chat small.message-overflow {font-size:0pt;} .message-overflow::before {font-size:9pt;content:'...';} .subtle {color:#3A4A66;}
</style>
<div class="wrapper replay-wrapper" style="max-width:1180px;margin:0 auto">
<input type="hidden" name="replayid" value="ru-498807459" />
<div class="battle"></div><div class="battle-log"></div><div class="replay-controls"></div><div class="replay-controls-2"></div>
<h1 style="font-weight:normal;text-align:center"><strong>RU</strong><br /><a href="http://pokemonshowdown.com/users/bacohdhd" class="subtle" target="_blank">bacohdhd</a> vs. <a href="http://pokemonshowdown.com/users/nstrat" class="subtle" target="_blank">n strat</a></h1>
<script type="text/plain" class="battle-log-data">|j|bacohdhd
|j|n strat
|player|p1|bacohdhd|266
|player|p2|n strat|170
|gametype|singles
|gen|6
|tier|RU
|rated
|seed|47857,33578,46356,25644
|rule|Sleep Clause Mod: Limit one foe put to sleep
|rule|Species Clause: Limit one of each Pokémon
|rule|OHKO Clause: OHKO moves are banned
|rule|Moody Clause: Moody is banned
|rule|Evasion Moves Clause: Evasion moves are banned
|rule|Endless Battle Clause: Forcing endless battles is banned
|rule|HP Percentage Mod: HP is shown in percentages
|clearpoke
|poke|p1|Ambipom, M|item
|poke|p1|Jolteon, M|item
|poke|p1|Registeel|item
|poke|p1|Alomomola, M|item
|poke|p1|Houndoom, M|item
|poke|p1|Bronzong|item
|poke|p2|Blastoise, M|item
|poke|p2|Braviary, M|item
|poke|p2|Cofagrigus, M|item
|poke|p2|Eelektross, M|item
|poke|p2|Jolteon, M|item
|poke|p2|Sneasel, M|item
|rule|Swagger Clause: Swagger is banned
|rule|Baton Pass Clause: Limit one Baton Passer, can't pass Spe and other stats simultaneously
|teampreview
|choice|team 1, team 2, team 3, team 4, team 5, team 6|team 4, team 2, team 3, team 1, team 5, team 6
|
|start
|switch|p1a: Ambipom|Ambipom, M|292\/292
|switch|p2a: Eelektross|Eelektross, M|374\/374
|turn|1
|choice|move fakeout|switch 3
|
|switch|p2a: Cofagrigus|Cofagrigus, M|320\/320
|move|p1a: Ambipom|Fake Out|p2a: Cofagrigus
|-immune|p2a: Cofagrigus|[msg]
|
|upkeep
|turn|2
|choice|move uturn|move toxicspikes
|
|move|p1a: Ambipom|U-turn|p2a: Cofagrigus
|-resisted|p2a: Cofagrigus
|-damage|p2a: Cofagrigus|285\/320
|-activate|p2a: Cofagrigus|ability: Mummy|Technician|[of] p1a: Ambipom
|-damage|p1a: Ambipom|263\/292|[from] item: Life Orb
|choice|switch 5|
|
|switch|p1a: Houndoom|Houndoom, M|292\/292
|move|p2a: Cofagrigus|Toxic Spikes|p1a: Houndoom
|-sidestart|p1: bacohdhd|move: Toxic Spikes
|
|-heal|p2a: Cofagrigus|305\/320|[from] item: Leftovers
|upkeep
|turn|3
|choice|move fireblast|switch 3
|
|switch|p2a: Eelektross|Eelektross, M|374\/374
|move|p1a: Houndoom|Fire Blast|p2a: Eelektross
|-damage|p2a: Eelektross|164\/374
|
|upkeep
|turn|4
|choice|move fireblast|move drainpunch
|
|move|p1a: Houndoom|Fire Blast|p2a: Eelektross
|-damage|p2a: Eelektross|0 fnt
|faint|p2a: Eelektross
|
|upkeep
|choice||switch 4
|
|switch|p2a: Blastoise|Blastoise, M|362\/362
|turn|5
|choice|switch 3|move scald
|
|switch|p1a: Registeel|Registeel|364\/364
|move|p2a: Blastoise|Scald|p1a: Registeel
|-damage|p1a: Registeel|307\/364
|
|-heal|p1a: Registeel|329\/364|[from] item: Leftovers
|upkeep
|turn|6
|choice|move toxic|move scald
|
|move|p2a: Blastoise|Scald|p1a: Registeel
|-damage|p1a: Registeel|272\/364
|-status|p1a: Registeel|brn
|move|p1a: Registeel|Toxic|p2a: Blastoise
|-status|p2a: Blastoise|tox
|
|-heal|p1a: Registeel|294\/364 brn|[from] item: Leftovers
|-damage|p2a: Blastoise|340\/362 tox|[from] psn
|-damage|p1a: Registeel|249\/364 brn|[from] brn
|upkeep
|turn|7
|choice|move protect|move refresh
|
|move|p1a: Registeel|Protect|p1a: Registeel
|-singleturn|p1a: Registeel|Protect
|move|p2a: Blastoise|Refresh|p2a: Blastoise
|-curestatus|p2a: Blastoise|tox|[msg]
|
|-heal|p2a: Blastoise|362\/362|[from] item: Leftovers
|-heal|p1a: Registeel|271\/364 brn|[from] item: Leftovers
|-damage|p1a: Registeel|226\/364 brn|[from] brn
|upkeep
|turn|8
|choice|move toxic|switch 3
|
|switch|p2a: Cofagrigus|Cofagrigus, M|305\/320
|move|p1a: Registeel|Toxic|p2a: Cofagrigus
|-status|p2a: Cofagrigus|tox
|
|-heal|p1a: Registeel|248\/364 brn|[from] item: Leftovers
|-heal|p2a: Cofagrigus|320\/320 tox|[from] item: Leftovers
|-damage|p1a: Registeel|203\/364 brn|[from] brn
|-damage|p2a: Cofagrigus|300\/320 tox|[from] psn
|upkeep
|turn|9
|choice|move protect|move toxicspikes
|
|move|p1a: Registeel|Protect|p1a: Registeel
|-singleturn|p1a: Registeel|Protect
|move|p2a: Cofagrigus|Toxic Spikes|p1a: Registeel
|-sidestart|p1: bacohdhd|move: Toxic Spikes
|
|-heal|p1a: Registeel|225\/364 brn|[from] item: Leftovers
|-heal|p2a: Cofagrigus|320\/320 tox|[from] item: Leftovers
|-damage|p1a: Registeel|180\/364 brn|[from] brn
|-damage|p2a: Cofagrigus|280\/320 tox|[from] psn
|upkeep
|turn|10
|choice|switch 6|move hex
|
|switch|p1a: Bronzong|Bronzong|338\/338
|move|p2a: Cofagrigus|Hex|p1a: Bronzong
|-supereffective|p1a: Bronzong
|-damage|p1a: Bronzong|224\/338
|
|-heal|p2a: Cofagrigus|300\/320 tox|[from] item: Leftovers
|-damage|p2a: Cofagrigus|240\/320 tox|[from] psn
|upkeep
|turn|11
|choice|move stealthrock|move willowisp
|
|move|p2a: Cofagrigus|Will-O-Wisp|p1a: Bronzong
|-status|p1a: Bronzong|brn
|move|p1a: Bronzong|Stealth Rock|p2a: Cofagrigus
|-sidestart|p2: n strat|move: Stealth Rock
|
|-heal|p2a: Cofagrigus|260\/320 tox|[from] item: Leftovers
|-damage|p2a: Cofagrigus|180\/320 tox|[from] psn
|-damage|p1a: Bronzong|182\/338 brn|[from] brn
|upkeep
|turn|12
|choice|move lightscreen|move hex
|
|move|p2a: Cofagrigus|Hex|p1a: Bronzong
|-supereffective|p1a: Bronzong
|-damage|p1a: Bronzong|0 fnt
|faint|p1a: Bronzong
|
|-heal|p2a: Cofagrigus|200\/320 tox|[from] item: Leftovers
|-damage|p2a: Cofagrigus|100\/320 tox|[from] psn
|upkeep
|choice|switch 2|
|
|switch|p1a: Jolteon|Jolteon, M|272\/272
|-status|p1a: Jolteon|tox
|turn|13
|choice|move voltswitch|move hex
|
|move|p1a: Jolteon|Volt Switch|p2a: Cofagrigus
|-damage|p2a: Cofagrigus|0 fnt
|faint|p2a: Cofagrigus
|choice|switch 5|
|
|switch|p1a: Ambipom|Ambipom, M|263\/292
|-status|p1a: Ambipom|tox
|
|-damage|p1a: Ambipom|245\/292 tox|[from] psn
|upkeep
|choice||switch 3
|
|switch|p2a: Blastoise|Blastoise, M|362\/362
|-damage|p2a: Blastoise|317\/362|[from] Stealth Rock
|turn|14
|choice|move fakeout|move rapidspin
|
|move|p1a: Ambipom|Fake Out|p2a: Blastoise
|-damage|p2a: Blastoise|223\/362
|-damage|p1a: Ambipom|216\/292 tox|[from] item: Life Orb
|cant|p2a: Blastoise|flinch
|
|-heal|p2a: Blastoise|245\/362|[from] item: Leftovers
|-damage|p1a: Ambipom|180\/292 tox|[from] psn
|upkeep
|turn|15
|choice|move doublehit|move rapidspin
|
|move|p1a: Ambipom|Double Hit|p2a: Blastoise
|-damage|p2a: Blastoise|170\/362
|-damage|p2a: Blastoise|95\/362
|-hitcount|p2a: Blastoise|2
|-damage|p1a: Ambipom|151\/292 tox|[from] item: Life Orb
|move|p2a: Blastoise|Rapid Spin|p1a: Ambipom
|-damage|p1a: Ambipom|134\/292 tox
|-sideend|p2: n strat|Stealth Rock|[from] move: Rapid Spin|[of] p2a: Blastoise
|
|-heal|p2a: Blastoise|117\/362|[from] item: Leftovers
|-damage|p1a: Ambipom|80\/292 tox|[from] psn
|upkeep
|turn|16
|choice|move doublehit|move scald
|
|move|p1a: Ambipom|Double Hit|p2a: Blastoise
|-damage|p2a: Blastoise|42\/362
|-damage|p2a: Blastoise|0 fnt
|-hitcount|p2a: Blastoise|2
|-damage|p1a: Ambipom|51\/292 tox|[from] item: Life Orb
|faint|p2a: Blastoise
|
|-damage|p1a: Ambipom|0 fnt|[from] psn
|upkeep
|faint|p1a: Ambipom
|choice|switch 6|switch 5
|
|switch|p2a: Jolteon|Jolteon, M|271\/271
|switch|p1a: Registeel|Registeel|180\/364 brn
|turn|17
|choice|move toxic|move thunderbolt
|
|move|p2a: Jolteon|Thunderbolt|p1a: Registeel
|-damage|p1a: Registeel|17\/364 brn
|move|p1a: Registeel|Toxic|p2a: Jolteon
|-status|p2a: Jolteon|tox
|
|-heal|p1a: Registeel|39\/364 brn|[from] item: Leftovers
|-damage|p2a: Jolteon|255\/271 tox|[from] psn
|-damage|p1a: Registeel|0 fnt|[from] brn
|upkeep
|faint|p1a: Registeel
|choice|switch 4|
|
|switch|p1a: Alomomola|Alomomola, M|534\/534
|-status|p1a: Alomomola|tox
|turn|18
|choice|move protect|switch 6
|
|switch|p2a: Sneasel|Sneasel, M|251\/251
|move|p1a: Alomomola|Protect|p1a: Alomomola
|-fail|p1a: Alomomola
|
|-damage|p1a: Alomomola|501\/534 tox|[from] psn
|upkeep
|turn|19
|choice|move toxic|move knockoff
|
|move|p2a: Sneasel|Knock Off|p1a: Alomomola
|-damage|p1a: Alomomola|355\/534 tox
|-enditem|p1a: Alomomola|Leftovers|[from] move: Knock Off|[of] p2a: Sneasel
|-damage|p2a: Sneasel|226\/251|[from] item: Life Orb
|move|p1a: Alomomola|Toxic|p2a: Sneasel
|-status|p2a: Sneasel|tox
|
|-damage|p2a: Sneasel|211\/251 tox|[from] psn
|-damage|p1a: Alomomola|289\/534 tox|[from] psn
|upkeep
|turn|20
|choice|switch 3|switch 2
|
|switch|p2a: Braviary|Braviary, M|404\/404
|switch|p1a: Houndoom|Houndoom, M|292\/292
|-status|p1a: Houndoom|tox
|
|-damage|p1a: Houndoom|274\/292 tox|[from] psn
|upkeep
|turn|21
|choice|move fireblast|move bravebird
|
|move|p1a: Houndoom|Fire Blast|p2a: Braviary
|-damage|p2a: Braviary|181\/404
|move|p2a: Braviary|Brave Bird|p1a: Houndoom
|-damage|p1a: Houndoom|0 fnt
|-damage|p2a: Braviary|91\/404|[from] recoil|[of] p1a: Houndoom
|faint|p1a: Houndoom
|
|-heal|p2a: Braviary|116\/404|[from] item: Leftovers
|upkeep
|choice|switch 5|
|
|switch|p1a: Jolteon|Jolteon, M|272\/272 tox
|turn|22
|choice|move voltswitch|move bravebird
|
|move|p1a: Jolteon|Volt Switch|p2a: Braviary
|-supereffective|p2a: Braviary
|-damage|p2a: Braviary|0 fnt
|faint|p2a: Braviary
|choice|switch 3|
|
|switch|p1a: Alomomola|Alomomola, M|467\/534 tox
|
|-damage|p1a: Alomomola|434\/534 tox|[from] psn
|upkeep
|choice||switch 2
|
|switch|p2a: Sneasel|Sneasel, M|211\/251 tox
|turn|23
|choice|move scald|move knockoff
|
|move|p2a: Sneasel|Knock Off|p1a: Alomomola
|-damage|p1a: Alomomola|331\/534 tox
|-damage|p2a: Sneasel|186\/251 tox|[from] item: Life Orb
|move|p1a: Alomomola|Scald|p2a: Sneasel
|-damage|p2a: Sneasel|137\/251 tox
|
|-damage|p2a: Sneasel|122\/251 tox|[from] psn
|-damage|p1a: Alomomola|265\/534 tox|[from] psn
|upkeep
|turn|24
|choice|move wish|move knockoff
|
|move|p2a: Sneasel|Knock Off|p1a: Alomomola
|-damage|p1a: Alomomola|166\/534 tox
|-damage|p2a: Sneasel|97\/251 tox|[from] item: Life Orb
|move|p1a: Alomomola|Wish|p1a: Alomomola
|
|-damage|p2a: Sneasel|67\/251 tox|[from] psn
|-damage|p1a: Alomomola|67\/534 tox|[from] psn
|upkeep
|turn|25
|choice|switch 3|move knockoff
|
|switch|p1a: Jolteon|Jolteon, M|272\/272 tox
|move|p2a: Sneasel|Knock Off|p1a: Jolteon
|-damage|p1a: Jolteon|0 fnt
|-enditem|p1a: Jolteon|Choice Specs|[from] move: Knock Off|[of] p2a: Sneasel
|-damage|p2a: Sneasel|42\/251 tox|[from] item: Life Orb
|faint|p1a: Jolteon
|
|-damage|p2a: Sneasel|0 fnt|[from] psn
|upkeep
|faint|p2a: Sneasel
|choice|switch 3|switch 6
|
|switch|p2a: Jolteon|Jolteon, M|255\/271 tox
|switch|p1a: Alomomola|Alomomola, M|245\/534 tox
|turn|26
|choice|move protect|move thunderbolt
|
|move|p1a: Alomomola|Protect|p1a: Alomomola
|-singleturn|p1a: Alomomola|Protect
|move|p2a: Jolteon|Thunderbolt|p1a: Alomomola
|-activate|p1a: Alomomola|move: Protect
|
|-damage|p2a: Jolteon|239\/271 tox|[from] psn
|-damage|p1a: Alomomola|212\/534 tox|[from] psn
|upkeep
|turn|27
|choice|move scald|move thunderbolt
|
|move|p2a: Jolteon|Thunderbolt|p1a: Alomomola
|-supereffective|p1a: Alomomola
|-damage|p1a: Alomomola|0 fnt
|faint|p1a: Alomomola
|
|win|n strat
|player|p1
|player|p2
|l|bacohdhd</script>
</div>
<div class="battle-log battle-log-inline"><div class="inner"><div class="battle-options"></div><div class="inner"><div class="chat"><small>bacohdhd joined.</small></div><div class="chat"><small>n strat joined.</small></div><div class=""><small>Format:</small> <br><strong>RU</strong></div><div class="rated"><strong>Rated battle</strong></div><div class=""><small><em>Sleep Clause Mod:</em> Limit one foe put to sleep</small></div><div class=""><small><em>Species Clause:</em> Limit one of each Pokémon</small></div><div class=""><small><em>OHKO Clause:</em> OHKO moves are banned</small></div><div class=""><small><em>Moody Clause:</em> Moody is banned</small></div><div class=""><small><em>Evasion Moves Clause:</em> Evasion moves are banned</small></div><div class=""><small><em>Endless Battle Clause:</em> Forcing endless battles is banned</small></div><div class=""><small><em>HP Percentage Mod:</em> HP is shown in percentages</small></div><div class=""><small><em>Swagger Clause:</em> Swagger is banned</small></div><div class=""><small><em>Baton Pass Clause:</em> Limit one Baton Passer, can't pass Spe and other stats simultaneously</small></div><div class="chat battle-history"><strong>bacohdhd's team:</strong> <em style="color:#445566;display:block;">Ambipom / Jolteon / Registeel / Alomomola / Houndoom / Bronzong</em></div><div class="chat battle-history"><strong>n strat's team:</strong> <em style="color:#445566;display:block;">Blastoise / Braviary / Cofagrigus / Eelektross / Jolteon / Sneasel</em></div><div class="spacer battle-history"><br></div><div class="battle-history">Battle started between bacohdhd and n strat!<br></div><div class="spacer battle-history"><br></div><div class="battle-history">Go! <strong>Ambipom</strong>!<br></div><div class="spacer battle-history"><br></div><div class="battle-history">n strat sent out <strong>Eelektross</strong>!<br></div><div class="spacer battle-history"><br></div><h2 class="battle-history">Turn 1</h2><div class="spacer battle-history"><br></div><div class="battle-history">n strat withdrew Eelektross!<br></div><div class="battle-history">n strat sent out <strong>Cofagrigus</strong>!<br></div><div class="spacer battle-history"><br></div><div class="battle-history">Ambipom used <strong>Fake Out</strong>!<br></div><div class="battle-history"><small>It doesn't affect the opposing Cofagrigus...</small><br></div><div class="spacer battle-history"><br></div><h2 class="battle-history">Turn 2</h2><div class="spacer battle-history"><br></div><div class="battle-history">Ambipom used <strong>U-turn</strong>!<br></div><div class="battle-history"><small>It's not very effective...</small><br></div><div class="battle-history"><small>(The opposing Cofagrigus lost <abbr title="−35/320">10.9%</abbr> of its health!)</small><br></div><div class="battle-history"><small>[The opposing Cofagrigus's Mummy]</small><br><small>[Ambipom's Technician]</small><br><small>[Ambipom's Mummy]</small><br><small>Ambipom's Ability became Mummy!</small><br></div><div class="battle-history"><small>Ambipom lost some of its HP!</small><br></div><div class="spacer battle-history"><br></div><div class="battle-history">Ambipom went back to bacohdhd!<br></div><div class="battle-history">Go! <strong>Houndoom</strong>!<br></div><div class="spacer battle-history"><br></div><div class="battle-history">The opposing Cofagrigus used <strong>Toxic Spikes</strong>!<br></div><div class="battle-history"><small>Poison spikes were scattered on the ground all around your team!</small><br></div><div class="spacer battle-history"><br></div><div class="battle-history"><small>The opposing Cofagrigus restored a little HP using its Leftovers!</small><br></div><div class="spacer battle-history"><br></div><h2 class="battle-history">Turn 3</h2><div class="spacer battle-history"><br></div><div class="battle-history">n strat withdrew Cofagrigus!<br></div><div class="battle-history">n strat sent out <strong>Eelektross</strong>!<br></div><div class="spacer battle-history"><br></div><div class="battle-history">Houndoom used <strong>Fire Blast</strong>!<br></div><div class="battle-history"><small>(The opposing Eelektross lost <abbr title="−210/374">56.1%</abbr> of its health!)</small><br></div><div class="spacer battle-history"><br></div><h2 class="battle-history">Turn 4</h2><div class="spacer battle-history"><br></div><div class="battle-history">Houndoom used <strong>Fire Blast</strong>!<br></div><div class="battle-history"><small>(The opposing Eelektross lost <abbr title="−164/374">43.9%</abbr> of its health!)</small><br></div><div class="spacer battle-history"><br></div><div class="battle-history">The opposing Eelektross fainted!<br></div><div class="spacer battle-history"><br></div><div class="battle-history">n strat sent out <strong>Blastoise</strong>!<br></div><div class="spacer battle-history"><br></div><h2 class="battle-history">Turn 5</h2><div class="spacer battle-history"><br></div><div class="battle-history">Houndoom, come back!<br></div><div class="battle-history">Go! <strong>Registeel</strong>!<br></div><div class="spacer battle-history"><br></div><div class="battle-history">The opposing Blastoise used <strong>Scald</strong>!<br></div><div class="battle-history"><small>(Registeel lost <abbr title="−57/364">15.7%</abbr> of its health!)</small><br></div><div class="spacer battle-history"><br></div><div class="battle-history"><small>Registeel restored a little HP using its Leftovers!</small><br></div><div class="spacer battle-history"><br></div><h2 class="battle-history">Turn 6</h2><div class="spacer battle-history"><br></div><div class="battle-history">The opposing Blastoise used <strong>Scald</strong>!<br></div><div class="battle-history"><small>(Registeel lost <abbr title="−57/364">15.7%</abbr> of its health!)</small><br></div><div class="battle-history"><small>Registeel was burned!</small><br></div><div class="spacer battle-history"><br></div><div class="battle-history">Registeel used <strong>Toxic</strong>!<br></div><div class="battle-history"><small>The opposing Blastoise was badly poisoned!</small><br></div><div class="spacer battle-history"><br></div><div class="battle-history"><small>Registeel restored a little HP using its Leftovers!</small><br></div><div class="battle-history"><small>The opposing Blastoise was hurt by poison!</small><br></div><div class="battle-history"><small>Registeel was hurt by its burn!</small><br></div><div class="spacer battle-history"><br></div><h2 class="battle-history">Turn 7</h2><div class="spacer battle-history"><br></div><div class="battle-history">Registeel used <strong>Protect</strong>!<br></div><div class="battle-history"><small>Registeel protected itself!</small><br></div><div class="spacer battle-history"><br></div><div class="battle-history">The opposing Blastoise used <strong>Refresh</strong>!<br></div><div class="battle-history"><small>The opposing Blastoise was cured of its poisoning.</small><br></div><div class="spacer battle-history"><br></div><div class="battle-history"><small>The opposing Blastoise restored a little HP using its Leftovers!</small><br></div><div class="battle-history"><small>Registeel restored a little HP using its Leftovers!</small><br></div><div class="battle-history"><small>Registeel was hurt by its burn!</small><br></div><div class="spacer battle-history"><br></div><h2 class="battle-history">Turn 8</h2><div class="spacer battle-history"><br></div><div class="battle-history">n strat withdrew Blastoise!<br></div><div class="battle-history">n strat sent out <strong>Cofagrigus</strong>!<br></div><div class="spacer battle-history"><br></div><div class="battle-history">Registeel used <strong>Toxic</strong>!<br></div><div class="battle-history"><small>The opposing Cofagrigus was badly poisoned!</small><br></div><div class="spacer battle-history"><br></div><div class="battle-history"><small>Registeel restored a little HP using its Leftovers!</small><br></div><div class="battle-history"><small>The opposing Cofagrigus restored a little HP using its Leftovers!</small><br></div><div class="battle-history"><small>Registeel was hurt by its burn!</small><br></div><div class="battle-history"><small>The opposing Cofagrigus was hurt by poison!</small><br></div><div class="spacer battle-history"><br></div><h2 class="battle-history">Turn 9</h2><div class="spacer battle-history"><br></div><div class="battle-history">Registeel used <strong>Protect</strong>!<br></div><div class="battle-history"><small>Registeel protected itself!</small><br></div><div class="spacer battle-history"><br></div><div class="battle-history">The opposing Cofagrigus used <strong>Toxic Spikes</strong>!<br></div><div class="battle-history"><small>Poison spikes were scattered on the ground all around your team!</small><br></div><div class="spacer battle-history"><br></div><div class="battle-history"><small>Registeel restored a little HP using its Leftovers!</small><br></div><div class="battle-history"><small>The opposing Cofagrigus restored a little HP using its Leftovers!</small><br></div><div class="battle-history"><small>Registeel was hurt by its burn!</small><br></div><div class="battle-history"><small>The opposing Cofagrigus was hurt by poison!</small><br></div><div class="spacer battle-history"><br></div><h2 class="battle-history">Turn 10</h2><div class="spacer battle-history"><br></div><div class="battle-history">Registeel, come back!<br></div><div class="battle-history">Go! <strong>Bronzong</strong>!<br></div><div class="spacer battle-history"><br></div><div class="battle-history">The opposing Cofagrigus used <strong>Hex</strong>!<br></div><div class="battle-history"><small>It's super effective!</small><br></div><div class="battle-history"><small>(Bronzong lost <abbr title="−114/338">33.7%</abbr> of its health!)</small><br></div><div class="spacer battle-history"><br></div><div class="battle-history"><small>The opposing Cofagrigus restored a little HP using its Leftovers!</small><br></div><div class="battle-history"><small>The opposing Cofagrigus was hurt by poison!</small><br></div><div class="spacer battle-history"><br></div><h2 class="battle-history">Turn 11</h2><div class="spacer battle-history"><br></div><div class="battle-history">The opposing Cofagrigus used <strong>Will-O-Wisp</strong>!<br></div><div class="battle-history"><small>Bronzong was burned!</small><br></div><div class="spacer battle-history"><br></div><div class="battle-history">Bronzong used <strong>Stealth Rock</strong>!<br></div><div class="battle-history"><small>Pointed stones float in the air around the opposing team!</small><br></div><div class="spacer battle-history"><br></div><div class="battle-history"><small>The opposing Cofagrigus restored a little HP using its Leftovers!</small><br></div><div class="battle-history"><small>The opposing Cofagrigus was hurt by poison!</small><br></div><div class="battle-history"><small>Bronzong was hurt by its burn!</small><br></div><div class="spacer battle-history"><br></div><h2 class="battle-history">Turn 12</h2><div class="spacer battle-history"><br></div><div class="battle-history">The opposing Cofagrigus used <strong>Hex</strong>!<br></div><div class="battle-history"><small>It's super effective!</small><br></div><div class="battle-history"><small>(Bronzong lost <abbr title="−182/338">53.8%</abbr> of its health!)</small><br></div><div class="spacer battle-history"><br></div><div class="battle-history">Bronzong fainted!<br></div><div class="spacer battle-history"><br></div><div class="battle-history"><small>The opposing Cofagrigus restored a little HP using its Leftovers!</small><br></div><div class="battle-history"><small>The opposing Cofagrigus was hurt by poison!</small><br></div><div class="spacer battle-history"><br></div><div class="battle-history">Go! <strong>Jolteon</strong>!<br></div><div class="battle-history"><small>Jolteon was badly poisoned!</small><br></div><div class="spacer battle-history"><br></div><h2 class="battle-history">Turn 13</h2><div class="spacer battle-history"><br></div><div class="battle-history">Jolteon used <strong>Volt Switch</strong>!<br></div><div class="battle-history"><small>(The opposing Cofagrigus lost <abbr title="−100/320">31.3%</abbr> of its health!)</small><br></div><div class="spacer battle-history"><br></div><div class="battle-history">The opposing Cofagrigus fainted!<br></div><div class="spacer battle-history"><br></div><div class="battle-history">Jolteon went back to bacohdhd!<br></div><div class="battle-history">Go! <strong>Ambipom</strong>!<br></div><div class="battle-history"><small>Ambipom was badly poisoned!</small><br></div><div class="spacer battle-history"><br></div><div class="battle-history"><small>Ambipom was hurt by poison!</small><br></div><div class="spacer battle-history"><br></div><div class="battle-history">n strat sent out <strong>Blastoise</strong>!<br></div><div class="battle-history"><small>Pointed stones dug into the opposing Blastoise!</small><br></div><div class="spacer battle-history"><br></div><h2 class="battle-history">Turn 14</h2><div class="spacer battle-history"><br></div><div class="battle-history">Ambipom used <strong>Fake Out</strong>!<br></div><div class="battle-history"><small>(The opposing Blastoise lost <abbr title="−94/362">26.0%</abbr> of its health!)</small><br></div><div class="battle-history"><small>Ambipom lost some of its HP!</small><br></div><div class="spacer battle-history"><br></div><div class="battle-history">The opposing Blastoise flinched and couldn't move!<br></div><div class="spacer battle-history"><br></div><div class="battle-history"><small>The opposing Blastoise restored a little HP using its Leftovers!</small><br></div><div class="battle-history"><small>Ambipom was hurt by poison!</small><br></div><div class="spacer battle-history"><br></div><h2 class="battle-history">Turn 15</h2><div class="spacer battle-history"><br></div><div class="battle-history">Ambipom used <strong>Double Hit</strong>!<br></div><div class="battle-history"><small>(The opposing Blastoise lost <abbr title="−75/362">20.7%</abbr> of its health!)</small><br></div><div class="battle-history"><small>(The opposing Blastoise lost <abbr title="−75/362">20.7%</abbr> of its health!)</small><br></div><div class="battle-history"><small>Hit 2 times!</small><br></div><div class="battle-history"><small>Ambipom lost some of its HP!</small><br></div><div class="spacer battle-history"><br></div><div class="battle-history">The opposing Blastoise used <strong>Rapid Spin</strong>!<br></div><div class="battle-history"><small>(Ambipom lost <abbr title="−17/292">5.8%</abbr> of its health!)</small><br></div><div class="battle-history"><small>The pointed stones disappeared from around the opposing team!</small><br></div><div class="spacer battle-history"><br></div><div class="battle-history"><small>The opposing Blastoise restored a little HP using its Leftovers!</small><br></div><div class="battle-history"><small>Ambipom was hurt by poison!</small><br></div><div class="spacer battle-history"><br></div><h2 class="battle-history">Turn 16</h2><div class="spacer battle-history"><br></div><div class="battle-history">Ambipom used <strong>Double Hit</strong>!<br></div><div class="battle-history"><small>(The opposing Blastoise lost <abbr title="−75/362">20.7%</abbr> of its health!)</small><br></div><div class="battle-history"><small>(The opposing Blastoise lost <abbr title="−42/362">11.6%</abbr> of its health!)</small><br></div><div class="battle-history"><small>Hit 2 times!</small><br></div><div class="battle-history"><small>Ambipom lost some of its HP!</small><br></div><div class="spacer battle-history"><br></div><div class="battle-history">The opposing Blastoise fainted!<br></div><div class="spacer battle-history"><br></div><div class="battle-history"><small>Ambipom was hurt by poison!</small><br></div><div class="spacer battle-history"><br></div><div class="battle-history">Ambipom fainted!<br></div><div class="spacer battle-history"><br></div><div class="battle-history">n strat sent out <strong>Jolteon</strong>!<br></div><div class="spacer battle-history"><br></div><div class="battle-history">Go! <strong>Registeel</strong>!<br></div><div class="spacer battle-history"><br></div><h2 class="battle-history">Turn 17</h2><div class="spacer battle-history"><br></div><div class="battle-history">The opposing Jolteon used <strong>Thunderbolt</strong>!<br></div><div class="battle-history"><small>(Registeel lost <abbr title="−163/364">44.8%</abbr> of its health!)</small><br></div><div class="spacer battle-history"><br></div><div class="battle-history">Registeel used <strong>Toxic</strong>!<br></div><div class="battle-history"><small>The opposing Jolteon was badly poisoned!</small><br></div><div class="spacer battle-history"><br></div><div class="battle-history"><small>Registeel restored a little HP using its Leftovers!</small><br></div><div class="battle-history"><small>The opposing Jolteon was hurt by poison!</small><br></div><div class="battle-history"><small>Registeel was hurt by its burn!</small><br></div><div class="spacer battle-history"><br></div><div class="battle-history">Registeel fainted!<br></div><div class="spacer battle-history"><br></div><div class="battle-history">Go! <strong>Alomomola</strong>!<br></div><div class="battle-history"><small>Alomomola was badly poisoned!</small><br></div><div class="spacer battle-history"><br></div><h2 class="battle-history">Turn 18</h2><div class="spacer battle-history"><br></div><div class="battle-history">n strat withdrew Jolteon!<br></div><div class="battle-history">n strat sent out <strong>Sneasel</strong>!<br></div><div class="spacer battle-history"><br></div><div class="battle-history">Alomomola used <strong>Protect</strong>!<br></div><div class="battle-history"><small>But it failed!</small><br></div><div class="spacer battle-history"><br></div><div class="battle-history"><small>Alomomola was hurt by poison!</small><br></div><div class="spacer battle-history"><br></div><h2 class="battle-history">Turn 19</h2><div class="spacer battle-history"><br></div><div class="battle-history">The opposing Sneasel used <strong>Knock Off</strong>!<br></div><div class="battle-history"><small>(Alomomola lost <abbr title="−146/534">27.3%</abbr> of its health!)</small><br></div><div class="battle-history"><small>The opposing Sneasel knocked off Alomomola's Leftovers!</small><br></div><div class="battle-history"><small>The opposing Sneasel lost some of its HP!</small><br></div><div class="spacer battle-history"><br></div><div class="battle-history">Alomomola used <strong>Toxic</strong>!<br></div><div class="battle-history"><small>The opposing Sneasel was badly poisoned!</small><br></div><div class="spacer battle-history"><br></div><div class="battle-history"><small>The opposing Sneasel was hurt by poison!</small><br></div><div class="battle-history"><small>Alomomola was hurt by poison!</small><br></div><div class="spacer battle-history"><br></div><h2 class="battle-history">Turn 20</h2><div class="spacer battle-history"><br></div><div class="battle-history">n strat withdrew Sneasel!<br></div><div class="battle-history">n strat sent out <strong>Braviary</strong>!<br></div><div class="spacer battle-history"><br></div><div class="battle-history">Alomomola, come back!<br></div><div class="battle-history">Go! <strong>Houndoom</strong>!<br></div><div class="battle-history"><small>Houndoom was badly poisoned!</small><br></div><div class="spacer battle-history"><br></div><div class="battle-history"><small>Houndoom was hurt by poison!</small><br></div><div class="spacer battle-history"><br></div><h2 class="battle-history">Turn 21</h2><div class="spacer battle-history"><br></div><div class="battle-history">Houndoom used <strong>Fire Blast</strong>!<br></div><div class="battle-history"><small>(The opposing Braviary lost <abbr title="−223/404">55.2%</abbr> of its health!)</small><br></div><div class="spacer battle-history"><br></div><div class="battle-history">The opposing Braviary used <strong>Brave Bird</strong>!<br></div><div class="battle-history"><small>(Houndoom lost <abbr title="−274/292">93.8%</abbr> of its health!)</small><br></div><div class="battle-history"><small>The opposing Braviary is damaged by the recoil!</small><br></div><div class="spacer battle-history"><br></div><div class="battle-history">Houndoom fainted!<br></div><div class="spacer battle-history"><br></div><div class="battle-history"><small>The opposing Braviary restored a little HP using its Leftovers!</small><br></div><div class="spacer battle-history"><br></div><div class="battle-history">Go! <strong>Jolteon</strong>!<br></div><div class="spacer battle-history"><br></div><h2 class="battle-history">Turn 22</h2><div class="spacer battle-history"><br></div><div class="battle-history">Jolteon used <strong>Volt Switch</strong>!<br></div><div class="battle-history"><small>It's super effective!</small><br></div><div class="battle-history"><small>(The opposing Braviary lost <abbr title="−116/404">28.7%</abbr> of its health!)</small><br></div><div class="spacer battle-history"><br></div><div class="battle-history">The opposing Braviary fainted!<br></div><div class="spacer battle-history"><br></div><div class="battle-history">Jolteon went back to bacohdhd!<br></div><div class="battle-history">Go! <strong>Alomomola</strong>!<br></div><div class="spacer battle-history"><br></div><div class="battle-history"><small>Alomomola was hurt by poison!</small><br></div><div class="spacer battle-history"><br></div><div class="battle-history">n strat sent out <strong>Sneasel</strong>!<br></div><div class="spacer battle-history"><br></div><h2 class="battle-history">Turn 23</h2><div class="spacer battle-history"><br></div><div class="battle-history">The opposing Sneasel used <strong>Knock Off</strong>!<br></div><div class="battle-history"><small>(Alomomola lost <abbr title="−103/534">19.3%</abbr> of its health!)</small><br></div><div class="battle-history"><small>The opposing Sneasel lost some of its HP!</small><br></div><div class="spacer battle-history"><br></div><div class="battle-history">Alomomola used <strong>Scald</strong>!<br></div><div class="battle-history"><small>(The opposing Sneasel lost <abbr title="−49/251">19.5%</abbr> of its health!)</small><br></div><div class="spacer battle-history"><br></div><div class="battle-history"><small>The opposing Sneasel was hurt by poison!</small><br></div><div class="battle-history"><small>Alomomola was hurt by poison!</small><br></div><div class="spacer battle-history"><br></div><h2 class="battle-history">Turn 24</h2><div class="spacer battle-history"><br></div><div class="battle-history">The opposing Sneasel used <strong>Knock Off</strong>!<br></div><div class="battle-history"><small>(Alomomola lost <abbr title="−99/534">18.5%</abbr> of its health!)</small><br></div><div class="battle-history"><small>The opposing Sneasel lost some of its HP!</small><br></div><div class="spacer battle-history"><br></div><div class="battle-history">Alomomola used <strong>Wish</strong>!<br></div><div class="spacer battle-history"><br></div><div class="battle-history"><small>The opposing Sneasel was hurt by poison!</small><br></div><div class="battle-history"><small>Alomomola was hurt by poison!</small><br></div><div class="spacer battle-history"><br></div><h2 class="battle-history">Turn 25</h2><div class="spacer battle-history"><br></div><div class="battle-history">Alomomola, come back!<br></div><div class="battle-history">Go! <strong>Jolteon</strong>!<br></div><div class="spacer battle-history"><br></div><div class="battle-history">The opposing Sneasel used <strong>Knock Off</strong>!<br></div><div class="battle-history"><small>(Jolteon lost <abbr title="−272/272">100%</abbr> of its health!)</small><br></div><div class="battle-history"><small>The opposing Sneasel knocked off Jolteon's Choice Specs!</small><br></div><div class="battle-history"><small>The opposing Sneasel lost some of its HP!</small><br></div><div class="spacer battle-history"><br></div><div class="battle-history">Jolteon fainted!<br></div><div class="spacer battle-history"><br></div><div class="battle-history"><small>The opposing Sneasel was hurt by poison!</small><br></div><div class="spacer battle-history"><br></div><div class="battle-history">The opposing Sneasel fainted!<br></div><div class="spacer battle-history"><br></div><div class="battle-history">n strat sent out <strong>Jolteon</strong>!<br></div><div class="spacer battle-history"><br></div><div class="battle-history">Go! <strong>Alomomola</strong>!<br></div><div class="spacer battle-history"><br></div><h2 class="battle-history">Turn 26</h2><div class="spacer battle-history"><br></div><div class="battle-history">Alomomola used <strong>Protect</strong>!<br></div><div class="battle-history"><small>Alomomola protected itself!</small><br></div><div class="spacer battle-history"><br></div><div class="battle-history">The opposing Jolteon used <strong>Thunderbolt</strong>!<br></div><div class="battle-history"><small>Alomomola protected itself!</small><br></div><div class="spacer battle-history"><br></div><div class="battle-history"><small>The opposing Jolteon was hurt by poison!</small><br></div><div class="battle-history"><small>Alomomola was hurt by poison!</small><br></div><div class="spacer battle-history"><br></div><h2 class="battle-history">Turn 27</h2><div class="spacer battle-history"><br></div><div class="battle-history">The opposing Jolteon used <strong>Thunderbolt</strong>!<br></div><div class="battle-history"><small>It's super effective!</small><br></div><div class="battle-history"><small>(Alomomola lost <abbr title="−212/534">39.7%</abbr> of its health!)</small><br></div><div class="spacer battle-history"><br></div><div class="battle-history">Alomomola fainted!<br></div><div class="spacer battle-history"><br></div><div class="battle-history"><strong>n strat</strong> won the battle!<br></div><div class="chat"><small>bacohdhd left.</small></div></div><div class="inner-preempt"></div></div></div>
</div>
<script>
let daily = Math.floor(Date.now()/1000/60/60/24);document.write('<script src="https://play.pokemonshowdown.com/js/replay-embed.js?version'+daily+'"></'+'script>');
</script>
