<!DOCTYPE html>
<meta charset="utf-8" />
<!-- version 1 -->
<title>RU replay: FrodoAndBilbo vs. Keilax</title>
<style>
html,body {font-family:Verdana, sans-serif;font-size:10pt;margin:0;padding:0;}body{padding:12px 0;} .battle-log {font-family:Verdana, sans-serif;font-size:10pt;} .battle-log-inline {border:1px solid #AAAAAA;background:#EEF2F5;color:black;max-width:640px;margin:0 auto 80px;padding-bottom:5px;} .battle-log .inner {padding:4px 8px 0px 8px;} .battle-log .inner-preempt {padding:0 8px 4px 8px;} .battle-log .inner-after {margin-top:0.5em;} .battle-log h2 {margin:0.5em -8px;padding:4px 8px;border:1px solid #AAAAAA;background:#E0E7EA;border-left:0;border-right:0;font-family:Verdana, sans-serif;font-size:13pt;} .battle-log .chat {vertical-align:middle;padding:3px 0 3px 0;font-size:8pt;} .battle-log .chat strong {color:#40576A;} .battle-log .chat em {padding:1px 4px 1px 3px;color:#000000;font-style:normal;} .chat.mine {background:rgba(0,0,0,0.05);margin-left:-8px;margin-right:-8px;padding-left:8px;padding-right:8px;} .spoiler {color:#BBBBBB;background:#BBBBBB;padding:0px 3px;} .spoiler:hover, .spoiler:active, .spoiler-shown {color:#000000;background:#E2E2E2;padding:0px 3px;} .spoiler a {color:#BBBBBB;} .spoiler:hover a, .spoiler:active a, .spoiler-shown a {color:#2288CC;} .chat code, .chat .spoiler:hover code, .chat .spoiler:active code, .chat .spoiler-shown code {border:1px solid #C0C0C0;background:#EEEEEE;color:black;padding:0 2px;} .chat .spoiler code {border:1px solid #CCCCCC;background:#CCCCCC;color:#CCCCCC;} .battle-log .rated {padding:3px 4px;} .battle-log .rated strong {color:white;background:#89A;padding:1px 4px;border-radius:4px;} .spacer {margin-top:0.5em;} .message-announce {background:#6688AA;color:white;padding:1px 4px 2px;} .message-announce a, .broadcast-green a, .broadcast-blue a, .broadcast-red a {color:#DDEEFF;} .broadcast-green {background-color:#559955;color:white;padding:2px 4px;} .broadcast-blue {background-color:#6688AA;color:white;padding:2px 4px;} .infobox {border:1px solid #6688AA;padding:2px 4px;} .infobox-limited {max-height:200px;overflow:auto;overflow-x:hidden;} .broadcast-red {background-color:#AA5544;color:white;padding:2px 4px;} .message-learn-canlearn {font-weight:bold;color:#228822;text-decoration:underline;} .message-learn-cannotlearn {font-weight:bold;color:#CC2222;text-decoration:underline;} .message-effect-weak {font-weight:bold;color:#CC2222;} .message-effect-resist {font-weight:bold;color:#6688AA;} .message-effect-immune {font-weight:bold;color:#666666;} .message-learn-list {margin-top:0;margin-bottom:0;} .message-throttle-notice, .message-error {color:#992222;} .message-overflow, .chat small.message-overflow {font-size:0pt;} .message-overflow::before {font-size:9pt;content:'...';} .subtle {color:#3A4A66;}
</style>
<div class="wrapper replay-wrapper" style="max-width:1180px;margin:0 auto">
<input type="hidden" name="replayid" value="ru-500108139" />
<div class="battle"></div><div class="battle-log"></div><div class="replay-controls"></div><div class="replay-controls-2"></div>
<h1 style="font-weight:normal;text-align:center"><strong>RU</strong><br /><a href="http://pokemonshowdown.com/users/frodoandbilbo" class="subtle" target="_blank">FrodoAndBilbo</a> vs. <a href="http://pokemonshowdown.com/users/keilax" class="subtle" target="_blank">Keilax</a></h1>
<script type="text/plain" class="battle-log-data">|j|FrodoAndBilbo
|j|Keilax
|player|p1|FrodoAndBilbo|266
|player|p2|Keilax|169
|gametype|singles
|gen|6
|tier|RU
|rated
|seed|64407,38897,22264,24875
|rule|Sleep Clause Mod: Limit one foe put to sleep
|rule|Species Clause: Limit one of each Pokémon
|rule|OHKO Clause: OHKO moves are banned
|rule|Moody Clause: Moody is banned
|rule|Evasion Moves Clause: Evasion moves are banned
|rule|Endless Battle Clause: Forcing endless battles is banned
|rule|HP Percentage Mod: HP is shown in percentages
|clearpoke
|poke|p1|Ambipom, F|item
|poke|p1|Exploud, F|item
|poke|p1|Hitmontop, M|item
|poke|p1|Bronzong|item
|poke|p1|Venusaur, F|item
|poke|p1|Banette, M|item
|poke|p2|Gallade, M|item
|poke|p2|Ampharos, M|item
|poke|p2|Unfezant, M|item
|poke|p2|Venusaur, M|item
|poke|p2|Blastoise, M|item
|poke|p2|Medicham, F|item
|rule|Swagger Clause: Swagger is banned
|rule|Baton Pass Clause: Limit one Baton Passer, can't pass Spe and other stats simultaneously
|teampreview
|c|★Keilax|Good luck. Play well.
|choice|team 4, team 2, team 3, team 1, team 5, team 6|team 4, team 2, team 3, team 1, team 5, team 6
|
|start
|switch|p1a: Bronzong|Bronzong|338\/338
|switch|p2a: Bulbas V|Venusaur, M|364\/364
|turn|1
|choice|move trick|move sleeppowder
|
|move|p2a: Bulbas V|Sleep Powder|p1a: Bronzong
|-status|p1a: Bronzong|slp
|cant|p1a: Bronzong|slp
|
|upkeep
|turn|2
|choice|move trick|move earthquake
|
|move|p2a: Bulbas V|Earthquake|p1a: Bronzong
|-immune|p1a: Bronzong|[msg]|[from] ability: Levitate
|cant|p1a: Bronzong|slp
|
|upkeep
|turn|3
|choice|move trick|switch 3
|
|switch|p2a: Nimbus|Unfezant, M|363\/363
|-curestatus|p1a: Bronzong|slp|[msg]
|move|p1a: Bronzong|Trick|p2a: Nimbus
|-activate|p1a: Bronzong|move: Trick|[of] p2a: Nimbus
|-item|p2a: Nimbus|Choice Scarf|[from] move: Trick
|-item|p1a: Bronzong|Focus Sash|[from] move: Trick
|
|upkeep
|turn|4
|choice|move stealthrock|move nightslash
|
|move|p2a: Nimbus|Night Slash|p1a: Bronzong
|-supereffective|p1a: Bronzong
|-crit|p1a: Bronzong
|-damage|p1a: Bronzong|170\/338
|move|p1a: Bronzong|Stealth Rock|p2a: Nimbus
|-sidestart|p2: Keilax|move: Stealth Rock
|
|upkeep
|turn|5
|choice|move gyroball|move nightslash
|
|move|p2a: Nimbus|Night Slash|p1a: Bronzong
|-supereffective|p1a: Bronzong
|-damage|p1a: Bronzong|64\/338
|move|p1a: Bronzong|Gyro Ball|p2a: Nimbus
|-damage|p2a: Nimbus|224\/363
|
|upkeep
|turn|6
|choice|move lightscreen|move nightslash
|
|move|p2a: Nimbus|Night Slash|p1a: Bronzong
|-supereffective|p1a: Bronzong
|-crit|p1a: Bronzong
|-damage|p1a: Bronzong|0 fnt
|faint|p1a: Bronzong
|
|upkeep
|choice|switch 5|
|
|switch|p1a: Venusaur|Venusaur, F|364\/364
|turn|7
|choice|move leechseed|switch 5
|
|switch|p2a: Shellby|Blastoise, M|361\/361
|-damage|p2a: Shellby|316\/361|[from] Stealth Rock
|move|p1a: Venusaur|Leech Seed|p2a: Shellby
|-start|p2a: Shellby|move: Leech Seed
|
|-damage|p2a: Shellby|271\/361|[from] Leech Seed|[of] p1a: Venusaur
|upkeep
|turn|8
|choice|move toxic|move rapidspin
|
|move|p1a: Venusaur|Toxic|p2a: Shellby
|-status|p2a: Shellby|tox
|move|p2a: Shellby|Rapid Spin|p1a: Venusaur
|-crit|p1a: Venusaur
|-damage|p1a: Venusaur|346\/364
|-end|p2a: Shellby|Leech Seed|[from] move: Rapid Spin|[of] p2a: Shellby
|-sideend|p2: Keilax|Stealth Rock|[from] move: Rapid Spin|[of] p2a: Shellby
|
|-heal|p1a: Venusaur|364\/364|[from] item: Black Sludge
|-damage|p2a: Shellby|249\/361 tox|[from] psn
|upkeep
|turn|9
|choice|move leechseed|switch 6
|
|switch|p2a: Medichamp|Medicham, F|261\/261
|move|p1a: Venusaur|Leech Seed|p2a: Medichamp
|-start|p2a: Medichamp|move: Leech Seed
|
|-damage|p2a: Medichamp|229\/261|[from] Leech Seed|[of] p1a: Venusaur
|upkeep
|turn|10
|choice|move protect|move zenheadbutt
|
|move|p1a: Venusaur|Protect|p1a: Venusaur
|-singleturn|p1a: Venusaur|Protect
|move|p2a: Medichamp|Zen Headbutt|p1a: Venusaur
|-activate|p1a: Venusaur|move: Protect
|
|-damage|p2a: Medichamp|197\/261|[from] Leech Seed|[of] p1a: Venusaur
|upkeep
|turn|11
|choice|move toxic|move zenheadbutt
|
|move|p2a: Medichamp|Zen Headbutt|p1a: Venusaur
|-supereffective|p1a: Venusaur
|-damage|p1a: Venusaur|58\/364
|move|p1a: Venusaur|Toxic|p2a: Medichamp
|-status|p2a: Medichamp|tox
|
|-heal|p1a: Venusaur|80\/364|[from] item: Black Sludge
|-damage|p2a: Medichamp|165\/261 tox|[from] Leech Seed|[of] p1a: Venusaur
|-heal|p1a: Venusaur|112\/364|[silent]
|-damage|p2a: Medichamp|149\/261 tox|[from] psn
|upkeep
|turn|12
|choice|move protect|switch 5
|
|switch|p2a: Nimbus|Unfezant, M|224\/363
|move|p1a: Venusaur|Protect|p1a: Venusaur
|-fail|p1a: Venusaur
|
|-heal|p1a: Venusaur|134\/364|[from] item: Black Sludge
|upkeep
|turn|13
|choice|switch 6|move uturn
|
|switch|p1a: Banette|Banette, M|332\/332
|move|p2a: Nimbus|U-turn|p1a: Banette
|-resisted|p1a: Banette
|-damage|p1a: Banette|271\/332
|choice||switch 4
|
|switch|p2a: Valiant|Gallade, M|340\/340
|
|upkeep
|turn|14
|choice|move willowisp mega|move nightslash
|
|detailschange|p1a: Banette|Banette-Mega, M
|-mega|p1a: Banette|Banette|Banettite
|move|p2a: Valiant|Night Slash|p1a: Banette
|-supereffective|p1a: Banette
|-damage|p1a: Banette|63\/332
|move|p1a: Banette|Will-O-Wisp|p2a: Valiant
|-status|p2a: Valiant|brn
|
|-damage|p2a: Valiant|298\/340 brn|[from] brn
|upkeep
|turn|15
|choice|move destinybond|move nightslash
|
|move|p1a: Banette|Destiny Bond|p1a: Banette
|-singlemove|p1a: Banette|Destiny Bond
|move|p2a: Valiant|Night Slash|p1a: Banette
|-supereffective|p1a: Banette
|-damage|p1a: Banette|0 fnt
|faint|p1a: Banette
|-activate|p1a: Banette|move: Destiny Bond
|faint|p2a: Valiant
|
|upkeep
|choice|switch 4|switch 5
|
|switch|p1a: Ambipom|Ambipom, F|292\/292
|switch|p2a: Medichamp|Medicham, F|149\/261 tox
|turn|16
|choice|move fakeout|move brickbreak
|
|move|p1a: Ambipom|Fake Out|p2a: Medichamp
|-damage|p2a: Medichamp|0 fnt
|-damage|p1a: Ambipom|263\/292|[from] item: Life Orb
|faint|p2a: Medichamp
|
|upkeep
|choice||switch 6
|
|switch|p2a: Shellby|Blastoise, M|249\/361 tox
|turn|17
|choice|move knockoff|move scald
|
|move|p1a: Ambipom|Knock Off|p2a: Shellby
|-damage|p2a: Shellby|115\/361 tox
|-damage|p1a: Ambipom|215\/292|[from] item: Rocky Helmet|[of] p2a: Shellby
|-enditem|p2a: Shellby|Rocky Helmet|[from] move: Knock Off|[of] p1a: Ambipom
|-damage|p1a: Ambipom|186\/292|[from] item: Life Orb
|move|p2a: Shellby|Scald|p1a: Ambipom
|-damage|p1a: Ambipom|0 fnt
|faint|p1a: Ambipom
|
|-damage|p2a: Shellby|93\/361 tox|[from] psn
|upkeep
|choice|switch 6|
|
|switch|p1a: Venusaur|Venusaur, F|134\/364
|turn|18
|choice|move gigadrain|move hydropump
|
|move|p1a: Venusaur|Giga Drain|p2a: Shellby
|-supereffective|p2a: Shellby
|-damage|p2a: Shellby|0 fnt
|-heal|p1a: Venusaur|181\/364|[from] drain|[of] p2a: Shellby
|faint|p2a: Shellby
|
|-heal|p1a: Venusaur|203\/364|[from] item: Black Sludge
|upkeep
|choice||switch 3
|
|switch|p2a: Bulbas V|Venusaur, M|364\/364
|turn|19
|choice|move protect|move sludgebomb
|
|move|p1a: Venusaur|Protect|p1a: Venusaur
|-singleturn|p1a: Venusaur|Protect
|move|p2a: Bulbas V|Sludge Bomb|p1a: Venusaur
|-activate|p1a: Venusaur|move: Protect
|
|-heal|p1a: Venusaur|225\/364|[from] item: Black Sludge
|upkeep
|turn|20
|choice|switch 2|move sludgebomb
|
|switch|p1a: Exploud|Exploud, F|350\/350
|move|p2a: Bulbas V|Sludge Bomb|p1a: Exploud
|-damage|p1a: Exploud|163\/350
|
|upkeep
|turn|21
|choice|move fireblast|switch 2
|
|switch|p2a: Ampharos III|Ampharos, M|383\/383
|move|p1a: Exploud|Fire Blast|p2a: Ampharos III
|-damage|p2a: Ampharos III|212\/383
|-status|p2a: Ampharos III|brn
|
|-damage|p2a: Ampharos III|165\/383 brn|[from] brn
|upkeep
|turn|22
|choice|switch 3|move thunderbolt
|
|switch|p1a: Hitmontop|Hitmontop, M|304\/304
|-ability|p1a: Hitmontop|Intimidate|boost
|-unboost|p2a: Ampharos III|atk|1
|move|p2a: Ampharos III|Thunderbolt|p1a: Hitmontop
|-damage|p1a: Hitmontop|174\/304
|
|-heal|p1a: Hitmontop|193\/304|[from] item: Leftovers
|-damage|p2a: Ampharos III|118\/383 brn|[from] brn
|upkeep
|turn|23
|choice|move protect|move thunder
|
|move|p1a: Hitmontop|Protect|p1a: Hitmontop
|-singleturn|p1a: Hitmontop|Protect
|move|p2a: Ampharos III|Thunder|p1a: Hitmontop
|-activate|p1a: Hitmontop|move: Protect
|
|-heal|p1a: Hitmontop|212\/304|[from] item: Leftovers
|-damage|p2a: Ampharos III|71\/383 brn|[from] brn
|upkeep
|turn|24
|choice|move machpunch|move thunder
|
|move|p1a: Hitmontop|Mach Punch|p2a: Ampharos III
|-damage|p2a: Ampharos III|22\/383 brn
|move|p2a: Ampharos III|Thunder|p1a: Hitmontop
|-damage|p1a: Hitmontop|44\/304
|
|-heal|p1a: Hitmontop|63\/304|[from] item: Leftovers
|-damage|p2a: Ampharos III|0 fnt|[from] brn
|upkeep
|faint|p2a: Ampharos III
|choice||switch 4
|
|switch|p2a: Nimbus|Unfezant, M|224\/363
|turn|25
|choice|move protect|move aerialace
|
|move|p1a: Hitmontop|Protect|p1a: Hitmontop
|-singleturn|p1a: Hitmontop|Protect
|move|p2a: Nimbus|Aerial Ace|p1a: Hitmontop
|-activate|p1a: Hitmontop|move: Protect
|
|-heal|p1a: Hitmontop|82\/304|[from] item: Leftovers
|upkeep
|turn|26
|choice|move machpunch|move aerialace
|
|move|p1a: Hitmontop|Mach Punch|p2a: Nimbus
|-damage|p2a: Nimbus|170\/363
|move|p2a: Nimbus|Aerial Ace|p1a: Hitmontop
|-supereffective|p1a: Hitmontop
|-damage|p1a: Hitmontop|0 fnt
|faint|p1a: Hitmontop
|
|upkeep
|choice|switch 3|
|
|switch|p1a: Exploud|Exploud, F|163\/350
|turn|27
|choice|move boomburst|move aerialace
|
|move|p2a: Nimbus|Aerial Ace|p1a: Exploud
|-damage|p1a: Exploud|0 fnt
|faint|p1a: Exploud
|
|upkeep
|choice|switch 2|
|
|switch|p1a: Venusaur|Venusaur, F|225\/364
|turn|28
|choice|move leechseed|move aerialace
|
|move|p2a: Nimbus|Aerial Ace|p1a: Venusaur
|-supereffective|p1a: Venusaur
|-damage|p1a: Venusaur|1\/364
|move|p1a: Venusaur|Leech Seed|p2a: Nimbus
|-start|p2a: Nimbus|move: Leech Seed
|
|-heal|p1a: Venusaur|23\/364|[from] item: Black Sludge
|-damage|p2a: Nimbus|125\/363|[from] Leech Seed|[of] p1a: Venusaur
|-heal|p1a: Venusaur|68\/364|[silent]
|upkeep
|turn|29
|choice|move protect|move aerialace
|
|move|p1a: Venusaur|Protect|p1a: Venusaur
|-singleturn|p1a: Venusaur|Protect
|move|p2a: Nimbus|Aerial Ace|p1a: Venusaur
|-activate|p1a: Venusaur|move: Protect
|
|-heal|p1a: Venusaur|90\/364|[from] item: Black Sludge
|-damage|p2a: Nimbus|80\/363|[from] Leech Seed|[of] p1a: Venusaur
|-heal|p1a: Venusaur|135\/364|[silent]
|upkeep
|turn|30
|choice|move gigadrain|move aerialace
|
|move|p2a: Nimbus|Aerial Ace|p1a: Venusaur
|-supereffective|p1a: Venusaur
|-crit|p1a: Venusaur
|-damage|p1a: Venusaur|0 fnt
|faint|p1a: Venusaur
|
|win|Keilax
|player|p1
|player|p2
|c|★Keilax|Good battle
|l|FrodoAndBilbo</script>
</div>
<div class="battle-log battle-log-inline"><div class="inner"><div class="battle-options"></div><div class="inner"><div class="chat"><small>FrodoAndBilbo joined.</small></div><div class="chat"><small>Keilax joined.</small></div><div class=""><small>Format:</small> <br><strong>RU</strong></div><div class="rated"><strong>Rated battle</strong></div><div class=""><small><em>Sleep Clause Mod:</em> Limit one foe put to sleep</small></div><div class=""><small><em>Species Clause:</em> Limit one of each Pokémon</small></div><div class=""><small><em>OHKO Clause:</em> OHKO moves are banned</small></div><div class=""><small><em>Moody Clause:</em> Moody is banned</small></div><div class=""><small><em>Evasion Moves Clause:</em> Evasion moves are banned</small></div><div class=""><small><em>Endless Battle Clause:</em> Forcing endless battles is banned</small></div><div class=""><small><em>HP Percentage Mod:</em> HP is shown in percentages</small></div><div class=""><small><em>Swagger Clause:</em> Swagger is banned</small></div><div class=""><small><em>Baton Pass Clause:</em> Limit one Baton Passer, can't pass Spe and other stats simultaneously</small></div><div class="chat battle-history"><strong>FrodoAndBilbo's team:</strong> <em style="color:#445566;display:block;">Ambipom / Exploud / Hitmontop / Bronzong / Venusaur / Banette</em></div><div class="chat battle-history"><strong>Keilax's team:</strong> <em style="color:#445566;display:block;">Gallade / Ampharos / Unfezant / Venusaur / Blastoise / Medicham</em></div><div class="chat chatmessage-keilax"><strong style="color:hsl(320,41%,48.415462720242004%)"><small>★</small><span class="username" data-name="Keilax">Keilax</span>:</strong> <em>Good luck. Play well.</em></div><div class="spacer battle-history"><br></div><div class="battle-history">Battle started between FrodoAndBilbo and Keilax!<br></div><div class="spacer battle-history"><br></div><div class="battle-history">Go! <strong>Bronzong</strong>!<br></div><div class="spacer battle-history"><br></div><div class="battle-history">Keilax sent out Bulbas V (<strong>Venusaur</strong>)!<br></div><div class="spacer battle-history"><br></div><h2 class="battle-history">Turn 1</h2><div class="spacer battle-history"><br></div><div class="battle-history">The opposing Bulbas V used <strong>Sleep Powder</strong>!<br></div><div class="battle-history"><small>Bronzong fell asleep!</small><br></div><div class="spacer battle-history"><br></div><div class="battle-history">Bronzong is fast asleep.<br></div><div class="spacer battle-history"><br></div><h2 class="battle-history">Turn 2</h2><div class="spacer battle-history"><br></div><div class="battle-history">The opposing Bulbas V used <strong>Earthquake</strong>!<br></div><div class="battle-history"><small>[Bronzong's Levitate]</small><br><small>It doesn't affect Bronzong...</small><br></div><div class="spacer battle-history"><br></div><div class="battle-history">Bronzong is fast asleep.<br></div><div class="spacer battle-history"><br></div><h2 class="battle-history">Turn 3</h2><div class="spacer battle-history"><br></div><div class="battle-history">Keilax withdrew Bulbas V!<br></div><div class="battle-history">Keilax sent out Nimbus (<strong>Unfezant</strong>)!<br></div><div class="battle-history"><small>Bronzong woke up!</small><br></div><div class="spacer battle-history"><br></div><div class="battle-history">Bronzong used <strong>Trick</strong>!<br></div><div class="battle-history"><small>Bronzong switched items with its target!</small><br></div><div class="battle-history"><small>The opposing Nimbus obtained one Choice Scarf.</small><br></div><div class="battle-history"><small>Bronzong obtained one Focus Sash.</small><br></div><div class="spacer battle-history"><br></div><h2 class="battle-history">Turn 4</h2><div class="spacer battle-history"><br></div><div class="battle-history">The opposing Nimbus used <strong>Night Slash</strong>!<br></div><div class="battle-history"><small>It's super effective!</small><br></div><div class="battle-history"><small>A critical hit!</small><br></div><div class="battle-history"><small>(Bronzong lost <abbr title="−168/338">49.7%</abbr> of its health!)</small><br></div><div class="spacer battle-history"><br></div><div class="battle-history">Bronzong used <strong>Stealth Rock</strong>!<br></div><div class="battle-history"><small>Pointed stones float in the air around the opposing team!</small><br></div><div class="spacer battle-history"><br></div><h2 class="battle-history">Turn 5</h2><div class="spacer battle-history"><br></div><div class="battle-history">The opposing Nimbus used <strong>Night Slash</strong>!<br></div><div class="battle-history"><small>It's super effective!</small><br></div><div class="battle-history"><small>(Bronzong lost <abbr title="−106/338">31.4%</abbr> of its health!)</small><br></div><div class="spacer battle-history"><br></div><div class="battle-history">Bronzong used <strong>Gyro Ball</strong>!<br></div><div class="battle-history"><small>(The opposing Nimbus lost <abbr title="−139/363">38.3%</abbr> of its health!)</small><br></div><div class="spacer battle-history"><br></div><h2 class="battle-history">Turn 6</h2><div class="spacer battle-history"><br></div><div class="battle-history">The opposing Nimbus used <strong>Night Slash</strong>!<br></div><div class="battle-history"><small>It's super effective!</small><br></div><div class="battle-history"><small>A critical hit!</small><br></div><div class="battle-history"><small>(Bronzong lost <abbr title="−64/338">18.9%</abbr> of its health!)</small><br></div><div class="spacer battle-history"><br></div><div class="battle-history">Bronzong fainted!<br></div><div class="spacer battle-history"><br></div><div class="battle-history">Go! <strong>Venusaur</strong>!<br></div><div class="spacer battle-history"><br></div><h2 class="battle-history">Turn 7</h2><div class="spacer battle-history"><br></div><div class="battle-history">Keilax withdrew Nimbus!<br></div><div class="battle-history">Keilax sent out Shellby (<strong>Blastoise</strong>)!<br></div><div class="battle-history"><small>Pointed stones dug into the opposing Shellby!</small><br></div><div class="spacer battle-history"><br></div><div class="battle-history">Venusaur used <strong>Leech Seed</strong>!<br></div><div class="battle-history"><small>The opposing Shellby was seeded!</small><br></div><div class="spacer battle-history"><br></div><div class="battle-history"><small>The opposing Shellby's health is sapped by Leech Seed!</small><br></div><div class="spacer battle-history"><br></div><h2 class="battle-history">Turn 8</h2><div class="spacer battle-history"><br></div><div class="battle-history">Venusaur used <strong>Toxic</strong>!<br></div><div class="battle-history"><small>The opposing Shellby was badly poisoned!</small><br></div><div class="spacer battle-history"><br></div><div class="battle-history">The opposing Shellby used <strong>Rapid Spin</strong>!<br></div><div class="battle-history"><small>A critical hit!</small><br></div><div class="battle-history"><small>(Venusaur lost <abbr title="−18/364">4.9%</abbr> of its health!)</small><br></div><div class="battle-history"><small>The opposing Shellby was freed from Leech Seed!</small><br></div><div class="battle-history"><small>The pointed stones disappeared from around the opposing team!</small><br></div><div class="spacer battle-history"><br></div><div class="battle-history"><small>Venusaur restored a little HP using its Black Sludge!</small><br></div><div class="battle-history"><small>The opposing Shellby was hurt by poison!</small><br></div><div class="spacer battle-history"><br></div><h2 class="battle-history">Turn 9</h2><div class="spacer battle-history"><br></div><div class="battle-history">Keilax withdrew Shellby!<br></div><div class="battle-history">Keilax sent out Medichamp (<strong>Medicham</strong>)!<br></div><div class="spacer battle-history"><br></div><div class="battle-history">Venusaur used <strong>Leech Seed</strong>!<br></div><div class="battle-history"><small>The opposing Medichamp was seeded!</small><br></div><div class="spacer battle-history"><br></div><div class="battle-history"><small>The opposing Medichamp's health is sapped by Leech Seed!</small><br></div><div class="spacer battle-history"><br></div><h2 class="battle-history">Turn 10</h2><div class="spacer battle-history"><br></div><div class="battle-history">Venusaur used <strong>Protect</strong>!<br></div><div class="battle-history"><small>Venusaur protected itself!</small><br></div><div class="spacer battle-history"><br></div><div class="battle-history">The opposing Medichamp used <strong>Zen Headbutt</strong>!<br></div><div class="battle-history"><small>Venusaur protected itself!</small><br></div><div class="spacer battle-history"><br></div><div class="battle-history"><small>The opposing Medichamp's health is sapped by Leech Seed!</small><br></div><div class="spacer battle-history"><br></div><h2 class="battle-history">Turn 11</h2><div class="spacer battle-history"><br></div><div class="battle-history">The opposing Medichamp used <strong>Zen Headbutt</strong>!<br></div><div class="battle-history"><small>It's super effective!</small><br></div><div class="battle-history"><small>(Venusaur lost <abbr title="−306/364">84.1%</abbr> of its health!)</small><br></div><div class="spacer battle-history"><br></div><div class="battle-history">Venusaur used <strong>Toxic</strong>!<br></div><div class="battle-history"><small>The opposing Medichamp was badly poisoned!</small><br></div><div class="spacer battle-history"><br></div><div class="battle-history"><small>Venusaur restored a little HP using its Black Sludge!</small><br></div><div class="battle-history"><small>The opposing Medichamp's health is sapped by Leech Seed!</small><br></div><div class="battle-history"><small>The opposing Medichamp was hurt by poison!</small><br></div><div class="spacer battle-history"><br></div><h2 class="battle-history">Turn 12</h2><div class="spacer battle-history"><br></div><div class="battle-history">Keilax withdrew Medichamp!<br></div><div class="battle-history">Keilax sent out Nimbus (<strong>Unfezant</strong>)!<br></div><div class="spacer battle-history"><br></div><div class="battle-history">Venusaur used <strong>Protect</strong>!<br></div><div class="battle-history"><small>But it failed!</small><br></div><div class="spacer battle-history"><br></div><div class="battle-history"><small>Venusaur restored a little HP using its Black Sludge!</small><br></div><div class="spacer battle-history"><br></div><h2 class="battle-history">Turn 13</h2><div class="spacer battle-history"><br></div><div class="battle-history">Venusaur, come back!<br></div><div class="battle-history">Go! <strong>Banette</strong>!<br></div><div class="spacer battle-history"><br></div><div class="battle-history">The opposing Nimbus used <strong>U-turn</strong>!<br></div><div class="battle-history"><small>It's not very effective...</small><br></div><div class="battle-history"><small>(Banette lost <abbr title="−61/332">18.4%</abbr> of its health!)</small><br></div><div class="spacer battle-history"><br></div><div class="battle-history">The opposing Nimbus went back to Keilax!<br></div><div class="battle-history">Keilax sent out Valiant (<strong>Gallade</strong>)!<br></div><div class="spacer battle-history"><br></div><h2 class="battle-history">Turn 14</h2><div class="spacer battle-history"><br></div><div class="battle-history"><small>Banette's Banettite is reacting to FrodoAndBilbo's Mega Bracelet!</small><br>Banette has Mega Evolved into Mega Banette!<br></div><div class="spacer battle-history"><br></div><div class="battle-history">The opposing Valiant used <strong>Night Slash</strong>!<br></div><div class="battle-history"><small>It's super effective!</small><br></div><div class="battle-history"><small>(Banette lost <abbr title="−208/332">62.7%</abbr> of its health!)</small><br></div><div class="spacer battle-history"><br></div><div class="battle-history">Banette used <strong>Will-O-Wisp</strong>!<br></div><div class="battle-history"><small>The opposing Valiant was burned!</small><br></div><div class="spacer battle-history"><br></div><div class="battle-history"><small>The opposing Valiant was hurt by its burn!</small><br></div><div class="spacer battle-history"><br></div><h2 class="battle-history">Turn 15</h2><div class="spacer battle-history"><br></div><div class="battle-history">Banette used <strong>Destiny Bond</strong>!<br></div><div class="battle-history">Banette is hoping to take its attacker down with it!<br></div><div class="spacer battle-history"><br></div><div class="battle-history">The opposing Valiant used <strong>Night Slash</strong>!<br></div><div class="battle-history"><small>It's super effective!</small><br></div><div class="battle-history"><small>(Banette lost <abbr title="−63/332">19.0%</abbr> of its health!)</small><br></div><div class="spacer battle-history"><br></div><div class="battle-history">Banette fainted!<br></div><div class="battle-history"><small>Banette took its attacker down with it!</small><br></div><div class="spacer battle-history"><br></div><div class="battle-history">The opposing Valiant fainted!<br></div><div class="spacer battle-history"><br></div><div class="battle-history">Go! <strong>Ambipom</strong>!<br></div><div class="spacer battle-history"><br></div><div class="battle-history">Keilax sent out Medichamp (<strong>Medicham</strong>)!<br></div><div class="spacer battle-history"><br></div><h2 class="battle-history">Turn 16</h2><div class="spacer battle-history"><br></div><div class="battle-history">Ambipom used <strong>Fake Out</strong>!<br></div><div class="battle-history"><small>(The opposing Medichamp lost <abbr title="−149/261">57.1%</abbr> of its health!)</small><br></div><div class="battle-history"><small>Ambipom lost some of its HP!</small><br></div><div class="spacer battle-history"><br></div><div class="battle-history">The opposing Medichamp fainted!<br></div><div class="spacer battle-history"><br></div><div class="battle-history">Keilax sent out Shellby (<strong>Blastoise</strong>)!<br></div><div class="spacer battle-history"><br></div><h2 class="battle-history">Turn 17</h2><div class="spacer battle-history"><br></div><div class="battle-history">Ambipom used <strong>Knock Off</strong>!<br></div><div class="battle-history"><small>(The opposing Shellby lost <abbr title="−134/361">37.1%</abbr> of its health!)</small><br></div><div class="battle-history"><small>Ambipom was hurt by the Rocky Helmet!</small><br></div><div class="battle-history"><small>Ambipom knocked off the opposing Shellby's Rocky Helmet!</small><br></div><div class="battle-history"><small>Ambipom lost some of its HP!</small><br></div><div class="spacer battle-history"><br></div><div class="battle-history">The opposing Shellby used <strong>Scald</strong>!<br></div><div class="battle-history"><small>(Ambipom lost <abbr title="−186/292">63.7%</abbr> of its health!)</small><br></div><div class="spacer battle-history"><br></div><div class="battle-history">Ambipom fainted!<br></div><div class="spacer battle-history"><br></div><div class="battle-history"><small>The opposing Shellby was hurt by poison!</small><br></div><div class="spacer battle-history"><br></div><div class="battle-history">Go! <strong>Venusaur</strong>!<br></div><div class="spacer battle-history"><br></div><h2 class="battle-history">Turn 18</h2><div class="spacer battle-history"><br></div><div class="battle-history">Venusaur used <strong>Giga Drain</strong>!<br></div><div class="battle-history"><small>It's super effective!</small><br></div><div class="battle-history"><small>(The opposing Shellby lost <abbr title="−93/361">25.8%</abbr> of its health!)</small><br></div><div class="battle-history"><small>The opposing Shellby had its energy drained!</small><br></div><div class="spacer battle-history"><br></div><div class="battle-history">The opposing Shellby fainted!<br></div><div class="spacer battle-history"><br></div><div class="battle-history"><small>Venusaur restored a little HP using its Black Sludge!</small><br></div><div class="spacer battle-history"><br></div><div class="battle-history">Keilax sent out Bulbas V (<strong>Venusaur</strong>)!<br></div><div class="spacer battle-history"><br></div><h2 class="battle-history">Turn 19</h2><div class="spacer battle-history"><br></div><div class="battle-history">Venusaur used <strong>Protect</strong>!<br></div><div class="battle-history"><small>Venusaur protected itself!</small><br></div><div class="spacer battle-history"><br></div><div class="battle-history">The opposing Bulbas V used <strong>Sludge Bomb</strong>!<br></div><div class="battle-history"><small>Venusaur protected itself!</small><br></div><div class="spacer battle-history"><br></div><div class="battle-history"><small>Venusaur restored a little HP using its Black Sludge!</small><br></div><div class="spacer battle-history"><br></div><h2 class="battle-history">Turn 20</h2><div class="spacer battle-history"><br></div><div class="battle-history">Venusaur, come back!<br></div><div class="battle-history">Go! <strong>Exploud</strong>!<br></div><div class="spacer battle-history"><br></div><div class="battle-history">The opposing Bulbas V used <strong>Sludge Bomb</strong>!<br></div><div class="battle-history"><small>(Exploud lost <abbr title="−187/350">53.4%</abbr> of its health!)</small><br></div><div class="spacer battle-history"><br></div><h2 class="battle-history">Turn 21</h2><div class="spacer battle-history"><br></div><div class="battle-history">Keilax withdrew Bulbas V!<br></div><div class="battle-history">Keilax sent out Ampharos III (<strong>Ampharos</strong>)!<br></div><div class="spacer battle-history"><br></div><div class="battle-history">Exploud used <strong>Fire Blast</strong>!<br></div><div class="battle-history"><small>(The opposing Ampharos III lost <abbr title="−171/383">44.6%</abbr> of its health!)</small><br></div><div class="battle-history"><small>The opposing Ampharos III was burned!</small><br></div><div class="spacer battle-history"><br></div><div class="battle-history"><small>The opposing Ampharos III was hurt by its burn!</small><br></div><div class="spacer battle-history"><br></div><h2 class="battle-history">Turn 22</h2><div class="spacer battle-history"><br></div><div class="battle-history">Exploud, come back!<br></div><div class="battle-history">Go! <strong>Hitmontop</strong>!<br></div><div class="battle-history"><small>[Hitmontop's Intimidate]</small><br></div><div class="battle-history"><small>The opposing Ampharos III's Attack fell!</small><br></div><div class="spacer battle-history"><br></div><div class="battle-history">The opposing Ampharos III used <strong>Thunderbolt</strong>!<br></div><div class="battle-history"><small>(Hitmontop lost <abbr title="−130/304">42.8%</abbr> of its health!)</small><br></div><div class="spacer battle-history"><br></div><div class="battle-history"><small>Hitmontop restored a little HP using its Leftovers!</small><br></div><div class="battle-history"><small>The opposing Ampharos III was hurt by its burn!</small><br></div><div class="spacer battle-history"><br></div><h2 class="battle-history">Turn 23</h2><div class="spacer battle-history"><br></div><div class="battle-history">Hitmontop used <strong>Protect</strong>!<br></div><div class="battle-history"><small>Hitmontop protected itself!</small><br></div><div class="spacer battle-history"><br></div><div class="battle-history">The opposing Ampharos III used <strong>Thunder</strong>!<br></div><div class="battle-history"><small>Hitmontop protected itself!</small><br></div><div class="spacer battle-history"><br></div><div class="battle-history"><small>Hitmontop restored a little HP using its Leftovers!</small><br></div><div class="battle-history"><small>The opposing Ampharos III was hurt by its burn!</small><br></div><div class="spacer battle-history"><br></div><h2 class="battle-history">Turn 24</h2><div class="spacer battle-history"><br></div><div class="battle-history">Hitmontop used <strong>Mach Punch</strong>!<br></div><div class="battle-history"><small>(The opposing Ampharos III lost <abbr title="−49/383">12.8%</abbr> of its health!)</small><br></div><div class="spacer battle-history"><br></div><div class="battle-history">The opposing Ampharos III used <strong>Thunder</strong>!<br></div><div class="battle-history"><small>(Hitmontop lost <abbr title="−168/304">55.3%</abbr> of its health!)</small><br></div><div class="spacer battle-history"><br></div><div class="battle-history"><small>Hitmontop restored a little HP using its Leftovers!</small><br></div><div class="battle-history"><small>The opposing Ampharos III was hurt by its burn!</small><br></div><div class="spacer battle-history"><br></div><div class="battle-history">The opposing Ampharos III fainted!<br></div><div class="spacer battle-history"><br></div><div class="battle-history">Keilax sent out Nimbus (<strong>Unfezant</strong>)!<br></div><div class="spacer battle-history"><br></div><h2 class="battle-history">Turn 25</h2><div class="spacer battle-history"><br></div><div class="battle-history">Hitmontop used <strong>Protect</strong>!<br></div><div class="battle-history"><small>Hitmontop protected itself!</small><br></div><div class="spacer battle-history"><br></div><div class="battle-history">The opposing Nimbus used <strong>Aerial Ace</strong>!<br></div><div class="battle-history"><small>Hitmontop protected itself!</small><br></div><div class="spacer battle-history"><br></div><div class="battle-history"><small>Hitmontop restored a little HP using its Leftovers!</small><br></div><div class="spacer battle-history"><br></div><h2 class="battle-history">Turn 26</h2><div class="spacer battle-history"><br></div><div class="battle-history">Hitmontop used <strong>Mach Punch</strong>!<br></div><div class="battle-history"><small>(The opposing Nimbus lost <abbr title="−54/363">14.9%</abbr> of its health!)</small><br></div><div class="spacer battle-history"><br></div><div class="battle-history">The opposing Nimbus used <strong>Aerial Ace</strong>!<br></div><div class="battle-history"><small>It's super effective!</small><br></div><div class="battle-history"><small>(Hitmontop lost <abbr title="−82/304">27.0%</abbr> of its health!)</small><br></div><div class="spacer battle-history"><br></div><div class="battle-history">Hitmontop fainted!<br></div><div class="spacer battle-history"><br></div><div class="battle-history">Go! <strong>Exploud</strong>!<br></div><div class="spacer battle-history"><br></div><h2 class="battle-history">Turn 27</h2><div class="spacer battle-history"><br></div><div class="battle-history">The opposing Nimbus used <strong>Aerial Ace</strong>!<br></div><div class="battle-history"><small>(Exploud lost <abbr title="−163/350">46.6%</abbr> of its health!)</small><br></div><div class="spacer battle-history"><br></div><div class="battle-history">Exploud fainted!<br></div><div class="spacer battle-history"><br></div><div class="battle-history">Go! <strong>Venusaur</strong>!<br></div><div class="spacer battle-history"><br></div><h2 class="battle-history">Turn 28</h2><div class="spacer battle-history"><br></div><div class="battle-history">The opposing Nimbus used <strong>Aerial Ace</strong>!<br></div><div class="battle-history"><small>It's super effective!</small><br></div><div class="battle-history"><small>(Venusaur lost <abbr title="−224/364">61.5%</abbr> of its health!)</small><br></div><div class="spacer battle-history"><br></div><div class="battle-history">Venusaur used <strong>Leech Seed</strong>!<br></div><div class="battle-history"><small>The opposing Nimbus was seeded!</small><br></div><div class="spacer battle-history"><br></div><div class="battle-history"><small>Venusaur restored a little HP using its Black Sludge!</small><br></div><div class="battle-history"><small>The opposing Nimbus's health is sapped by Leech Seed!</small><br></div><div class="spacer battle-history"><br></div><h2 class="battle-history">Turn 29</h2><div class="spacer battle-history"><br></div><div class="battle-history">Venusaur used <strong>Protect</strong>!<br></div><div class="battle-history"><small>Venusaur protected itself!</small><br></div><div class="spacer battle-history"><br></div><div class="battle-history">The opposing Nimbus used <strong>Aerial Ace</strong>!<br></div><div class="battle-history"><small>Venusaur protected itself!</small><br></div><div class="spacer battle-history"><br></div><div class="battle-history"><small>Venusaur restored a little HP using its Black Sludge!</small><br></div><div class="battle-history"><small>The opposing Nimbus's health is sapped by Leech Seed!</small><br></div><div class="spacer battle-history"><br></div><h2 class="battle-history">Turn 30</h2><div class="spacer battle-history"><br></div><div class="battle-history">The opposing Nimbus used <strong>Aerial Ace</strong>!<br></div><div class="battle-history"><small>It's super effective!</small><br></div><div class="battle-history"><small>A critical hit!</small><br></div><div class="battle-history"><small>(Venusaur lost <abbr title="−135/364">37.1%</abbr> of its health!)</small><br></div><div class="spacer battle-history"><br></div><div class="battle-history">Venusaur fainted!<br></div><div class="spacer battle-history"><br></div><div class="battle-history"><strong>Keilax</strong> won the battle!<br></div><div class="chat chatmessage-keilax"><strong style="color:hsl(320,41%,48.415462720242004%)"><small>★</small><span class="username" data-name="Keilax">Keilax</span>:</strong> <em>Good battle</em></div><div class="chat"><small>FrodoAndBilbo left.</small></div></div><div class="inner-preempt"></div></div></div>
</div>
<script>
let daily = Math.floor(Date.now()/1000/60/60/24);document.write('<script src="https://play.pokemonshowdown.com/js/replay-embed.js?version'+daily+'"></'+'script>');
</script>
