<!DOCTYPE html>
<meta charset="utf-8" />
<!-- version 1 -->
<title>RU replay: Natschoup vs. Jesspro404</title>
<style>
html,body {font-family:Verdana, sans-serif;font-size:10pt;margin:0;padding:0;}body{padding:12px 0;} .battle-log {font-family:Verdana, sans-serif;font-size:10pt;} .battle-log-inline {border:1px solid #AAAAAA;background:#EEF2F5;color:black;max-width:640px;margin:0 auto 80px;padding-bottom:5px;} .battle-log .inner {padding:4px 8px 0px 8px;} .battle-log .inner-preempt {padding:0 8px 4px 8px;} .battle-log .inner-after {margin-top:0.5em;} .battle-log h2 {margin:0.5em -8px;padding:4px 8px;border:1px solid #AAAAAA;background:#E0E7EA;border-left:0;border-right:0;font-family:Verdana, sans-serif;font-size:13pt;} .battle-log .chat {vertical-align:middle;padding:3px 0 3px 0;font-size:8pt;} .battle-log .chat strong {color:#40576A;} .battle-log .chat em {padding:1px 4px 1px 3px;color:#000000;font-style:normal;} .chat.mine {background:rgba(0,0,0,0.05);margin-left:-8px;margin-right:-8px;padding-left:8px;padding-right:8px;} .spoiler {color:#BBBBBB;background:#BBBBBB;padding:0px 3px;} .spoiler:hover, .spoiler:active, .spoiler-shown {color:#000000;background:#E2E2E2;padding:0px 3px;} .spoiler a {color:#BBBBBB;} .spoiler:hover a, .spoiler:active a, .spoiler-shown a {color:#2288CC;} .chat code, .chat .spoiler:hover code, .chat .spoiler:active code, .chat .spoiler-shown code {border:1px solid #C0C0C0;background:#EEEEEE;color:black;padding:0 2px;} .chat .spoiler code {border:1px solid #CCCCCC;background:#CCCCCC;color:#CCCCCC;} .battle-log .rated {padding:3px 4px;} .battle-log .rated strong {color:white;background:#89A;padding:1px 4px;border-radius:4px;} .spacer {margin-top:0.5em;} .message-announce {background:#6688AA;color:white;padding:1px 4px 2px;} .message-announce a, .broadcast-green a, .broadcast-blue a, .broadcast-red a {color:#DDEEFF;} .broadcast-green {background-color:#559955;color:white;padding:2px 4px;} .broadcast-blue {background-color:#6688AA;color:white;padding:2px 4px;} .infobox {border:1px solid #6688AA;padding:2px 4px;} .infobox-limited {max-height:200px;overflow:auto;overflow-x:hidden;} .broadcast-red {background-color:#AA5544;color:white;padding:2px 4px;} .message-learn-canlearn {font-weight:bold;color:#228822;text-decoration:underline;} .message-learn-cannotlearn {font-weight:bold;color:#CC2222;text-decoration:underline;} .message-effect-weak {font-weight:bold;color:#CC2222;} .message-effect-resist {font-weight:bold;color:#6688AA;} .message-effect-immune {font-weight:bold;color:#666666;} .message-learn-list {margin-top:0;margin-bottom:0;} .message-throttle-notice, .message-error {color:#992222;} .message-overflow, .chat small.message-overflow {font-size:0pt;} .message-overflow::before {font-size:9pt;content:'...';} .subtle {color:#3A4A66;}
</style>
<div class="wrapper replay-wrapper" style="max-width:1180px;margin:0 auto">
<input type="hidden" name="replayid" value="ru-508087549" />
<div class="battle"></div><div class="battle-log"></div><div class="replay-controls"></div><div class="replay-controls-2"></div>
<h1 style="font-weight:normal;text-align:center"><strong>RU</strong><br /><a href="http://pokemonshowdown.com/users/natschoup" class="subtle" target="_blank">Natschoup</a> vs. <a href="http://pokemonshowdown.com/users/jesspro404" class="subtle" target="_blank">Jesspro404</a></h1>
<script type="text/plain" class="battle-log-data">|j|Natschoup
|j|Jesspro404
|player|p1|Natschoup|1
|player|p2|Jesspro404|163
|gametype|singles
|gen|6
|tier|RU
|rated
|seed|50889,8451,28606,42992
|rule|Sleep Clause Mod: Limit one foe put to sleep
|rule|Species Clause: Limit one of each Pokémon
|rule|OHKO Clause: OHKO moves are banned
|rule|Moody Clause: Moody is banned
|rule|Evasion Moves Clause: Evasion moves are banned
|rule|Endless Battle Clause: Forcing endless battles is banned
|rule|HP Percentage Mod: HP is shown in percentages
|clearpoke
|poke|p1|Scrafty, M, shiny|item
|poke|p1|Sigilyph, M, shiny|item
|poke|p1|Trevenant, F, shiny|item
|poke|p1|Cinccino, M, shiny|item
|poke|p1|Absol, F, shiny|item
|poke|p1|Glalie, M, shiny|item
|poke|p2|Togetic, F, shiny|item
|poke|p2|Typhlosion, M, shiny|item
|poke|p2|Uxie|item
|poke|p2|Venusaur, M|item
|poke|p2|Virizion, shiny|item
|poke|p2|Sceptile, M, shiny|item
|rule|Swagger Clause: Swagger is banned
|rule|Baton Pass Clause: Limit one Baton Passer, can't pass Spe and other stats simultaneously
|teampreview
|choice|team 4, team 2, team 3, team 1, team 5, team 6|team 3, team 2, team 1, team 4, team 5, team 6
|
|start
|switch|p1a: Cinccino|Cinccino, M, shiny|291\/291
|switch|p2a: Cooper|Uxie|354\/354
|turn|1
|choice|move uturn|move stealthrock
|
|move|p1a: Cinccino|U-turn|p2a: Cooper
|-supereffective|p2a: Cooper
|-damage|p2a: Cooper|202\/354
|choice|switch 4|
|
|switch|p1a: Scrafty|Scrafty, M, shiny|334\/334
|move|p2a: Cooper|Stealth Rock|p1a: Scrafty
|-sidestart|p1: Natschoup|move: Stealth Rock
|
|-heal|p2a: Cooper|224\/354|[from] item: Leftovers
|upkeep
|turn|2
|choice|move bulkup|move yawn
|
|move|p2a: Cooper|Yawn|p1a: Scrafty
|-start|p1a: Scrafty|move: Yawn|[of] p2a: Cooper
|move|p1a: Scrafty|Bulk Up|p1a: Scrafty
|-boost|p1a: Scrafty|atk|1
|-boost|p1a: Scrafty|def|1
|
|-heal|p2a: Cooper|246\/354|[from] item: Leftovers
|upkeep
|turn|3
|choice|move knockoff|move uturn
|
|move|p2a: Cooper|U-turn|p1a: Scrafty
|-damage|p1a: Scrafty|308\/334
|choice||switch 3
|
|switch|p2a: Togemedaru|Togetic, F, shiny|314\/314
|move|p1a: Scrafty|Knock Off|p2a: Togemedaru
|-resisted|p2a: Togemedaru
|-damage|p2a: Togemedaru|225\/314
|-enditem|p2a: Togemedaru|Leftovers|[from] move: Knock Off|[of] p1a: Scrafty
|
|-end|p1a: Scrafty|move: Yawn|[silent]
|-status|p1a: Scrafty|slp
|-heal|p1a: Scrafty|328\/334 slp|[from] item: Leftovers
|upkeep
|turn|4
|choice|move bulkup|move ancientpower
|
|cant|p1a: Scrafty|slp
|move|p2a: Togemedaru|Ancient Power|p1a: Scrafty
|-resisted|p1a: Scrafty
|-damage|p1a: Scrafty|314\/334 slp
|
|-heal|p1a: Scrafty|334\/334 slp|[from] item: Leftovers
|upkeep
|turn|5
|choice|move bulkup|move ancientpower
|
|cant|p1a: Scrafty|slp
|move|p2a: Togemedaru|Ancient Power|p1a: Scrafty
|-resisted|p1a: Scrafty
|-damage|p1a: Scrafty|321\/334 slp
|
|-heal|p1a: Scrafty|334\/334 slp|[from] item: Leftovers
|upkeep
|turn|6
|choice|move bulkup|move ancientpower
|
|cant|p1a: Scrafty|slp
|move|p2a: Togemedaru|Ancient Power|p1a: Scrafty
|-resisted|p1a: Scrafty
|-damage|p1a: Scrafty|322\/334 slp
|-boost|p2a: Togemedaru|atk|1
|-boost|p2a: Togemedaru|def|1
|-boost|p2a: Togemedaru|spa|1
|-boost|p2a: Togemedaru|spd|1
|-boost|p2a: Togemedaru|spe|1
|
|-heal|p1a: Scrafty|334\/334 slp|[from] item: Leftovers
|upkeep
|turn|7
|choice|move bulkup|move ancientpower
|
|move|p2a: Togemedaru|Ancient Power|p1a: Scrafty
|-resisted|p1a: Scrafty
|-damage|p1a: Scrafty|316\/334 slp
|-curestatus|p1a: Scrafty|slp|[msg]
|move|p1a: Scrafty|Bulk Up|p1a: Scrafty
|-boost|p1a: Scrafty|atk|1
|-boost|p1a: Scrafty|def|1
|
|-heal|p1a: Scrafty|334\/334|[from] item: Leftovers
|upkeep
|turn|8
|choice|move poisonjab|move dazzlinggleam
|
|move|p2a: Togemedaru|Dazzling Gleam|p1a: Scrafty
|-supereffective|p1a: Scrafty
|-damage|p1a: Scrafty|0 fnt
|faint|p1a: Scrafty
|
|upkeep
|choice|switch 6|
|
|switch|p1a: Glalie|Glalie, M, shiny|301\/301
|-damage|p1a: Glalie|226\/301|[from] Stealth Rock
|turn|9
|choice|move iceshard mega|move ancientpower
|
|detailschange|p1a: Glalie|Glalie-Mega, M, shiny
|-mega|p1a: Glalie|Glalie|Glalitite
|move|p1a: Glalie|Ice Shard|p2a: Togemedaru
|-supereffective|p2a: Togemedaru
|-damage|p2a: Togemedaru|111\/314
|move|p2a: Togemedaru|Ancient Power|p1a: Glalie
|-supereffective|p1a: Glalie
|-damage|p1a: Glalie|76\/301
|
|upkeep
|turn|10
|choice|move iceshard|move softboiled
|
|move|p1a: Glalie|Ice Shard|p2a: Togemedaru
|-supereffective|p2a: Togemedaru
|-damage|p2a: Togemedaru|1\/314
|move|p2a: Togemedaru|Soft-Boiled|p2a: Togemedaru
|-heal|p2a: Togemedaru|158\/314
|
|upkeep
|turn|11
|choice|move freezedry|move softboiled
|
|move|p1a: Glalie|Freeze-Dry|p2a: Togemedaru
|-supereffective|p2a: Togemedaru
|-damage|p2a: Togemedaru|84\/314
|move|p2a: Togemedaru|Soft-Boiled|p2a: Togemedaru
|-heal|p2a: Togemedaru|241\/314
|
|upkeep
|turn|12
|choice|move explosion|move ancientpower
|
|move|p1a: Glalie|Explosion|p2a: Togemedaru
|-supereffective|p2a: Togemedaru
|-damage|p2a: Togemedaru|0 fnt
|faint|p1a: Glalie
|faint|p2a: Togemedaru
|
|upkeep
|choice|switch 4|switch 2
|
|switch|p1a: Cinccino|Cinccino, M, shiny|291\/291
|switch|p2a: Stroke|Typhlosion, M, shiny|297\/297
|-damage|p1a: Cinccino|255\/291|[from] Stealth Rock
|turn|13
|choice|move tailslap|move eruption
|
|move|p2a: Stroke|Eruption|p1a: Cinccino
|-damage|p1a: Cinccino|0 fnt
|faint|p1a: Cinccino
|
|upkeep
|choice|switch 5|
|
|switch|p1a: Absol|Absol, F, shiny|272\/272
|-damage|p1a: Absol|238\/272|[from] Stealth Rock
|turn|14
|choice|move suckerpunch|move eruption
|
|move|p1a: Absol|Sucker Punch|p2a: Stroke
|-damage|p2a: Stroke|111\/297
|move|p2a: Stroke|Eruption|p1a: Absol
|-damage|p1a: Absol|72\/272
|
|upkeep
|turn|15
|choice|move suckerpunch|move eruption
|
|move|p1a: Absol|Sucker Punch|p2a: Stroke
|-crit|p2a: Stroke
|-damage|p2a: Stroke|0 fnt
|faint|p2a: Stroke
|
|upkeep
|choice||switch 3
|
|switch|p2a: Cooper|Uxie|246\/354
|turn|16
|choice|move nightslash|move yawn
|
|move|p1a: Absol|Night Slash|p2a: Cooper
|-supereffective|p2a: Cooper
|-crit|p2a: Cooper
|-damage|p2a: Cooper|0 fnt
|faint|p2a: Cooper
|
|upkeep
|choice||switch 5
|
|switch|p2a: Amazon|Virizion, shiny|323\/323
|turn|17
|choice|move psychocut|move swordsdance
|
|move|p2a: Amazon|Swords Dance|p2a: Amazon
|-boost|p2a: Amazon|atk|2
|move|p1a: Absol|Psycho Cut|p2a: Amazon
|-supereffective|p2a: Amazon
|-crit|p2a: Amazon
|-damage|p2a: Amazon|0 fnt
|faint|p2a: Amazon
|
|upkeep
|choice||switch 6
|
|switch|p2a: Dust|Sceptile, M, shiny|281\/281
|turn|18
|choice|move nightslash|move leafstorm
|
|move|p2a: Dust|Leaf Storm|p1a: Absol
|-damage|p1a: Absol|0 fnt
|-unboost|p2a: Dust|spa|2
|-enditem|p2a: Dust|White Herb
|-clearnegativeboost|p2a: Dust|[silent]
|faint|p1a: Absol
|
|upkeep
|choice|switch 2|
|
|switch|p1a: Sigilyph|Sigilyph, M, shiny|348\/348
|-damage|p1a: Sigilyph|261\/348|[from] Stealth Rock
|turn|19
|choice|move cosmicpower|move dragonpulse
|
|move|p2a: Dust|Dragon Pulse|p1a: Sigilyph
|-crit|p1a: Sigilyph
|-damage|p1a: Sigilyph|97\/348
|move|p1a: Sigilyph|Cosmic Power|p1a: Sigilyph
|-boost|p1a: Sigilyph|def|1
|-boost|p1a: Sigilyph|spd|1
|
|-status|p1a: Sigilyph|brn|[from] item: Flame Orb
|upkeep
|turn|20
|choice|move roost|move dragonpulse
|
|move|p2a: Dust|Dragon Pulse|p1a: Sigilyph
|-damage|p1a: Sigilyph|13\/348 brn
|move|p1a: Sigilyph|Roost|p1a: Sigilyph
|-heal|p1a: Sigilyph|187\/348 brn
|
|-damage|p1a: Sigilyph|144\/348 brn|[from] brn
|upkeep
|turn|21
|choice|move psychoshift|move dragonpulse
|
|move|p2a: Dust|Dragon Pulse|p1a: Sigilyph
|-damage|p1a: Sigilyph|64\/348 brn
|move|p1a: Sigilyph|Psycho Shift|p2a: Dust
|-status|p2a: Dust|brn
|-curestatus|p1a: Sigilyph|brn|[msg]
|
|-damage|p2a: Dust|246\/281 brn|[from] brn
|-status|p1a: Sigilyph|brn|[from] item: Flame Orb
|upkeep
|turn|22
|choice|move storedpower|move dragonpulse
|
|move|p2a: Dust|Dragon Pulse|p1a: Sigilyph
|-damage|p1a: Sigilyph|0 fnt
|faint|p1a: Sigilyph
|
|-damage|p2a: Dust|211\/281 brn|[from] brn
|upkeep
|choice|switch 3|
|
|switch|p1a: Trevenant|Trevenant, F, shiny|374\/374
|-damage|p1a: Trevenant|328\/374|[from] Stealth Rock
|turn|23
|choice|move substitute|move dragonpulse
|
|move|p2a: Dust|Dragon Pulse|p1a: Trevenant
|-damage|p1a: Trevenant|237\/374
|move|p1a: Trevenant|Substitute|p1a: Trevenant
|-start|p1a: Trevenant|Substitute
|-damage|p1a: Trevenant|144\/374
|
|-damage|p2a: Dust|176\/281 brn|[from] brn
|upkeep
|turn|24
|choice|move hornleech|move dragonpulse
|
|move|p2a: Dust|Dragon Pulse|p1a: Trevenant
|-end|p1a: Trevenant|Substitute
|move|p1a: Trevenant|Horn Leech|p2a: Dust
|-resisted|p2a: Dust
|-damage|p2a: Dust|110\/281 brn
|-heal|p1a: Trevenant|177\/374|[from] drain|[of] p2a: Dust
|
|-damage|p2a: Dust|75\/281 brn|[from] brn
|upkeep
|turn|25
|choice|move substitute|switch 4
|
|switch|p2a: Leaf|Venusaur, M|364\/364
|move|p1a: Trevenant|Substitute|p1a: Trevenant
|-start|p1a: Trevenant|Substitute
|-damage|p1a: Trevenant|84\/374
|-enditem|p1a: Trevenant|Starf Berry|[eat]
|-boost|p1a: Trevenant|spe|2
|
|-item|p1a: Trevenant|Starf Berry|[from] ability: Harvest
|upkeep
|-enditem|p1a: Trevenant|Starf Berry|[eat]
|-boost|p1a: Trevenant|spd|2
|turn|26
|choice|move drainpunch|move leechseed
|
|move|p1a: Trevenant|Drain Punch|p2a: Leaf
|-resisted|p2a: Leaf
|-damage|p2a: Leaf|324\/364
|-heal|p1a: Trevenant|104\/374|[from] drain|[of] p2a: Leaf
|move|p2a: Leaf|Leech Seed|p1a: Trevenant
|-immune|p1a: Trevenant|[msg]
|
|-heal|p2a: Leaf|346\/364|[from] item: Leftovers
|-item|p1a: Trevenant|Starf Berry|[from] ability: Harvest
|upkeep
|turn|27
|choice|move hornleech|switch 4
|
|switch|p2a: Dust|Sceptile, M, shiny|75\/281 brn
|move|p1a: Trevenant|Horn Leech|p2a: Dust
|-resisted|p2a: Dust
|-damage|p2a: Dust|2\/281 brn
|-heal|p1a: Trevenant|141\/374|[from] drain|[of] p2a: Dust
|
|-damage|p2a: Dust|0 fnt|[from] brn
|upkeep
|faint|p2a: Dust
|choice||switch 4
|
|switch|p2a: Leaf|Venusaur, M|346\/364
|turn|28
|choice|move hornleech|move sleeppowder
|
|move|p1a: Trevenant|Horn Leech|p2a: Leaf
|-resisted|p2a: Leaf
|-damage|p2a: Leaf|320\/364
|-heal|p1a: Trevenant|154\/374|[from] drain|[of] p2a: Leaf
|move|p2a: Leaf|Sleep Powder|p1a: Trevenant
|-immune|p1a: Trevenant|[msg]
|
|-heal|p2a: Leaf|342\/364|[from] item: Leftovers
|upkeep
|turn|29
|choice|move drainpunch|move gigadrain
|
|move|p1a: Trevenant|Drain Punch|p2a: Leaf
|-resisted|p2a: Leaf
|-damage|p2a: Leaf|307\/364
|-heal|p1a: Trevenant|172\/374|[from] drain|[of] p2a: Leaf
|move|p2a: Leaf|Giga Drain|p1a: Trevenant
|-resisted|p1a: Trevenant
|-activate|p1a: Trevenant|move: Substitute|[damage]
|-heal|p2a: Leaf|318\/364|[from] drain|[of] p1a: Trevenant
|
|-heal|p2a: Leaf|340\/364|[from] item: Leftovers
|upkeep
|turn|30
|choice|move drainpunch|move gigadrain
|
|move|p1a: Trevenant|Drain Punch|p2a: Leaf
|-resisted|p2a: Leaf
|-damage|p2a: Leaf|306\/364
|-heal|p1a: Trevenant|189\/374|[from] drain|[of] p2a: Leaf
|move|p2a: Leaf|Giga Drain|p1a: Trevenant
|-resisted|p1a: Trevenant
|-activate|p1a: Trevenant|move: Substitute|[damage]
|-heal|p2a: Leaf|318\/364|[from] drain|[of] p1a: Trevenant
|
|-heal|p2a: Leaf|340\/364|[from] item: Leftovers
|upkeep
|turn|31
|choice|move drainpunch|move gigadrain
|
|move|p1a: Trevenant|Drain Punch|p2a: Leaf
|-resisted|p2a: Leaf
|-damage|p2a: Leaf|303\/364
|-heal|p1a: Trevenant|208\/374|[from] drain|[of] p2a: Leaf
|move|p2a: Leaf|Giga Drain|p1a: Trevenant
|-resisted|p1a: Trevenant
|-activate|p1a: Trevenant|move: Substitute|[damage]
|-heal|p2a: Leaf|315\/364|[from] drain|[of] p1a: Trevenant
|
|-heal|p2a: Leaf|337\/364|[from] item: Leftovers
|upkeep
|turn|32
|choice|move drainpunch|move gigadrain
|
|move|p1a: Trevenant|Drain Punch|p2a: Leaf
|-resisted|p2a: Leaf
|-damage|p2a: Leaf|298\/364
|-heal|p1a: Trevenant|228\/374|[from] drain|[of] p2a: Leaf
|move|p2a: Leaf|Giga Drain|p1a: Trevenant
|-resisted|p1a: Trevenant
|-crit|p1a: Trevenant
|-end|p1a: Trevenant|Substitute
|-heal|p2a: Leaf|311\/364|[from] drain|[of] p1a: Trevenant
|
|-heal|p2a: Leaf|333\/364|[from] item: Leftovers
|upkeep
|turn|33
|choice|move substitute|move gigadrain
|
|move|p1a: Trevenant|Substitute|p1a: Trevenant
|-start|p1a: Trevenant|Substitute
|-damage|p1a: Trevenant|135\/374
|move|p2a: Leaf|Giga Drain|p1a: Trevenant
|-resisted|p1a: Trevenant
|-crit|p1a: Trevenant
|-activate|p1a: Trevenant|move: Substitute|[damage]
|-heal|p2a: Leaf|364\/364|[from] drain|[of] p1a: Trevenant
|
|upkeep
|turn|34
|choice|move protect|move gigadrain
|
|move|p1a: Trevenant|Protect|p1a: Trevenant
|-singleturn|p1a: Trevenant|Protect
|move|p2a: Leaf|Giga Drain|p1a: Trevenant
|-activate|p1a: Trevenant|move: Protect
|
|upkeep
|turn|35
|choice|move drainpunch|move gigadrain
|
|move|p1a: Trevenant|Drain Punch|p2a: Leaf
|-resisted|p2a: Leaf
|-damage|p2a: Leaf|327\/364
|-heal|p1a: Trevenant|154\/374|[from] drain|[of] p2a: Leaf
|move|p2a: Leaf|Giga Drain|p1a: Trevenant
|-resisted|p1a: Trevenant
|-activate|p1a: Trevenant|move: Substitute|[damage]
|-heal|p2a: Leaf|338\/364|[from] drain|[of] p1a: Trevenant
|
|-heal|p2a: Leaf|360\/364|[from] item: Leftovers
|upkeep
|turn|36
|choice|move protect|move gigadrain
|
|move|p1a: Trevenant|Protect|p1a: Trevenant
|-singleturn|p1a: Trevenant|Protect
|move|p2a: Leaf|Giga Drain|p1a: Trevenant
|-activate|p1a: Trevenant|move: Protect
|
|-heal|p2a: Leaf|364\/364|[from] item: Leftovers
|upkeep
|turn|37
|choice|move drainpunch|move gigadrain
|
|move|p1a: Trevenant|Drain Punch|p2a: Leaf
|-resisted|p2a: Leaf
|-damage|p2a: Leaf|326\/364
|-heal|p1a: Trevenant|173\/374|[from] drain|[of] p2a: Leaf
|move|p2a: Leaf|Giga Drain|p1a: Trevenant
|-resisted|p1a: Trevenant
|-end|p1a: Trevenant|Substitute
|-heal|p2a: Leaf|331\/364|[from] drain|[of] p1a: Trevenant
|
|-heal|p2a: Leaf|353\/364|[from] item: Leftovers
|upkeep
|turn|38
|choice|move substitute|move gigadrain
|
|move|p1a: Trevenant|Substitute|p1a: Trevenant
|-start|p1a: Trevenant|Substitute
|-damage|p1a: Trevenant|80\/374
|-enditem|p1a: Trevenant|Starf Berry|[eat]
|-boost|p1a: Trevenant|def|2
|move|p2a: Leaf|Giga Drain|p1a: Trevenant
|-resisted|p1a: Trevenant
|-activate|p1a: Trevenant|move: Substitute|[damage]
|-heal|p2a: Leaf|364\/364|[from] drain|[of] p1a: Trevenant
|
|-item|p1a: Trevenant|Starf Berry|[from] ability: Harvest
|upkeep
|-enditem|p1a: Trevenant|Starf Berry|[eat]
|-boost|p1a: Trevenant|atk|2
|turn|39
|choice|move protect|move gigadrain
|
|move|p1a: Trevenant|Protect|p1a: Trevenant
|-singleturn|p1a: Trevenant|Protect
|move|p2a: Leaf|Giga Drain|p1a: Trevenant
|-activate|p1a: Trevenant|move: Protect
|
|-item|p1a: Trevenant|Starf Berry|[from] ability: Harvest
|upkeep
|-enditem|p1a: Trevenant|Starf Berry|[eat]
|-boost|p1a: Trevenant|def|2
|turn|40
|choice|move protect|move gigadrain
|
|move|p1a: Trevenant|Protect|p1a: Trevenant
|-singleturn|p1a: Trevenant|Protect
|move|p2a: Leaf|Giga Drain|p1a: Trevenant
|-activate|p1a: Trevenant|move: Protect
|
|upkeep
|turn|41
|choice|move drainpunch|move roar
|
|move|p1a: Trevenant|Drain Punch|p2a: Leaf
|-resisted|p2a: Leaf
|-damage|p2a: Leaf|296\/364
|-heal|p1a: Trevenant|114\/374|[from] drain|[of] p2a: Leaf
|move|p2a: Leaf|Roar|p1a: Trevenant
|-fail|p1a: Trevenant
|
|-heal|p2a: Leaf|318\/364|[from] item: Leftovers
|upkeep
|turn|42
|choice|move protect|move gigadrain
|
|move|p1a: Trevenant|Protect|p1a: Trevenant
|-singleturn|p1a: Trevenant|Protect
|move|p2a: Leaf|Giga Drain|p1a: Trevenant
|-activate|p1a: Trevenant|move: Protect
|
|-heal|p2a: Leaf|340\/364|[from] item: Leftovers
|upkeep
|turn|43
|choice|move protect|move gigadrain
|
|move|p1a: Trevenant|Protect|p1a: Trevenant
|-fail|p1a: Trevenant
|move|p2a: Leaf|Giga Drain|p1a: Trevenant
|-resisted|p1a: Trevenant
|-activate|p1a: Trevenant|move: Substitute|[damage]
|-heal|p2a: Leaf|351\/364|[from] drain|[of] p1a: Trevenant
|
|-heal|p2a: Leaf|364\/364|[from] item: Leftovers
|upkeep
|turn|44
|choice|move substitute|move gigadrain
|
|move|p1a: Trevenant|Substitute|p1a: Trevenant
|-fail|p1a: Trevenant|move: Substitute
|move|p2a: Leaf|Giga Drain|p1a: Trevenant
|-resisted|p1a: Trevenant
|-activate|p1a: Trevenant|move: Substitute|[damage]
|
|-item|p1a: Trevenant|Starf Berry|[from] ability: Harvest
|upkeep
|turn|45
|choice|move substitute|move gigadrain
|
|move|p1a: Trevenant|Substitute|p1a: Trevenant
|-fail|p1a: Trevenant|move: Substitute
|move|p2a: Leaf|Giga Drain|p1a: Trevenant
|-resisted|p1a: Trevenant
|-activate|p1a: Trevenant|move: Substitute|[damage]
|
|upkeep
|turn|46
|choice|move substitute|move leechseed
|
|move|p1a: Trevenant|Substitute|p1a: Trevenant
|-fail|p1a: Trevenant|move: Substitute
|move|p2a: Leaf|Leech Seed|p1a: Trevenant|[miss]
|-miss|p2a: Leaf|p1a: Trevenant
|
|upkeep
|turn|47
|c|★Jesspro404|Ran out of pp
|choice|move hornleech|move leechseed
|
|move|p1a: Trevenant|Horn Leech|p2a: Leaf
|-resisted|p2a: Leaf
|-damage|p2a: Leaf|313\/364
|-heal|p1a: Trevenant|140\/374|[from] drain|[of] p2a: Leaf
|move|p2a: Leaf|Leech Seed|p1a: Trevenant
|-immune|p1a: Trevenant|[msg]
|
|-heal|p2a: Leaf|335\/364|[from] item: Leftovers
|upkeep
|turn|48
|choice|move substitute|move leechseed
|
|move|p1a: Trevenant|Substitute|p1a: Trevenant
|-fail|p1a: Trevenant|move: Substitute
|move|p2a: Leaf|Leech Seed|p1a: Trevenant
|-immune|p1a: Trevenant|[msg]
|
|-heal|p2a: Leaf|357\/364|[from] item: Leftovers
|upkeep
|turn|49
|choice|move hornleech|move leechseed
|
|move|p1a: Trevenant|Horn Leech|p2a: Leaf
|-resisted|p2a: Leaf
|-damage|p2a: Leaf|301\/364
|-heal|p1a: Trevenant|168\/374|[from] drain|[of] p2a: Leaf
|move|p2a: Leaf|Leech Seed|p1a: Trevenant
|-immune|p1a: Trevenant|[msg]
|
|-heal|p2a: Leaf|323\/364|[from] item: Leftovers
|upkeep
|turn|50
|choice|move hornleech|move leechseed
|
|move|p1a: Trevenant|Horn Leech|p2a: Leaf
|-resisted|p2a: Leaf
|-damage|p2a: Leaf|271\/364
|-heal|p1a: Trevenant|194\/374|[from] drain|[of] p2a: Leaf
|move|p2a: Leaf|Leech Seed|p1a: Trevenant
|-immune|p1a: Trevenant|[msg]
|
|-heal|p2a: Leaf|293\/364|[from] item: Leftovers
|upkeep
|turn|51
|choice|move hornleech|move leechseed
|
|move|p1a: Trevenant|Horn Leech|p2a: Leaf
|-resisted|p2a: Leaf
|-damage|p2a: Leaf|240\/364
|-heal|p1a: Trevenant|221\/374|[from] drain|[of] p2a: Leaf
|move|p2a: Leaf|Leech Seed|p1a: Trevenant
|-immune|p1a: Trevenant|[msg]
|
|-heal|p2a: Leaf|262\/364|[from] item: Leftovers
|upkeep
|turn|52
|choice|move hornleech|move leechseed
|
|move|p1a: Trevenant|Horn Leech|p2a: Leaf
|-resisted|p2a: Leaf
|-damage|p2a: Leaf|211\/364
|-heal|p1a: Trevenant|247\/374|[from] drain|[of] p2a: Leaf
|move|p2a: Leaf|Leech Seed|p1a: Trevenant
|-immune|p1a: Trevenant|[msg]
|
|-heal|p2a: Leaf|233\/364|[from] item: Leftovers
|upkeep
|turn|53
|choice|move hornleech|move leechseed
|
|move|p1a: Trevenant|Horn Leech|p2a: Leaf
|-resisted|p2a: Leaf
|-damage|p2a: Leaf|176\/364
|-heal|p1a: Trevenant|276\/374|[from] drain|[of] p2a: Leaf
|move|p2a: Leaf|Leech Seed|p1a: Trevenant|[miss]
|-miss|p2a: Leaf|p1a: Trevenant
|
|-heal|p2a: Leaf|198\/364|[from] item: Leftovers
|upkeep
|turn|54
|choice|move hornleech|move leechseed
|
|move|p1a: Trevenant|Horn Leech|p2a: Leaf
|-resisted|p2a: Leaf
|-damage|p2a: Leaf|145\/364
|-heal|p1a: Trevenant|303\/374|[from] drain|[of] p2a: Leaf
|move|p2a: Leaf|Leech Seed|p1a: Trevenant
|-immune|p1a: Trevenant|[msg]
|
|-heal|p2a: Leaf|167\/364|[from] item: Leftovers
|upkeep
|turn|55
|choice|move hornleech|move leechseed
|
|move|p1a: Trevenant|Horn Leech|p2a: Leaf
|-resisted|p2a: Leaf
|-damage|p2a: Leaf|110\/364
|-heal|p1a: Trevenant|332\/374|[from] drain|[of] p2a: Leaf
|move|p2a: Leaf|Leech Seed|p1a: Trevenant
|-immune|p1a: Trevenant|[msg]
|
|-heal|p2a: Leaf|132\/364|[from] item: Leftovers
|upkeep
|turn|56
|c|★Natschoup|trevenant >venusaur
|c|★Natschoup|:3
|choice|move hornleech|move leechseed
|
|move|p1a: Trevenant|Horn Leech|p2a: Leaf
|-resisted|p2a: Leaf
|-damage|p2a: Leaf|77\/364
|-heal|p1a: Trevenant|360\/374|[from] drain|[of] p2a: Leaf
|move|p2a: Leaf|Leech Seed|p1a: Trevenant
|-immune|p1a: Trevenant|[msg]
|
|-heal|p2a: Leaf|99\/364|[from] item: Leftovers
|upkeep
|turn|57
|c|★Jesspro404|I suck
|choice|move hornleech|move leechseed
|
|move|p1a: Trevenant|Horn Leech|p2a: Leaf
|-resisted|p2a: Leaf
|-damage|p2a: Leaf|45\/364
|-heal|p1a: Trevenant|374\/374|[from] drain|[of] p2a: Leaf
|move|p2a: Leaf|Leech Seed|p1a: Trevenant
|-immune|p1a: Trevenant|[msg]
|
|-heal|p2a: Leaf|67\/364|[from] item: Leftovers
|upkeep
|turn|58
|c|★Natschoup|gg ^^
|choice|move hornleech|move leechseed
|
|move|p1a: Trevenant|Horn Leech|p2a: Leaf
|-resisted|p2a: Leaf
|-damage|p2a: Leaf|16\/364
|move|p2a: Leaf|Leech Seed|p1a: Trevenant
|-immune|p1a: Trevenant|[msg]
|
|-heal|p2a: Leaf|38\/364|[from] item: Leftovers
|upkeep
|turn|59
|c|★Jesspro404|:.(
|choice|move drainpunch|move leechseed
|
|move|p1a: Trevenant|Drain Punch|p2a: Leaf
|-resisted|p2a: Leaf
|-damage|p2a: Leaf|0 fnt
|faint|p2a: Leaf
|
|win|Natschoup
|player|p1
|player|p2
|raw|Natschoup's rating: 1054 &rarr; <strong>1086<\/strong><br \/>(+32 for winning)
|raw|Jesspro404's rating: 1060 &rarr; <strong>1041<\/strong><br \/>(-19 for losing)
|c|★Natschoup|wp ^^
|c|★Jesspro404|Gg
|l|Jesspro404</script>
</div>
<div class="battle-log battle-log-inline"><div class="inner"><div class="battle-options"></div><div class="inner"><div class="chat"><small>Natschoup joined.</small></div><div class="chat"><small>Jesspro404 joined.</small></div><div class=""><small>Format:</small> <br><strong>RU</strong></div><div class="rated"><strong>Rated battle</strong></div><div class=""><small><em>Sleep Clause Mod:</em> Limit one foe put to sleep</small></div><div class=""><small><em>Species Clause:</em> Limit one of each Pokémon</small></div><div class=""><small><em>OHKO Clause:</em> OHKO moves are banned</small></div><div class=""><small><em>Moody Clause:</em> Moody is banned</small></div><div class=""><small><em>Evasion Moves Clause:</em> Evasion moves are banned</small></div><div class=""><small><em>Endless Battle Clause:</em> Forcing endless battles is banned</small></div><div class=""><small><em>HP Percentage Mod:</em> HP is shown in percentages</small></div><div class=""><small><em>Swagger Clause:</em> Swagger is banned</small></div><div class=""><small><em>Baton Pass Clause:</em> Limit one Baton Passer, can't pass Spe and other stats simultaneously</small></div><div class="chat battle-history"><strong>Natschoup's team:</strong> <em style="color:#445566;display:block;">Scrafty / Sigilyph / Trevenant / Cinccino / Absol / Glalie</em></div><div class="chat battle-history"><strong>Jesspro404's team:</strong> <em style="color:#445566;display:block;">Togetic / Typhlosion / Uxie / Venusaur / Virizion / Sceptile</em></div><div class="spacer battle-history"><br></div><div class="battle-history">Battle started between Natschoup and Jesspro404!<br></div><div class="spacer battle-history"><br></div><div class="battle-history">Go! <strong>Cinccino</strong>!<br></div><div class="spacer battle-history"><br></div><div class="battle-history">Jesspro404 sent out Cooper (<strong>Uxie</strong>)!<br></div><div class="spacer battle-history"><br></div><h2 class="battle-history">Turn 1</h2><div class="spacer battle-history"><br></div><div class="battle-history">Cinccino used <strong>U-turn</strong>!<br></div><div class="battle-history"><small>It's super effective!</small><br></div><div class="battle-history"><small>(The opposing Cooper lost <abbr title="−152/354">42.9%</abbr> of its health!)</small><br></div><div class="spacer battle-history"><br></div><div class="battle-history">Cinccino went back to Natschoup!<br></div><div class="battle-history">Go! <strong>Scrafty</strong>!<br></div><div class="spacer battle-history"><br></div><div class="battle-history">The opposing Cooper used <strong>Stealth Rock</strong>!<br></div><div class="battle-history"><small>Pointed stones float in the air around your team!</small><br></div><div class="spacer battle-history"><br></div><div class="battle-history"><small>The opposing Cooper restored a little HP using its Leftovers!</small><br></div><div class="spacer battle-history"><br></div><h2 class="battle-history">Turn 2</h2><div class="spacer battle-history"><br></div><div class="battle-history">The opposing Cooper used <strong>Yawn</strong>!<br></div><div class="battle-history"><small>Scrafty grew drowsy!</small><br></div><div class="spacer battle-history"><br></div><div class="battle-history">Scrafty used <strong>Bulk Up</strong>!<br></div><div class="battle-history"><small>Scrafty's Attack rose!</small><br></div><div class="battle-history"><small>Scrafty's Defense rose!</small><br></div><div class="spacer battle-history"><br></div><div class="battle-history"><small>The opposing Cooper restored a little HP using its Leftovers!</small><br></div><div class="spacer battle-history"><br></div><h2 class="battle-history">Turn 3</h2><div class="spacer battle-history"><br></div><div class="battle-history">The opposing Cooper used <strong>U-turn</strong>!<br></div><div class="battle-history"><small>(Scrafty lost <abbr title="−26/334">7.8%</abbr> of its health!)</small><br></div><div class="spacer battle-history"><br></div><div class="battle-history">The opposing Cooper went back to Jesspro404!<br></div><div class="battle-history">Jesspro404 sent out Togemedaru (<strong>Togetic</strong>)!<br></div><div class="spacer battle-history"><br></div><div class="battle-history">Scrafty used <strong>Knock Off</strong>!<br></div><div class="battle-history"><small>It's not very effective...</small><br></div><div class="battle-history"><small>(The opposing Togemedaru lost <abbr title="−89/314">28.3%</abbr> of its health!)</small><br></div><div class="battle-history"><small>Scrafty knocked off the opposing Togemedaru's Leftovers!</small><br></div><div class="spacer battle-history"><br></div><div class="battle-history"><small>Scrafty fell asleep!</small><br></div><div class="battle-history"><small>Scrafty restored a little HP using its Leftovers!</small><br></div><div class="spacer battle-history"><br></div><h2 class="battle-history">Turn 4</h2><div class="spacer battle-history"><br></div><div class="battle-history">Scrafty is fast asleep.<br></div><div class="spacer battle-history"><br></div><div class="battle-history">The opposing Togemedaru used <strong>Ancient Power</strong>!<br></div><div class="battle-history"><small>It's not very effective...</small><br></div><div class="battle-history"><small>(Scrafty lost <abbr title="−14/334">4.2%</abbr> of its health!)</small><br></div><div class="spacer battle-history"><br></div><div class="battle-history"><small>Scrafty restored a little HP using its Leftovers!</small><br></div><div class="spacer battle-history"><br></div><h2 class="battle-history">Turn 5</h2><div class="spacer battle-history"><br></div><div class="battle-history">Scrafty is fast asleep.<br></div><div class="spacer battle-history"><br></div><div class="battle-history">The opposing Togemedaru used <strong>Ancient Power</strong>!<br></div><div class="battle-history"><small>It's not very effective...</small><br></div><div class="battle-history"><small>(Scrafty lost <abbr title="−13/334">3.9%</abbr> of its health!)</small><br></div><div class="spacer battle-history"><br></div><div class="battle-history"><small>Scrafty restored a little HP using its Leftovers!</small><br></div><div class="spacer battle-history"><br></div><h2 class="battle-history">Turn 6</h2><div class="spacer battle-history"><br></div><div class="battle-history">Scrafty is fast asleep.<br></div><div class="spacer battle-history"><br></div><div class="battle-history">The opposing Togemedaru used <strong>Ancient Power</strong>!<br></div><div class="battle-history"><small>It's not very effective...</small><br></div><div class="battle-history"><small>(Scrafty lost <abbr title="−12/334">3.6%</abbr> of its health!)</small><br></div><div class="battle-history"><small>The opposing Togemedaru's Attack rose!</small><br></div><div class="battle-history"><small>The opposing Togemedaru's Defense rose!</small><br></div><div class="battle-history"><small>The opposing Togemedaru's Special Attack rose!</small><br></div><div class="battle-history"><small>The opposing Togemedaru's Special Defense rose!</small><br></div><div class="battle-history"><small>The opposing Togemedaru's Speed rose!</small><br></div><div class="spacer battle-history"><br></div><div class="battle-history"><small>Scrafty restored a little HP using its Leftovers!</small><br></div><div class="spacer battle-history"><br></div><h2 class="battle-history">Turn 7</h2><div class="spacer battle-history"><br></div><div class="battle-history">The opposing Togemedaru used <strong>Ancient Power</strong>!<br></div><div class="battle-history"><small>It's not very effective...</small><br></div><div class="battle-history"><small>(Scrafty lost <abbr title="−18/334">5.4%</abbr> of its health!)</small><br></div><div class="battle-history"><small>Scrafty woke up!</small><br></div><div class="spacer battle-history"><br></div><div class="battle-history">Scrafty used <strong>Bulk Up</strong>!<br></div><div class="battle-history"><small>Scrafty's Attack rose!</small><br></div><div class="battle-history"><small>Scrafty's Defense rose!</small><br></div><div class="spacer battle-history"><br></div><div class="battle-history"><small>Scrafty restored a little HP using its Leftovers!</small><br></div><div class="spacer battle-history"><br></div><h2 class="battle-history">Turn 8</h2><div class="spacer battle-history"><br></div><div class="battle-history">The opposing Togemedaru used <strong>Dazzling Gleam</strong>!<br></div><div class="battle-history"><small>It's super effective!</small><br></div><div class="battle-history"><small>(Scrafty lost <abbr title="−334/334">100%</abbr> of its health!)</small><br></div><div class="spacer battle-history"><br></div><div class="battle-history">Scrafty fainted!<br></div><div class="spacer battle-history"><br></div><div class="battle-history">Go! <strong>Glalie</strong>!<br></div><div class="battle-history"><small>Pointed stones dug into Glalie!</small><br></div><div class="spacer battle-history"><br></div><h2 class="battle-history">Turn 9</h2><div class="spacer battle-history"><br></div><div class="battle-history"><small>Glalie's Glalitite is reacting to Natschoup's Mega Bracelet!</small><br>Glalie has Mega Evolved into Mega Glalie!<br></div><div class="spacer battle-history"><br></div><div class="battle-history">Glalie used <strong>Ice Shard</strong>!<br></div><div class="battle-history"><small>It's super effective!</small><br></div><div class="battle-history"><small>(The opposing Togemedaru lost <abbr title="−114/314">36.3%</abbr> of its health!)</small><br></div><div class="spacer battle-history"><br></div><div class="battle-history">The opposing Togemedaru used <strong>Ancient Power</strong>!<br></div><div class="battle-history"><small>It's super effective!</small><br></div><div class="battle-history"><small>(Glalie lost <abbr title="−150/301">49.8%</abbr> of its health!)</small><br></div><div class="spacer battle-history"><br></div><h2 class="battle-history">Turn 10</h2><div class="spacer battle-history"><br></div><div class="battle-history">Glalie used <strong>Ice Shard</strong>!<br></div><div class="battle-history"><small>It's super effective!</small><br></div><div class="battle-history"><small>(The opposing Togemedaru lost <abbr title="−110/314">35.0%</abbr> of its health!)</small><br></div><div class="spacer battle-history"><br></div><div class="battle-history">The opposing Togemedaru used <strong>Soft-Boiled</strong>!<br></div><div class="battle-history"><small>The opposing Togemedaru restored its HP.</small><br></div><div class="spacer battle-history"><br></div><h2 class="battle-history">Turn 11</h2><div class="spacer battle-history"><br></div><div class="battle-history">Glalie used <strong>Freeze-Dry</strong>!<br></div><div class="battle-history"><small>It's super effective!</small><br></div><div class="battle-history"><small>(The opposing Togemedaru lost <abbr title="−74/314">23.6%</abbr> of its health!)</small><br></div><div class="spacer battle-history"><br></div><div class="battle-history">The opposing Togemedaru used <strong>Soft-Boiled</strong>!<br></div><div class="battle-history"><small>The opposing Togemedaru restored its HP.</small><br></div><div class="spacer battle-history"><br></div><h2 class="battle-history">Turn 12</h2><div class="spacer battle-history"><br></div><div class="battle-history">Glalie used <strong>Explosion</strong>!<br></div><div class="battle-history"><small>It's super effective!</small><br></div><div class="battle-history"><small>(The opposing Togemedaru lost <abbr title="−241/314">76.8%</abbr> of its health!)</small><br></div><div class="spacer battle-history"><br></div><div class="battle-history">Glalie fainted!<br></div><div class="battle-history">The opposing Togemedaru fainted!<br></div><div class="spacer battle-history"><br></div><div class="battle-history">Go! <strong>Cinccino</strong>!<br></div><div class="spacer battle-history"><br></div><div class="battle-history">Jesspro404 sent out Stroke (<strong>Typhlosion</strong>)!<br></div><div class="battle-history"><small>Pointed stones dug into Cinccino!</small><br></div><div class="spacer battle-history"><br></div><h2 class="battle-history">Turn 13</h2><div class="spacer battle-history"><br></div><div class="battle-history">The opposing Stroke used <strong>Eruption</strong>!<br></div><div class="battle-history"><small>(Cinccino lost <abbr title="−255/291">87.6%</abbr> of its health!)</small><br></div><div class="spacer battle-history"><br></div><div class="battle-history">Cinccino fainted!<br></div><div class="spacer battle-history"><br></div><div class="battle-history">Go! <strong>Absol</strong>!<br></div><div class="battle-history"><small>Pointed stones dug into Absol!</small><br></div><div class="spacer battle-history"><br></div><h2 class="battle-history">Turn 14</h2><div class="spacer battle-history"><br></div><div class="battle-history">Absol used <strong>Sucker Punch</strong>!<br></div><div class="battle-history"><small>(The opposing Stroke lost <abbr title="−186/297">62.6%</abbr> of its health!)</small><br></div><div class="spacer battle-history"><br></div><div class="battle-history">The opposing Stroke used <strong>Eruption</strong>!<br></div><div class="battle-history"><small>(Absol lost <abbr title="−166/272">61.0%</abbr> of its health!)</small><br></div><div class="spacer battle-history"><br></div><h2 class="battle-history">Turn 15</h2><div class="spacer battle-history"><br></div><div class="battle-history">Absol used <strong>Sucker Punch</strong>!<br></div><div class="battle-history"><small>A critical hit!</small><br></div><div class="battle-history"><small>(The opposing Stroke lost <abbr title="−111/297">37.4%</abbr> of its health!)</small><br></div><div class="spacer battle-history"><br></div><div class="battle-history">The opposing Stroke fainted!<br></div><div class="spacer battle-history"><br></div><div class="battle-history">Jesspro404 sent out Cooper (<strong>Uxie</strong>)!<br></div><div class="spacer battle-history"><br></div><h2 class="battle-history">Turn 16</h2><div class="spacer battle-history"><br></div><div class="battle-history">Absol used <strong>Night Slash</strong>!<br></div><div class="battle-history"><small>It's super effective!</small><br></div><div class="battle-history"><small>A critical hit!</small><br></div><div class="battle-history"><small>(The opposing Cooper lost <abbr title="−246/354">69.5%</abbr> of its health!)</small><br></div><div class="spacer battle-history"><br></div><div class="battle-history">The opposing Cooper fainted!<br></div><div class="spacer battle-history"><br></div><div class="battle-history">Jesspro404 sent out Amazon (<strong>Virizion</strong>)!<br></div><div class="spacer battle-history"><br></div><h2 class="battle-history">Turn 17</h2><div class="spacer battle-history"><br></div><div class="battle-history">The opposing Amazon used <strong>Swords Dance</strong>!<br></div><div class="battle-history"><small>The opposing Amazon's Attack rose sharply!</small><br></div><div class="spacer battle-history"><br></div><div class="battle-history">Absol used <strong>Psycho Cut</strong>!<br></div><div class="battle-history"><small>It's super effective!</small><br></div><div class="battle-history"><small>A critical hit!</small><br></div><div class="battle-history"><small>(The opposing Amazon lost <abbr title="−323/323">100%</abbr> of its health!)</small><br></div><div class="spacer battle-history"><br></div><div class="battle-history">The opposing Amazon fainted!<br></div><div class="spacer battle-history"><br></div><div class="battle-history">Jesspro404 sent out Dust (<strong>Sceptile</strong>)!<br></div><div class="spacer battle-history"><br></div><h2 class="battle-history">Turn 18</h2><div class="spacer battle-history"><br></div><div class="battle-history">The opposing Dust used <strong>Leaf Storm</strong>!<br></div><div class="battle-history"><small>(Absol lost <abbr title="−72/272">26.5%</abbr> of its health!)</small><br></div><div class="battle-history"><small>The opposing Dust's Special Attack fell harshly!</small><br></div><div class="battle-history"><small>The opposing Dust returned its status to normal using its White Herb!</small><br></div><div class="spacer battle-history"><br></div><div class="battle-history">Absol fainted!<br></div><div class="spacer battle-history"><br></div><div class="battle-history">Go! <strong>Sigilyph</strong>!<br></div><div class="battle-history"><small>Pointed stones dug into Sigilyph!</small><br></div><div class="spacer battle-history"><br></div><h2 class="battle-history">Turn 19</h2><div class="spacer battle-history"><br></div><div class="battle-history">The opposing Dust used <strong>Dragon Pulse</strong>!<br></div><div class="battle-history"><small>A critical hit!</small><br></div><div class="battle-history"><small>(Sigilyph lost <abbr title="−164/348">47.1%</abbr> of its health!)</small><br></div><div class="spacer battle-history"><br></div><div class="battle-history">Sigilyph used <strong>Cosmic Power</strong>!<br></div><div class="battle-history"><small>Sigilyph's Defense rose!</small><br></div><div class="battle-history"><small>Sigilyph's Special Defense rose!</small><br></div><div class="spacer battle-history"><br></div><div class="battle-history"><small>Sigilyph was burned!</small><br></div><div class="spacer battle-history"><br></div><h2 class="battle-history">Turn 20</h2><div class="spacer battle-history"><br></div><div class="battle-history">The opposing Dust used <strong>Dragon Pulse</strong>!<br></div><div class="battle-history"><small>(Sigilyph lost <abbr title="−84/348">24.1%</abbr> of its health!)</small><br></div><div class="spacer battle-history"><br></div><div class="battle-history">Sigilyph used <strong>Roost</strong>!<br></div><div class="battle-history"><small>Sigilyph restored its HP.</small><br></div><div class="spacer battle-history"><br></div><div class="battle-history"><small>Sigilyph was hurt by its burn!</small><br></div><div class="spacer battle-history"><br></div><h2 class="battle-history">Turn 21</h2><div class="spacer battle-history"><br></div><div class="battle-history">The opposing Dust used <strong>Dragon Pulse</strong>!<br></div><div class="battle-history"><small>(Sigilyph lost <abbr title="−80/348">23.0%</abbr> of its health!)</small><br></div><div class="spacer battle-history"><br></div><div class="battle-history">Sigilyph used <strong>Psycho Shift</strong>!<br></div><div class="battle-history"><small>The opposing Dust was burned!</small><br></div><div class="battle-history"><small>Sigilyph's burn was healed.</small><br></div><div class="spacer battle-history"><br></div><div class="battle-history"><small>The opposing Dust was hurt by its burn!</small><br></div><div class="battle-history"><small>Sigilyph was burned!</small><br></div><div class="spacer battle-history"><br></div><h2 class="battle-history">Turn 22</h2><div class="spacer battle-history"><br></div><div class="battle-history">The opposing Dust used <strong>Dragon Pulse</strong>!<br></div><div class="battle-history"><small>(Sigilyph lost <abbr title="−64/348">18.4%</abbr> of its health!)</small><br></div><div class="spacer battle-history"><br></div><div class="battle-history">Sigilyph fainted!<br></div><div class="spacer battle-history"><br></div><div class="battle-history"><small>The opposing Dust was hurt by its burn!</small><br></div><div class="spacer battle-history"><br></div><div class="battle-history">Go! <strong>Trevenant</strong>!<br></div><div class="battle-history"><small>Pointed stones dug into Trevenant!</small><br></div><div class="spacer battle-history"><br></div><h2 class="battle-history">Turn 23</h2><div class="spacer battle-history"><br></div><div class="battle-history">The opposing Dust used <strong>Dragon Pulse</strong>!<br></div><div class="battle-history"><small>(Trevenant lost <abbr title="−91/374">24.3%</abbr> of its health!)</small><br></div><div class="spacer battle-history"><br></div><div class="battle-history">Trevenant used <strong>Substitute</strong>!<br></div><div class="battle-history"><small>Trevenant put in a substitute!</small><br></div><div class="battle-history"><small>(Trevenant lost <abbr title="−93/374">24.9%</abbr> of its health!)</small><br></div><div class="spacer battle-history"><br></div><div class="battle-history"><small>The opposing Dust was hurt by its burn!</small><br></div><div class="spacer battle-history"><br></div><h2 class="battle-history">Turn 24</h2><div class="spacer battle-history"><br></div><div class="battle-history">The opposing Dust used <strong>Dragon Pulse</strong>!<br></div><div class="battle-history"><small>Trevenant's substitute faded!</small><br></div><div class="spacer battle-history"><br></div><div class="battle-history">Trevenant used <strong>Horn Leech</strong>!<br></div><div class="battle-history"><small>It's not very effective...</small><br></div><div class="battle-history"><small>(The opposing Dust lost <abbr title="−66/281">23.5%</abbr> of its health!)</small><br></div><div class="battle-history"><small>The opposing Dust had its energy drained!</small><br></div><div class="spacer battle-history"><br></div><div class="battle-history"><small>The opposing Dust was hurt by its burn!</small><br></div><div class="spacer battle-history"><br></div><h2 class="battle-history">Turn 25</h2><div class="spacer battle-history"><br></div><div class="battle-history">Jesspro404 withdrew Dust!<br></div><div class="battle-history">Jesspro404 sent out Leaf (<strong>Venusaur</strong>)!<br></div><div class="spacer battle-history"><br></div><div class="battle-history">Trevenant used <strong>Substitute</strong>!<br></div><div class="battle-history"><small>Trevenant put in a substitute!</small><br></div><div class="battle-history"><small>(Trevenant lost <abbr title="−93/374">24.9%</abbr> of its health!)</small><br></div><div class="battle-history"><small>Trevenant ate its Starf Berry!</small><br></div><div class="battle-history"><small>Trevenant's Speed rose sharply!</small><br></div><div class="spacer battle-history"><br></div><div class="battle-history"><small>[Trevenant's Harvest]</small><br><small>Trevenant harvested one Starf Berry!</small><br></div><div class="spacer battle-history"><br></div><div class="battle-history"><small>Trevenant ate its Starf Berry!</small><br></div><div class="battle-history"><small>Trevenant's Special Defense rose sharply!</small><br></div><div class="spacer battle-history"><br></div><h2 class="battle-history">Turn 26</h2><div class="spacer battle-history"><br></div><div class="battle-history">Trevenant used <strong>Drain Punch</strong>!<br></div><div class="battle-history"><small>It's not very effective...</small><br></div><div class="battle-history"><small>(The opposing Leaf lost <abbr title="−40/364">11.0%</abbr> of its health!)</small><br></div><div class="battle-history"><small>The opposing Leaf had its energy drained!</small><br></div><div class="spacer battle-history"><br></div><div class="battle-history">The opposing Leaf used <strong>Leech Seed</strong>!<br></div><div class="battle-history"><small>It doesn't affect Trevenant...</small><br></div><div class="spacer battle-history"><br></div><div class="battle-history"><small>The opposing Leaf restored a little HP using its Leftovers!</small><br></div><div class="battle-history"><small>[Trevenant's Harvest]</small><br><small>Trevenant harvested one Starf Berry!</small><br></div><div class="spacer battle-history"><br></div><h2 class="battle-history">Turn 27</h2><div class="spacer battle-history"><br></div><div class="battle-history">Jesspro404 withdrew Leaf!<br></div><div class="battle-history">Jesspro404 sent out Dust (<strong>Sceptile</strong>)!<br></div><div class="spacer battle-history"><br></div><div class="battle-history">Trevenant used <strong>Horn Leech</strong>!<br></div><div class="battle-history"><small>It's not very effective...</small><br></div><div class="battle-history"><small>(The opposing Dust lost <abbr title="−73/281">26.0%</abbr> of its health!)</small><br></div><div class="battle-history"><small>The opposing Dust had its energy drained!</small><br></div><div class="spacer battle-history"><br></div><div class="battle-history"><small>The opposing Dust was hurt by its burn!</small><br></div><div class="spacer battle-history"><br></div><div class="battle-history">The opposing Dust fainted!<br></div><div class="spacer battle-history"><br></div><div class="battle-history">Jesspro404 sent out Leaf (<strong>Venusaur</strong>)!<br></div><div class="spacer battle-history"><br></div><h2 class="battle-history">Turn 28</h2><div class="spacer battle-history"><br></div><div class="battle-history">Trevenant used <strong>Horn Leech</strong>!<br></div><div class="battle-history"><small>It's not very effective...</small><br></div><div class="battle-history"><small>(The opposing Leaf lost <abbr title="−26/364">7.1%</abbr> of its health!)</small><br></div><div class="battle-history"><small>The opposing Leaf had its energy drained!</small><br></div><div class="spacer battle-history"><br></div><div class="battle-history">The opposing Leaf used <strong>Sleep Powder</strong>!<br></div><div class="battle-history"><small>It doesn't affect Trevenant...</small><br></div><div class="spacer battle-history"><br></div><div class="battle-history"><small>The opposing Leaf restored a little HP using its Leftovers!</small><br></div><div class="spacer battle-history"><br></div><h2 class="battle-history">Turn 29</h2><div class="spacer battle-history"><br></div><div class="battle-history">Trevenant used <strong>Drain Punch</strong>!<br></div><div class="battle-history"><small>It's not very effective...</small><br></div><div class="battle-history"><small>(The opposing Leaf lost <abbr title="−35/364">9.6%</abbr> of its health!)</small><br></div><div class="battle-history"><small>The opposing Leaf had its energy drained!</small><br></div><div class="spacer battle-history"><br></div><div class="battle-history">The opposing Leaf used <strong>Giga Drain</strong>!<br></div><div class="battle-history"><small>It's not very effective...</small><br></div><div class="battle-history"><small>The substitute took damage for Trevenant!</small><br></div><div class="battle-history"><small>Trevenant had its energy drained!</small><br></div><div class="spacer battle-history"><br></div><div class="battle-history"><small>The opposing Leaf restored a little HP using its Leftovers!</small><br></div><div class="spacer battle-history"><br></div><h2 class="battle-history">Turn 30</h2><div class="spacer battle-history"><br></div><div class="battle-history">Trevenant used <strong>Drain Punch</strong>!<br></div><div class="battle-history"><small>It's not very effective...</small><br></div><div class="battle-history"><small>(The opposing Leaf lost <abbr title="−34/364">9.3%</abbr> of its health!)</small><br></div><div class="battle-history"><small>The opposing Leaf had its energy drained!</small><br></div><div class="spacer battle-history"><br></div><div class="battle-history">The opposing Leaf used <strong>Giga Drain</strong>!<br></div><div class="battle-history"><small>It's not very effective...</small><br></div><div class="battle-history"><small>The substitute took damage for Trevenant!</small><br></div><div class="battle-history"><small>Trevenant had its energy drained!</small><br></div><div class="spacer battle-history"><br></div><div class="battle-history"><small>The opposing Leaf restored a little HP using its Leftovers!</small><br></div><div class="spacer battle-history"><br></div><h2 class="battle-history">Turn 31</h2><div class="spacer battle-history"><br></div><div class="battle-history">Trevenant used <strong>Drain Punch</strong>!<br></div><div class="battle-history"><small>It's not very effective...</small><br></div><div class="battle-history"><small>(The opposing Leaf lost <abbr title="−37/364">10.2%</abbr> of its health!)</small><br></div><div class="battle-history"><small>The opposing Leaf had its energy drained!</small><br></div><div class="spacer battle-history"><br></div><div class="battle-history">The opposing Leaf used <strong>Giga Drain</strong>!<br></div><div class="battle-history"><small>It's not very effective...</small><br></div><div class="battle-history"><small>The substitute took damage for Trevenant!</small><br></div><div class="battle-history"><small>Trevenant had its energy drained!</small><br></div><div class="spacer battle-history"><br></div><div class="battle-history"><small>The opposing Leaf restored a little HP using its Leftovers!</small><br></div><div class="spacer battle-history"><br></div><h2 class="battle-history">Turn 32</h2><div class="spacer battle-history"><br></div><div class="battle-history">Trevenant used <strong>Drain Punch</strong>!<br></div><div class="battle-history"><small>It's not very effective...</small><br></div><div class="battle-history"><small>(The opposing Leaf lost <abbr title="−39/364">10.7%</abbr> of its health!)</small><br></div><div class="battle-history"><small>The opposing Leaf had its energy drained!</small><br></div><div class="spacer battle-history"><br></div><div class="battle-history">The opposing Leaf used <strong>Giga Drain</strong>!<br></div><div class="battle-history"><small>It's not very effective...</small><br></div><div class="battle-history"><small>A critical hit!</small><br></div><div class="battle-history"><small>Trevenant's substitute faded!</small><br></div><div class="battle-history"><small>Trevenant had its energy drained!</small><br></div><div class="spacer battle-history"><br></div><div class="battle-history"><small>The opposing Leaf restored a little HP using its Leftovers!</small><br></div><div class="spacer battle-history"><br></div><h2 class="battle-history">Turn 33</h2><div class="spacer battle-history"><br></div><div class="battle-history">Trevenant used <strong>Substitute</strong>!<br></div><div class="battle-history"><small>Trevenant put in a substitute!</small><br></div><div class="battle-history"><small>(Trevenant lost <abbr title="−93/374">24.9%</abbr> of its health!)</small><br></div><div class="spacer battle-history"><br></div><div class="battle-history">The opposing Leaf used <strong>Giga Drain</strong>!<br></div><div class="battle-history"><small>It's not very effective...</small><br></div><div class="battle-history"><small>A critical hit!</small><br></div><div class="battle-history"><small>The substitute took damage for Trevenant!</small><br></div><div class="battle-history"><small>Trevenant had its energy drained!</small><br></div><div class="spacer battle-history"><br></div><h2 class="battle-history">Turn 34</h2><div class="spacer battle-history"><br></div><div class="battle-history">Trevenant used <strong>Protect</strong>!<br></div><div class="battle-history"><small>Trevenant protected itself!</small><br></div><div class="spacer battle-history"><br></div><div class="battle-history">The opposing Leaf used <strong>Giga Drain</strong>!<br></div><div class="battle-history"><small>Trevenant protected itself!</small><br></div><div class="spacer battle-history"><br></div><h2 class="battle-history">Turn 35</h2><div class="spacer battle-history"><br></div><div class="battle-history">Trevenant used <strong>Drain Punch</strong>!<br></div><div class="battle-history"><small>It's not very effective...</small><br></div><div class="battle-history"><small>(The opposing Leaf lost <abbr title="−37/364">10.2%</abbr> of its health!)</small><br></div><div class="battle-history"><small>The opposing Leaf had its energy drained!</small><br></div><div class="spacer battle-history"><br></div><div class="battle-history">The opposing Leaf used <strong>Giga Drain</strong>!<br></div><div class="battle-history"><small>It's not very effective...</small><br></div><div class="battle-history"><small>The substitute took damage for Trevenant!</small><br></div><div class="battle-history"><small>Trevenant had its energy drained!</small><br></div><div class="spacer battle-history"><br></div><div class="battle-history"><small>The opposing Leaf restored a little HP using its Leftovers!</small><br></div><div class="spacer battle-history"><br></div><h2 class="battle-history">Turn 36</h2><div class="spacer battle-history"><br></div><div class="battle-history">Trevenant used <strong>Protect</strong>!<br></div><div class="battle-history"><small>Trevenant protected itself!</small><br></div><div class="spacer battle-history"><br></div><div class="battle-history">The opposing Leaf used <strong>Giga Drain</strong>!<br></div><div class="battle-history"><small>Trevenant protected itself!</small><br></div><div class="spacer battle-history"><br></div><div class="battle-history"><small>The opposing Leaf restored a little HP using its Leftovers!</small><br></div><div class="spacer battle-history"><br></div><h2 class="battle-history">Turn 37</h2><div class="spacer battle-history"><br></div><div class="battle-history">Trevenant used <strong>Drain Punch</strong>!<br></div><div class="battle-history"><small>It's not very effective...</small><br></div><div class="battle-history"><small>(The opposing Leaf lost <abbr title="−38/364">10.4%</abbr> of its health!)</small><br></div><div class="battle-history"><small>The opposing Leaf had its energy drained!</small><br></div><div class="spacer battle-history"><br></div><div class="battle-history">The opposing Leaf used <strong>Giga Drain</strong>!<br></div><div class="battle-history"><small>It's not very effective...</small><br></div><div class="battle-history"><small>Trevenant's substitute faded!</small><br></div><div class="battle-history"><small>Trevenant had its energy drained!</small><br></div><div class="spacer battle-history"><br></div><div class="battle-history"><small>The opposing Leaf restored a little HP using its Leftovers!</small><br></div><div class="spacer battle-history"><br></div><h2 class="battle-history">Turn 38</h2><div class="spacer battle-history"><br></div><div class="battle-history">Trevenant used <strong>Substitute</strong>!<br></div><div class="battle-history"><small>Trevenant put in a substitute!</small><br></div><div class="battle-history"><small>(Trevenant lost <abbr title="−93/374">24.9%</abbr> of its health!)</small><br></div><div class="battle-history"><small>Trevenant ate its Starf Berry!</small><br></div><div class="battle-history"><small>Trevenant's Defense rose sharply!</small><br></div><div class="spacer battle-history"><br></div><div class="battle-history">The opposing Leaf used <strong>Giga Drain</strong>!<br></div><div class="battle-history"><small>It's not very effective...</small><br></div><div class="battle-history"><small>The substitute took damage for Trevenant!</small><br></div><div class="battle-history"><small>Trevenant had its energy drained!</small><br></div><div class="spacer battle-history"><br></div><div class="battle-history"><small>[Trevenant's Harvest]</small><br><small>Trevenant harvested one Starf Berry!</small><br></div><div class="spacer battle-history"><br></div><div class="battle-history"><small>Trevenant ate its Starf Berry!</small><br></div><div class="battle-history"><small>Trevenant's Attack rose sharply!</small><br></div><div class="spacer battle-history"><br></div><h2 class="battle-history">Turn 39</h2><div class="spacer battle-history"><br></div><div class="battle-history">Trevenant used <strong>Protect</strong>!<br></div><div class="battle-history"><small>Trevenant protected itself!</small><br></div><div class="spacer battle-history"><br></div><div class="battle-history">The opposing Leaf used <strong>Giga Drain</strong>!<br></div><div class="battle-history"><small>Trevenant protected itself!</small><br></div><div class="spacer battle-history"><br></div><div class="battle-history"><small>[Trevenant's Harvest]</small><br><small>Trevenant harvested one Starf Berry!</small><br></div><div class="spacer battle-history"><br></div><div class="battle-history"><small>Trevenant ate its Starf Berry!</small><br></div><div class="battle-history"><small>Trevenant's Defense rose sharply!</small><br></div><div class="spacer battle-history"><br></div><h2 class="battle-history">Turn 40</h2><div class="spacer battle-history"><br></div><div class="battle-history">Trevenant used <strong>Protect</strong>!<br></div><div class="battle-history"><small>Trevenant protected itself!</small><br></div><div class="spacer battle-history"><br></div><div class="battle-history">The opposing Leaf used <strong>Giga Drain</strong>!<br></div><div class="battle-history"><small>Trevenant protected itself!</small><br></div><div class="spacer battle-history"><br></div><h2 class="battle-history">Turn 41</h2><div class="spacer battle-history"><br></div><div class="battle-history">Trevenant used <strong>Drain Punch</strong>!<br></div><div class="battle-history"><small>It's not very effective...</small><br></div><div class="battle-history"><small>(The opposing Leaf lost <abbr title="−68/364">18.7%</abbr> of its health!)</small><br></div><div class="battle-history"><small>The opposing Leaf had its energy drained!</small><br></div><div class="spacer battle-history"><br></div><div class="battle-history">The opposing Leaf used <strong>Roar</strong>!<br></div><div class="battle-history"><small>But it failed!</small><br></div><div class="spacer battle-history"><br></div><div class="battle-history"><small>The opposing Leaf restored a little HP using its Leftovers!</small><br></div><div class="spacer battle-history"><br></div><h2 class="battle-history">Turn 42</h2><div class="spacer battle-history"><br></div><div class="battle-history">Trevenant used <strong>Protect</strong>!<br></div><div class="battle-history"><small>Trevenant protected itself!</small><br></div><div class="spacer battle-history"><br></div><div class="battle-history">The opposing Leaf used <strong>Giga Drain</strong>!<br></div><div class="battle-history"><small>Trevenant protected itself!</small><br></div><div class="spacer battle-history"><br></div><div class="battle-history"><small>The opposing Leaf restored a little HP using its Leftovers!</small><br></div><div class="spacer battle-history"><br></div><h2 class="battle-history">Turn 43</h2><div class="spacer battle-history"><br></div><div class="battle-history">Trevenant used <strong>Protect</strong>!<br></div><div class="battle-history"><small>But it failed!</small><br></div><div class="spacer battle-history"><br></div><div class="battle-history">The opposing Leaf used <strong>Giga Drain</strong>!<br></div><div class="battle-history"><small>It's not very effective...</small><br></div><div class="battle-history"><small>The substitute took damage for Trevenant!</small><br></div><div class="battle-history"><small>Trevenant had its energy drained!</small><br></div><div class="spacer battle-history"><br></div><div class="battle-history"><small>The opposing Leaf restored a little HP using its Leftovers!</small><br></div><div class="spacer battle-history"><br></div><h2 class="battle-history">Turn 44</h2><div class="spacer battle-history"><br></div><div class="battle-history">Trevenant used <strong>Substitute</strong>!<br></div><div class="battle-history"><small>Trevenant already has a substitute!</small><br></div><div class="spacer battle-history"><br></div><div class="battle-history">The opposing Leaf used <strong>Giga Drain</strong>!<br></div><div class="battle-history"><small>It's not very effective...</small><br></div><div class="battle-history"><small>The substitute took damage for Trevenant!</small><br></div><div class="spacer battle-history"><br></div><div class="battle-history"><small>[Trevenant's Harvest]</small><br><small>Trevenant harvested one Starf Berry!</small><br></div><div class="spacer battle-history"><br></div><h2 class="battle-history">Turn 45</h2><div class="spacer battle-history"><br></div><div class="battle-history">Trevenant used <strong>Substitute</strong>!<br></div><div class="battle-history"><small>Trevenant already has a substitute!</small><br></div><div class="spacer battle-history"><br></div><div class="battle-history">The opposing Leaf used <strong>Giga Drain</strong>!<br></div><div class="battle-history"><small>It's not very effective...</small><br></div><div class="battle-history"><small>The substitute took damage for Trevenant!</small><br></div><div class="spacer battle-history"><br></div><h2 class="battle-history">Turn 46</h2><div class="spacer battle-history"><br></div><div class="battle-history">Trevenant used <strong>Substitute</strong>!<br></div><div class="battle-history"><small>Trevenant already has a substitute!</small><br></div><div class="spacer battle-history"><br></div><div class="battle-history">The opposing Leaf used <strong>Leech Seed</strong>!<br></div><div class="battle-history"><small>Trevenant avoided the attack!</small><br></div><div class="spacer battle-history"><br></div><h2 class="battle-history">Turn 47</h2><div class="chat chatmessage-jesspro404"><strong style="color:hsl(262,40%,57.969621826280196%)"><small>★</small><span class="username" data-name="Jesspro404">Jesspro404</span>:</strong> <em>Ran out of pp</em></div><div class="spacer battle-history"><br></div><div class="battle-history">Trevenant used <strong>Horn Leech</strong>!<br></div><div class="battle-history"><small>It's not very effective...</small><br></div><div class="battle-history"><small>(The opposing Leaf lost <abbr title="−51/364">14.0%</abbr> of its health!)</small><br></div><div class="battle-history"><small>The opposing Leaf had its energy drained!</small><br></div><div class="spacer battle-history"><br></div><div class="battle-history">The opposing Leaf used <strong>Leech Seed</strong>!<br></div><div class="battle-history"><small>It doesn't affect Trevenant...</small><br></div><div class="spacer battle-history"><br></div><div class="battle-history"><small>The opposing Leaf restored a little HP using its Leftovers!</small><br></div><div class="spacer battle-history"><br></div><h2 class="battle-history">Turn 48</h2><div class="spacer battle-history"><br></div><div class="battle-history">Trevenant used <strong>Substitute</strong>!<br></div><div class="battle-history"><small>Trevenant already has a substitute!</small><br></div><div class="spacer battle-history"><br></div><div class="battle-history">The opposing Leaf used <strong>Leech Seed</strong>!<br></div><div class="battle-history"><small>It doesn't affect Trevenant...</small><br></div><div class="spacer battle-history"><br></div><div class="battle-history"><small>The opposing Leaf restored a little HP using its Leftovers!</small><br></div><div class="spacer battle-history"><br></div><h2 class="battle-history">Turn 49</h2><div class="spacer battle-history"><br></div><div class="battle-history">Trevenant used <strong>Horn Leech</strong>!<br></div><div class="battle-history"><small>It's not very effective...</small><br></div><div class="battle-history"><small>(The opposing Leaf lost <abbr title="−56/364">15.4%</abbr> of its health!)</small><br></div><div class="battle-history"><small>The opposing Leaf had its energy drained!</small><br></div><div class="spacer battle-history"><br></div><div class="battle-history">The opposing Leaf used <strong>Leech Seed</strong>!<br></div><div class="battle-history"><small>It doesn't affect Trevenant...</small><br></div><div class="spacer battle-history"><br></div><div class="battle-history"><small>The opposing Leaf restored a little HP using its Leftovers!</small><br></div><div class="spacer battle-history"><br></div><h2 class="battle-history">Turn 50</h2><div class="spacer battle-history"><br></div><div class="battle-history">Trevenant used <strong>Horn Leech</strong>!<br></div><div class="battle-history"><small>It's not very effective...</small><br></div><div class="battle-history"><small>(The opposing Leaf lost <abbr title="−52/364">14.3%</abbr> of its health!)</small><br></div><div class="battle-history"><small>The opposing Leaf had its energy drained!</small><br></div><div class="spacer battle-history"><br></div><div class="battle-history">The opposing Leaf used <strong>Leech Seed</strong>!<br></div><div class="battle-history"><small>It doesn't affect Trevenant...</small><br></div><div class="spacer battle-history"><br></div><div class="battle-history"><small>The opposing Leaf restored a little HP using its Leftovers!</small><br></div><div class="spacer battle-history"><br></div><h2 class="battle-history">Turn 51</h2><div class="spacer battle-history"><br></div><div class="battle-history">Trevenant used <strong>Horn Leech</strong>!<br></div><div class="battle-history"><small>It's not very effective...</small><br></div><div class="battle-history"><small>(The opposing Leaf lost <abbr title="−53/364">14.6%</abbr> of its health!)</small><br></div><div class="battle-history"><small>The opposing Leaf had its energy drained!</small><br></div><div class="spacer battle-history"><br></div><div class="battle-history">The opposing Leaf used <strong>Leech Seed</strong>!<br></div><div class="battle-history"><small>It doesn't affect Trevenant...</small><br></div><div class="spacer battle-history"><br></div><div class="battle-history"><small>The opposing Leaf restored a little HP using its Leftovers!</small><br></div><div class="spacer battle-history"><br></div><h2 class="battle-history">Turn 52</h2><div class="spacer battle-history"><br></div><div class="battle-history">Trevenant used <strong>Horn Leech</strong>!<br></div><div class="battle-history"><small>It's not very effective...</small><br></div><div class="battle-history"><small>(The opposing Leaf lost <abbr title="−51/364">14.0%</abbr> of its health!)</small><br></div><div class="battle-history"><small>The opposing Leaf had its energy drained!</small><br></div><div class="spacer battle-history"><br></div><div class="battle-history">The opposing Leaf used <strong>Leech Seed</strong>!<br></div><div class="battle-history"><small>It doesn't affect Trevenant...</small><br></div><div class="spacer battle-history"><br></div><div class="battle-history"><small>The opposing Leaf restored a little HP using its Leftovers!</small><br></div><div class="spacer battle-history"><br></div><h2 class="battle-history">Turn 53</h2><div class="spacer battle-history"><br></div><div class="battle-history">Trevenant used <strong>Horn Leech</strong>!<br></div><div class="battle-history"><small>It's not very effective...</small><br></div><div class="battle-history"><small>(The opposing Leaf lost <abbr title="−57/364">15.7%</abbr> of its health!)</small><br></div><div class="battle-history"><small>The opposing Leaf had its energy drained!</small><br></div><div class="spacer battle-history"><br></div><div class="battle-history">The opposing Leaf used <strong>Leech Seed</strong>!<br></div><div class="battle-history"><small>Trevenant avoided the attack!</small><br></div><div class="spacer battle-history"><br></div><div class="battle-history"><small>The opposing Leaf restored a little HP using its Leftovers!</small><br></div><div class="spacer battle-history"><br></div><h2 class="battle-history">Turn 54</h2><div class="spacer battle-history"><br></div><div class="battle-history">Trevenant used <strong>Horn Leech</strong>!<br></div><div class="battle-history"><small>It's not very effective...</small><br></div><div class="battle-history"><small>(The opposing Leaf lost <abbr title="−53/364">14.6%</abbr> of its health!)</small><br></div><div class="battle-history"><small>The opposing Leaf had its energy drained!</small><br></div><div class="spacer battle-history"><br></div><div class="battle-history">The opposing Leaf used <strong>Leech Seed</strong>!<br></div><div class="battle-history"><small>It doesn't affect Trevenant...</small><br></div><div class="spacer battle-history"><br></div><div class="battle-history"><small>The opposing Leaf restored a little HP using its Leftovers!</small><br></div><div class="spacer battle-history"><br></div><h2 class="battle-history">Turn 55</h2><div class="spacer battle-history"><br></div><div class="battle-history">Trevenant used <strong>Horn Leech</strong>!<br></div><div class="battle-history"><small>It's not very effective...</small><br></div><div class="battle-history"><small>(The opposing Leaf lost <abbr title="−57/364">15.7%</abbr> of its health!)</small><br></div><div class="battle-history"><small>The opposing Leaf had its energy drained!</small><br></div><div class="spacer battle-history"><br></div><div class="battle-history">The opposing Leaf used <strong>Leech Seed</strong>!<br></div><div class="battle-history"><small>It doesn't affect Trevenant...</small><br></div><div class="spacer battle-history"><br></div><div class="battle-history"><small>The opposing Leaf restored a little HP using its Leftovers!</small><br></div><div class="spacer battle-history"><br></div><h2 class="battle-history">Turn 56</h2><div class="chat chatmessage-natschoup"><strong style="color:hsl(206,48%,49%)"><small>★</small><span class="username" data-name="Natschoup">Natschoup</span>:</strong> <em>trevenant &gt;venusaur</em></div><div class="chat chatmessage-natschoup"><strong style="color:hsl(206,48%,49%)"><small>★</small><span class="username" data-name="Natschoup">Natschoup</span>:</strong> <em>:3</em></div><div class="spacer battle-history"><br></div><div class="battle-history">Trevenant used <strong>Horn Leech</strong>!<br></div><div class="battle-history"><small>It's not very effective...</small><br></div><div class="battle-history"><small>(The opposing Leaf lost <abbr title="−55/364">15.1%</abbr> of its health!)</small><br></div><div class="battle-history"><small>The opposing Leaf had its energy drained!</small><br></div><div class="spacer battle-history"><br></div><div class="battle-history">The opposing Leaf used <strong>Leech Seed</strong>!<br></div><div class="battle-history"><small>It doesn't affect Trevenant...</small><br></div><div class="spacer battle-history"><br></div><div class="battle-history"><small>The opposing Leaf restored a little HP using its Leftovers!</small><br></div><div class="spacer battle-history"><br></div><h2 class="battle-history">Turn 57</h2><div class="chat chatmessage-jesspro404"><strong style="color:hsl(262,40%,57.969621826280196%)"><small>★</small><span class="username" data-name="Jesspro404">Jesspro404</span>:</strong> <em>I suck</em></div><div class="spacer battle-history"><br></div><div class="battle-history">Trevenant used <strong>Horn Leech</strong>!<br></div><div class="battle-history"><small>It's not very effective...</small><br></div><div class="battle-history"><small>(The opposing Leaf lost <abbr title="−54/364">14.8%</abbr> of its health!)</small><br></div><div class="battle-history"><small>The opposing Leaf had its energy drained!</small><br></div><div class="spacer battle-history"><br></div><div class="battle-history">The opposing Leaf used <strong>Leech Seed</strong>!<br></div><div class="battle-history"><small>It doesn't affect Trevenant...</small><br></div><div class="spacer battle-history"><br></div><div class="battle-history"><small>The opposing Leaf restored a little HP using its Leftovers!</small><br></div><div class="spacer battle-history"><br></div><h2 class="battle-history">Turn 58</h2><div class="chat chatmessage-natschoup"><strong style="color:hsl(206,48%,49%)"><small>★</small><span class="username" data-name="Natschoup">Natschoup</span>:</strong> <em>gg ^^</em></div><div class="spacer battle-history"><br></div><div class="battle-history">Trevenant used <strong>Horn Leech</strong>!<br></div><div class="battle-history"><small>It's not very effective...</small><br></div><div class="battle-history"><small>(The opposing Leaf lost <abbr title="−51/364">14.0%</abbr> of its health!)</small><br></div><div class="spacer battle-history"><br></div><div class="battle-history">The opposing Leaf used <strong>Leech Seed</strong>!<br></div><div class="battle-history"><small>It doesn't affect Trevenant...</small><br></div><div class="spacer battle-history"><br></div><div class="battle-history"><small>The opposing Leaf restored a little HP using its Leftovers!</small><br></div><div class="spacer battle-history"><br></div><h2 class="battle-history">Turn 59</h2><div class="chat chatmessage-jesspro404"><strong style="color:hsl(262,40%,57.969621826280196%)"><small>★</small><span class="username" data-name="Jesspro404">Jesspro404</span>:</strong> <em>:.(</em></div><div class="spacer battle-history"><br></div><div class="battle-history">Trevenant used <strong>Drain Punch</strong>!<br></div><div class="battle-history"><small>It's not very effective...</small><br></div><div class="battle-history"><small>(The opposing Leaf lost <abbr title="−38/364">10.4%</abbr> of its health!)</small><br></div><div class="spacer battle-history"><br></div><div class="battle-history">The opposing Leaf fainted!<br></div><div class="spacer battle-history"><br></div><div class="battle-history"><strong>Natschoup</strong> won the battle!<br></div><div class="chat">Natschoup's rating: 1054 → <strong>1086</strong><br>(+32 for winning)</div><div class="chat">Jesspro404's rating: 1060 → <strong>1041</strong><br>(-19 for losing)</div><div class="chat chatmessage-natschoup"><strong style="color:hsl(206,48%,49%)"><small>★</small><span class="username" data-name="Natschoup">Natschoup</span>:</strong> <em>wp ^^</em></div><div class="chat chatmessage-jesspro404"><strong style="color:hsl(262,40%,57.969621826280196%)"><small>★</small><span class="username" data-name="Jesspro404">Jesspro404</span>:</strong> <em>Gg</em></div><div class="chat"><small>Jesspro404 left.</small></div></div><div class="inner-preempt"></div></div></div>
</div>
<script>
let daily = Math.floor(Date.now()/1000/60/60/24);document.write('<script src="https://play.pokemonshowdown.com/js/replay-embed.js?version'+daily+'"></'+'script>');
</script>
