<!DOCTYPE html>
<meta charset="utf-8" />
<!-- version 1 -->
<title>RU replay: TraceofLife vs. ETERNAL SPIRIT</title>
<style>
html,body {font-family:Verdana, sans-serif;font-size:10pt;margin:0;padding:0;}body{padding:12px 0;} .battle-log {font-family:Verdana, sans-serif;font-size:10pt;} .battle-log-inline {border:1px solid #AAAAAA;background:#EEF2F5;color:black;max-width:640px;margin:0 auto 80px;padding-bottom:5px;} .battle-log .inner {padding:4px 8px 0px 8px;} .battle-log .inner-preempt {padding:0 8px 4px 8px;} .battle-log .inner-after {margin-top:0.5em;} .battle-log h2 {margin:0.5em -8px;padding:4px 8px;border:1px solid #AAAAAA;background:#E0E7EA;border-left:0;border-right:0;font-family:Verdana, sans-serif;font-size:13pt;} .battle-log .chat {vertical-align:middle;padding:3px 0 3px 0;font-size:8pt;} .battle-log .chat strong {color:#40576A;} .battle-log .chat em {padding:1px 4px 1px 3px;color:#000000;font-style:normal;} .chat.mine {background:rgba(0,0,0,0.05);margin-left:-8px;margin-right:-8px;padding-left:8px;padding-right:8px;} .spoiler {color:#BBBBBB;background:#BBBBBB;padding:0px 3px;} .spoiler:hover, .spoiler:active, .spoiler-shown {color:#000000;background:#E2E2E2;padding:0px 3px;} .spoiler a {color:#BBBBBB;} .spoiler:hover a, .spoiler:active a, .spoiler-shown a {color:#2288CC;} .chat code, .chat .spoiler:hover code, .chat .spoiler:active code, .chat .spoiler-shown code {border:1px solid #C0C0C0;background:#EEEEEE;color:black;padding:0 2px;} .chat .spoiler code {border:1px solid #CCCCCC;background:#CCCCCC;color:#CCCCCC;} .battle-log .rated {padding:3px 4px;} .battle-log .rated strong {color:white;background:#89A;padding:1px 4px;border-radius:4px;} .spacer {margin-top:0.5em;} .message-announce {background:#6688AA;color:white;padding:1px 4px 2px;} .message-announce a, .broadcast-green a, .broadcast-blue a, .broadcast-red a {color:#DDEEFF;} .broadcast-green {background-color:#559955;color:white;padding:2px 4px;} .broadcast-blue {background-color:#6688AA;color:white;padding:2px 4px;} .infobox {border:1px solid #6688AA;padding:2px 4px;} .infobox-limited {max-height:200px;overflow:auto;overflow-x:hidden;} .broadcast-red {background-color:#AA5544;color:white;padding:2px 4px;} .message-learn-canlearn {font-weight:bold;color:#228822;text-decoration:underline;} .message-learn-cannotlearn {font-weight:bold;color:#CC2222;text-decoration:underline;} .message-effect-weak {font-weight:bold;color:#CC2222;} .message-effect-resist {font-weight:bold;color:#6688AA;} .message-effect-immune {font-weight:bold;color:#666666;} .message-learn-list {margin-top:0;margin-bottom:0;} .message-throttle-notice, .message-error {color:#992222;} .message-overflow, .chat small.message-overflow {font-size:0pt;} .message-overflow::before {font-size:9pt;content:'...';} .subtle {color:#3A4A66;}
</style>
<div class="wrapper replay-wrapper" style="max-width:1180px;margin:0 auto">
<input type="hidden" name="replayid" value="smogtours-ru-225998" />
<div class="battle"></div><div class="battle-log"></div><div class="replay-controls"></div><div class="replay-controls-2"></div>
<h1 style="font-weight:normal;text-align:center"><strong>RU</strong><br /><a href="http://pokemonshowdown.com/users/traceoflife" class="subtle" target="_blank">TraceofLife</a> vs. <a href="http://pokemonshowdown.com/users/eternalspirit" class="subtle" target="_blank">ETERNAL SPIRIT</a></h1>
<script type="text/plain" class="battle-log-data">|inactive|Battle timer is ON: inactive players will automatically lose when time's up.
|J|TraceofLife
|J|ETERNAL SPIRIT
|player|p1|TraceofLife|102
|player|p2|ETERNAL SPIRIT|56
|gametype|singles
|gen|6
|tier|RU
|seed|59198,59657,44578,6369
|rule|Sleep Clause Mod: Limit one foe put to sleep
|rule|Species Clause: Limit one of each Pokémon
|rule|OHKO Clause: OHKO moves are banned
|rule|Moody Clause: Moody is banned
|rule|Evasion Moves Clause: Evasion moves are banned
|rule|Endless Battle Clause: Forcing endless battles is banned
|rule|HP Percentage Mod: HP is shown in percentages
|clearpoke
|poke|p1|Drapion, F|item
|poke|p1|Munchlax, M|item
|poke|p1|Trapinch, F|item
|poke|p1|Venusaur, F|item
|poke|p1|Blastoise, F|item
|poke|p1|Uxie|item
|poke|p2|Jellicent, M|item
|poke|p2|Emboar, M|item
|poke|p2|Rhyperior, M|item
|poke|p2|Aromatisse, F|item
|poke|p2|Escavalier, F|item
|poke|p2|Rotom-Mow|item
|rule|Swagger Clause: Swagger is banned
|rule|Baton Pass Clause: Limit one Baton Passer, can't pass Spe and other stats simultaneously
|teampreview
|c|★ETERNAL SPIRIT|hf
|J|Flaress
|choice|team 1, team 2, team 3, team 4, team 5, team 6|team 3, team 2, team 1, team 4, team 5, team 6
|
|start
|switch|p1a: Drapion|Drapion, F|281\/281
|switch|p2a: Rhyperior|Rhyperior, M|434\/434
|turn|1
|choice|move aquatail|move earthquake
|
|move|p1a: Drapion|Aqua Tail|p2a: Rhyperior
|-supereffective|p2a: Rhyperior
|-damage|p2a: Rhyperior|143\/434
|move|p2a: Rhyperior|Earthquake|p1a: Drapion
|-supereffective|p1a: Drapion
|-damage|p1a: Drapion|0 fnt
|faint|p1a: Drapion
|
|-heal|p2a: Rhyperior|170\/434|[from] item: Leftovers
|c|+Flaress|does this get sr 
|J|Teddeh
|c|+Flaress|drapion
|choice|switch 4|
|
|switch|p1a: Venusaur|Venusaur, F|364\/364
|turn|2
|choice|move leechseed|switch 5
|
|switch|p2a: Escavalier|Escavalier, F|344\/344
|move|p1a: Venusaur|Leech Seed|p2a: Escavalier
|-start|p2a: Escavalier|move: Leech Seed
|
|-damage|p2a: Escavalier|301\/344|[from] Leech Seed|[of] p1a: Venusaur
|turn|3
|choice|switch 5|move megahorn
|
|switch|p1a: Blastoise|Blastoise, F|362\/362
|move|p2a: Escavalier|Megahorn|p1a: Blastoise
|-damage|p1a: Blastoise|232\/362
|
|-heal|p1a: Blastoise|254\/362|[from] item: Leftovers
|-heal|p2a: Escavalier|322\/344|[from] item: Leftovers
|-damage|p2a: Escavalier|279\/344|[from] Leech Seed|[of] p1a: Blastoise
|-heal|p1a: Blastoise|297\/362|[silent]
|turn|4
|choice|move toxic|switch 3
|
|switch|p2a: Jellicent|Jellicent, M|404\/404
|move|p1a: Blastoise|Toxic|p2a: Jellicent
|-status|p2a: Jellicent|tox
|
|-heal|p1a: Blastoise|319\/362|[from] item: Leftovers
|-damage|p2a: Jellicent|379\/404 tox|[from] psn
|turn|5
|choice|switch 2|move willowisp
|
|switch|p1a: BABY KINGLAX|Munchlax, M|474\/474
|move|p2a: Jellicent|Will-O-Wisp|p1a: BABY KINGLAX
|-status|p1a: BABY KINGLAX|brn
|
|-heal|p2a: Jellicent|404\/404 tox|[from] item: Leftovers
|-damage|p2a: Jellicent|354\/404 tox|[from] psn
|-damage|p1a: BABY KINGLAX|415\/474 brn|[from] brn
|turn|6
|choice|switch 5|move taunt
|
|switch|p1a: Venusaur|Venusaur, F|364\/364
|move|p2a: Jellicent|Taunt|p1a: Venusaur
|-start|p1a: Venusaur|move: Taunt
|
|-heal|p2a: Jellicent|379\/404 tox|[from] item: Leftovers
|-damage|p2a: Jellicent|304\/404 tox|[from] psn
|turn|7
|choice|move gigadrain|switch 3
|
|switch|p2a: Escavalier|Escavalier, F|279\/344
|move|p1a: Venusaur|Giga Drain|p2a: Escavalier
|-resisted|p2a: Escavalier
|-damage|p2a: Escavalier|263\/344
|
|-heal|p2a: Escavalier|284\/344|[from] item: Leftovers
|turn|8
|choice|switch 2|move swordsdance
|
|switch|p1a: Blastoise|Blastoise, F|319\/362
|move|p2a: Escavalier|Swords Dance|p2a: Escavalier
|-boost|p2a: Escavalier|atk|2
|
|-heal|p1a: Blastoise|341\/362|[from] item: Leftovers
|-heal|p2a: Escavalier|305\/344|[from] item: Leftovers
|turn|9
|choice|move hiddenpower|move megahorn
|
|move|p1a: Blastoise|Hidden Power|p2a: Escavalier
|-supereffective|p2a: Escavalier
|-damage|p2a: Escavalier|185\/344
|move|p2a: Escavalier|Megahorn|p1a: Blastoise
|-damage|p1a: Blastoise|86\/362
|
|-heal|p1a: Blastoise|108\/362|[from] item: Leftovers
|-heal|p2a: Escavalier|206\/344|[from] item: Leftovers
|turn|10
|choice|move hiddenpower|switch 2
|
|switch|p2a: Emboar|Emboar, M|361\/361
|move|p1a: Blastoise|Hidden Power|p2a: Emboar
|-resisted|p2a: Emboar
|-damage|p2a: Emboar|330\/361
|
|-heal|p1a: Blastoise|130\/362|[from] item: Leftovers
|turn|11
|J|Manipulative
|choice|switch 6|switch 5
|
|switch|p2a: Rhyperior|Rhyperior, M|170\/434
|switch|p1a: Uxie|Uxie|354\/354
|
|-heal|p2a: Rhyperior|197\/434|[from] item: Leftovers
|turn|12
|choice|move uturn|move stealthrock
|
|move|p1a: Uxie|U-turn|p2a: Rhyperior
|-damage|p2a: Rhyperior|165\/434
|choice|switch 2|
|
|switch|p1a: Venusaur|Venusaur, F|364\/364
|move|p2a: Rhyperior|Stealth Rock|p1a: Venusaur
|-sidestart|p1: TraceofLife|move: Stealth Rock
|
|-heal|p2a: Rhyperior|192\/434|[from] item: Leftovers
|turn|13
|choice|move leechseed|switch 2
|
|switch|p2a: Escavalier|Escavalier, F|206\/344
|move|p1a: Venusaur|Leech Seed|p2a: Escavalier
|-start|p2a: Escavalier|move: Leech Seed
|
|-heal|p2a: Escavalier|227\/344|[from] item: Leftovers
|-damage|p2a: Escavalier|184\/344|[from] Leech Seed|[of] p1a: Venusaur
|turn|14
|choice|switch 6|move megahorn
|
|switch|p1a: Blastoise|Blastoise, F|130\/362
|-damage|p1a: Blastoise|85\/362|[from] Stealth Rock
|move|p2a: Escavalier|Megahorn|p1a: Blastoise
|-damage|p1a: Blastoise|0 fnt
|faint|p1a: Blastoise
|
|-heal|p2a: Escavalier|205\/344|[from] item: Leftovers
|choice|switch 3|
|
|switch|p1a: Trapinch|Trapinch, F|294\/294
|-damage|p1a: Trapinch|276\/294|[from] Stealth Rock
|turn|15
|choice|move earthquake|move megahorn
|
|move|p2a: Escavalier|Megahorn|p1a: Trapinch
|-damage|p1a: Trapinch|29\/294
|move|p1a: Trapinch|Earthquake|p2a: Escavalier
|-damage|p2a: Escavalier|93\/344
|
|-heal|p2a: Escavalier|114\/344|[from] item: Leftovers
|-damage|p2a: Escavalier|71\/344|[from] Leech Seed|[of] p1a: Trapinch
|-heal|p1a: Trapinch|72\/294|[silent]
|turn|16
|choice|switch 6|move megahorn
|
|switch|p1a: Venusaur|Venusaur, F|364\/364
|-damage|p1a: Venusaur|319\/364|[from] Stealth Rock
|move|p2a: Escavalier|Megahorn|p1a: Venusaur
|-damage|p1a: Venusaur|97\/364
|
|-heal|p1a: Venusaur|119\/364|[from] item: Black Sludge
|-heal|p2a: Escavalier|92\/344|[from] item: Leftovers
|-damage|p2a: Escavalier|49\/344|[from] Leech Seed|[of] p1a: Venusaur
|-heal|p1a: Venusaur|162\/364|[silent]
|turn|17
|choice|move synthesis|move rest
|
|move|p1a: Venusaur|Synthesis|p1a: Venusaur
|-heal|p1a: Venusaur|344\/364
|move|p2a: Escavalier|Rest|p2a: Escavalier
|-status|p2a: Escavalier|slp
|-heal|p2a: Escavalier|344\/344 slp|[silent]
|-status|p2a: Escavalier|slp|[from] move: Rest
|
|-heal|p1a: Venusaur|364\/364|[from] item: Black Sludge
|-damage|p2a: Escavalier|301\/344 slp|[from] Leech Seed|[of] p1a: Venusaur
|turn|18
|J|Pearl
|choice|switch 6|move sleeptalk
|
|switch|p1a: Trapinch|Trapinch, F|72\/294
|-damage|p1a: Trapinch|54\/294|[from] Stealth Rock
|cant|p2a: Escavalier|slp
|move|p2a: Escavalier|Sleep Talk|p2a: Escavalier
|move|p2a: Escavalier|Megahorn|p1a: Trapinch|[from]Sleep Talk
|-damage|p1a: Trapinch|0 fnt
|faint|p1a: Trapinch
|
|-heal|p2a: Escavalier|322\/344 slp|[from] item: Leftovers
|choice|switch 5|
|
|switch|p1a: BABY KINGLAX|Munchlax, M|415\/474 brn
|-damage|p1a: BABY KINGLAX|356\/474 brn|[from] Stealth Rock
|turn|19
|choice|move curse|move sleeptalk
|
|cant|p2a: Escavalier|slp
|move|p2a: Escavalier|Sleep Talk|p2a: Escavalier
|move|p2a: Escavalier|Swords Dance|p2a: Escavalier|[from]Sleep Talk
|-boost|p2a: Escavalier|atk|2
|move|p1a: BABY KINGLAX|Curse|p1a: BABY KINGLAX
|-unboost|p1a: BABY KINGLAX|spe|1
|-boost|p1a: BABY KINGLAX|atk|1
|-boost|p1a: BABY KINGLAX|def|1
|
|-heal|p2a: Escavalier|343\/344 slp|[from] item: Leftovers
|-damage|p2a: Escavalier|300\/344 slp|[from] Leech Seed|[of] p1a: BABY KINGLAX
|-heal|p1a: BABY KINGLAX|399\/474 brn|[silent]
|-damage|p1a: BABY KINGLAX|340\/474 brn|[from] brn
|turn|20
|choice|move rest|move megahorn
|
|-curestatus|p2a: Escavalier|slp|[msg]
|move|p2a: Escavalier|Megahorn|p1a: BABY KINGLAX
|-damage|p1a: BABY KINGLAX|1\/474 brn
|move|p1a: BABY KINGLAX|Rest|p1a: BABY KINGLAX
|-status|p1a: BABY KINGLAX|slp
|-heal|p1a: BABY KINGLAX|474\/474 slp|[silent]
|-status|p1a: BABY KINGLAX|slp|[from] move: Rest
|
|-heal|p2a: Escavalier|321\/344|[from] item: Leftovers
|-damage|p2a: Escavalier|278\/344|[from] Leech Seed|[of] p1a: BABY KINGLAX
|turn|21
|choice|move sleeptalk|move swordsdance
|
|move|p2a: Escavalier|Swords Dance|p2a: Escavalier
|-boost|p2a: Escavalier|atk|2
|cant|p1a: BABY KINGLAX|slp
|move|p1a: BABY KINGLAX|Sleep Talk|p1a: BABY KINGLAX
|move|p1a: BABY KINGLAX|Curse|p1a: BABY KINGLAX|[from]Sleep Talk
|-unboost|p1a: BABY KINGLAX|spe|1
|-boost|p1a: BABY KINGLAX|atk|1
|-boost|p1a: BABY KINGLAX|def|1
|
|-heal|p2a: Escavalier|299\/344|[from] item: Leftovers
|-damage|p2a: Escavalier|256\/344|[from] Leech Seed|[of] p1a: BABY KINGLAX
|turn|22
|choice|move sleeptalk|move megahorn
|
|move|p2a: Escavalier|Megahorn|p1a: BABY KINGLAX
|-damage|p1a: BABY KINGLAX|89\/474 slp
|cant|p1a: BABY KINGLAX|slp
|move|p1a: BABY KINGLAX|Sleep Talk|p1a: BABY KINGLAX
|move|p1a: BABY KINGLAX|Body Slam|p2a: Escavalier|[from]Sleep Talk
|-resisted|p2a: Escavalier
|-damage|p2a: Escavalier|173\/344
|-status|p2a: Escavalier|par
|
|-heal|p2a: Escavalier|194\/344 par|[from] item: Leftovers
|-damage|p2a: Escavalier|151\/344 par|[from] Leech Seed|[of] p1a: BABY KINGLAX
|-heal|p1a: BABY KINGLAX|132\/474 slp|[silent]
|turn|23
|choice|move rest|move rest
|
|cant|p2a: Escavalier|par
|-curestatus|p1a: BABY KINGLAX|slp|[msg]
|move|p1a: BABY KINGLAX|Rest|p1a: BABY KINGLAX
|-status|p1a: BABY KINGLAX|slp
|-heal|p1a: BABY KINGLAX|474\/474 slp|[silent]
|-status|p1a: BABY KINGLAX|slp|[from] move: Rest
|
|-heal|p2a: Escavalier|172\/344 par|[from] item: Leftovers
|-damage|p2a: Escavalier|129\/344 par|[from] Leech Seed|[of] p1a: BABY KINGLAX
|turn|24
|choice|move sleeptalk|move rest
|
|move|p2a: Escavalier|Rest|p2a: Escavalier
|-status|p2a: Escavalier|slp
|-heal|p2a: Escavalier|344\/344 slp|[silent]
|-status|p2a: Escavalier|slp|[from] move: Rest
|cant|p1a: BABY KINGLAX|slp
|move|p1a: BABY KINGLAX|Sleep Talk|p1a: BABY KINGLAX
|move|p1a: BABY KINGLAX|Rest|p1a: BABY KINGLAX|[from]Sleep Talk
|-fail|p1a: BABY KINGLAX
|
|-damage|p2a: Escavalier|301\/344 slp|[from] Leech Seed|[of] p1a: BABY KINGLAX
|turn|25
|choice|move sleeptalk|move sleeptalk
|
|cant|p2a: Escavalier|slp
|move|p2a: Escavalier|Sleep Talk|p2a: Escavalier
|move|p2a: Escavalier|Megahorn|p1a: BABY KINGLAX|[from]Sleep Talk
|-damage|p1a: BABY KINGLAX|77\/474 slp
|cant|p1a: BABY KINGLAX|slp
|move|p1a: BABY KINGLAX|Sleep Talk|p1a: BABY KINGLAX
|move|p1a: BABY KINGLAX|Curse|p1a: BABY KINGLAX|[from]Sleep Talk
|-unboost|p1a: BABY KINGLAX|spe|1
|-boost|p1a: BABY KINGLAX|atk|1
|-boost|p1a: BABY KINGLAX|def|1
|
|-heal|p2a: Escavalier|322\/344 slp|[from] item: Leftovers
|-damage|p2a: Escavalier|279\/344 slp|[from] Leech Seed|[of] p1a: BABY KINGLAX
|-heal|p1a: BABY KINGLAX|120\/474 slp|[silent]
|turn|26
|choice|move rest|move sleeptalk
|
|cant|p2a: Escavalier|slp
|move|p2a: Escavalier|Sleep Talk|p2a: Escavalier
|move|p2a: Escavalier|Rest|p2a: Escavalier|[from]Sleep Talk
|-fail|p2a: Escavalier
|-curestatus|p1a: BABY KINGLAX|slp|[msg]
|move|p1a: BABY KINGLAX|Rest|p1a: BABY KINGLAX
|-status|p1a: BABY KINGLAX|slp
|-heal|p1a: BABY KINGLAX|474\/474 slp|[silent]
|-status|p1a: BABY KINGLAX|slp|[from] move: Rest
|
|-heal|p2a: Escavalier|300\/344 slp|[from] item: Leftovers
|-damage|p2a: Escavalier|257\/344 slp|[from] Leech Seed|[of] p1a: BABY KINGLAX
|turn|27
|choice|move sleeptalk|move swordsdance
|
|-curestatus|p2a: Escavalier|slp|[msg]
|move|p2a: Escavalier|Swords Dance|p2a: Escavalier
|-boost|p2a: Escavalier|atk|2
|cant|p1a: BABY KINGLAX|slp
|move|p1a: BABY KINGLAX|Sleep Talk|p1a: BABY KINGLAX
|move|p1a: BABY KINGLAX|Curse|p1a: BABY KINGLAX|[from]Sleep Talk
|-unboost|p1a: BABY KINGLAX|spe|1
|-boost|p1a: BABY KINGLAX|atk|1
|-boost|p1a: BABY KINGLAX|def|1
|
|-heal|p2a: Escavalier|278\/344|[from] item: Leftovers
|-damage|p2a: Escavalier|235\/344|[from] Leech Seed|[of] p1a: BABY KINGLAX
|turn|28
|choice|move sleeptalk|move megahorn
|
|move|p2a: Escavalier|Megahorn|p1a: BABY KINGLAX
|-damage|p1a: BABY KINGLAX|135\/474 slp
|cant|p1a: BABY KINGLAX|slp
|move|p1a: BABY KINGLAX|Sleep Talk|p1a: BABY KINGLAX
|move|p1a: BABY KINGLAX|Body Slam|p2a: Escavalier|[from]Sleep Talk
|-resisted|p2a: Escavalier
|-damage|p2a: Escavalier|103\/344
|
|-heal|p2a: Escavalier|124\/344|[from] item: Leftovers
|-damage|p2a: Escavalier|81\/344|[from] Leech Seed|[of] p1a: BABY KINGLAX
|-heal|p1a: BABY KINGLAX|178\/474 slp|[silent]
|turn|29
|L|Flaress
|J|Flaress
|choice|move rest|move megahorn
|
|move|p2a: Escavalier|Megahorn|p1a: BABY KINGLAX
|-damage|p1a: BABY KINGLAX|0 fnt
|faint|p1a: BABY KINGLAX
|
|-heal|p2a: Escavalier|102\/344|[from] item: Leftovers
|c|★TraceofLife|gg
|-message|TraceofLife forfeited.
|
|win|ETERNAL SPIRIT</script>
</div>
<div class="battle-log battle-log-inline"><div class="inner"><div class="battle-options"></div><div class="inner"><div class="chat message-error">Battle timer is ON: inactive players will automatically lose when time's up.</div><div class=""><small>Format:</small> <br><strong>RU</strong></div><div class=""><small><em>Sleep Clause Mod:</em> Limit one foe put to sleep</small></div><div class=""><small><em>Species Clause:</em> Limit one of each Pokémon</small></div><div class=""><small><em>OHKO Clause:</em> OHKO moves are banned</small></div><div class=""><small><em>Moody Clause:</em> Moody is banned</small></div><div class=""><small><em>Evasion Moves Clause:</em> Evasion moves are banned</small></div><div class=""><small><em>Endless Battle Clause:</em> Forcing endless battles is banned</small></div><div class=""><small><em>HP Percentage Mod:</em> HP is shown in percentages</small></div><div class=""><small><em>Swagger Clause:</em> Swagger is banned</small></div><div class=""><small><em>Baton Pass Clause:</em> Limit one Baton Passer, can't pass Spe and other stats simultaneously</small></div><div class="chat battle-history"><strong>TraceofLife's team:</strong> <em style="color:#445566;display:block;">Drapion / Munchlax / Trapinch / Venusaur / Blastoise / Uxie</em></div><div class="chat battle-history"><strong>ETERNAL SPIRIT's team:</strong> <em style="color:#445566;display:block;">Jellicent / Emboar / Rhyperior / Aromatisse / Escavalier / Rotom-Mow</em></div><div class="chat chatmessage-eternalspirit"><strong style="color:hsl(282,74%,48.225930964200685%)"><small>★</small><span class="username" data-name="ETERNAL SPIRIT">ETERNAL SPIRIT</span>:</strong> <em>hf</em></div><div class="spacer battle-history"><br></div><div class="battle-history">Battle started between TraceofLife and ETERNAL SPIRIT!<br></div><div class="spacer battle-history"><br></div><div class="battle-history">Go! <strong>Drapion</strong>!<br></div><div class="spacer battle-history"><br></div><div class="battle-history">ETERNAL SPIRIT sent out <strong>Rhyperior</strong>!<br></div><div class="spacer battle-history"><br></div><h2 class="battle-history">Turn 1</h2><div class="spacer battle-history"><br></div><div class="battle-history">Drapion used <strong>Aqua Tail</strong>!<br></div><div class="battle-history"><small>It's super effective!</small><br></div><div class="battle-history"><small>(The opposing Rhyperior lost <abbr title="−291/434">67.1%</abbr> of its health!)</small><br></div><div class="spacer battle-history"><br></div><div class="battle-history">The opposing Rhyperior used <strong>Earthquake</strong>!<br></div><div class="battle-history"><small>It's super effective!</small><br></div><div class="battle-history"><small>(Drapion lost <abbr title="−281/281">100%</abbr> of its health!)</small><br></div><div class="spacer battle-history"><br></div><div class="battle-history">Drapion fainted!<br></div><div class="spacer battle-history"><br></div><div class="battle-history"><small>The opposing Rhyperior restored a little HP using its Leftovers!</small><br></div><div class="chat chatmessage-flaress"><strong style="color:hsl(307,67%,41%)"><small>+</small><span class="username" data-name="Flaress">Flaress</span>:</strong> <em>does this get sr </em></div><div class="chat chatmessage-flaress"><strong style="color:hsl(307,67%,41%)"><small>+</small><span class="username" data-name="Flaress">Flaress</span>:</strong> <em>drapion</em></div><div class="spacer battle-history"><br></div><div class="battle-history">Go! <strong>Venusaur</strong>!<br></div><div class="spacer battle-history"><br></div><h2 class="battle-history">Turn 2</h2><div class="spacer battle-history"><br></div><div class="battle-history">ETERNAL SPIRIT withdrew Rhyperior!<br></div><div class="battle-history">ETERNAL SPIRIT sent out <strong>Escavalier</strong>!<br></div><div class="spacer battle-history"><br></div><div class="battle-history">Venusaur used <strong>Leech Seed</strong>!<br></div><div class="battle-history"><small>The opposing Escavalier was seeded!</small><br></div><div class="spacer battle-history"><br></div><div class="battle-history"><small>The opposing Escavalier's health is sapped by Leech Seed!</small><br></div><div class="spacer battle-history"><br></div><h2 class="battle-history">Turn 3</h2><div class="spacer battle-history"><br></div><div class="battle-history">Venusaur, come back!<br></div><div class="battle-history">Go! <strong>Blastoise</strong>!<br></div><div class="spacer battle-history"><br></div><div class="battle-history">The opposing Escavalier used <strong>Megahorn</strong>!<br></div><div class="battle-history"><small>(Blastoise lost <abbr title="−130/362">35.9%</abbr> of its health!)</small><br></div><div class="spacer battle-history"><br></div><div class="battle-history"><small>Blastoise restored a little HP using its Leftovers!</small><br></div><div class="battle-history"><small>The opposing Escavalier restored a little HP using its Leftovers!</small><br></div><div class="battle-history"><small>The opposing Escavalier's health is sapped by Leech Seed!</small><br></div><div class="spacer battle-history"><br></div><h2 class="battle-history">Turn 4</h2><div class="spacer battle-history"><br></div><div class="battle-history">ETERNAL SPIRIT withdrew Escavalier!<br></div><div class="battle-history">ETERNAL SPIRIT sent out <strong>Jellicent</strong>!<br></div><div class="spacer battle-history"><br></div><div class="battle-history">Blastoise used <strong>Toxic</strong>!<br></div><div class="battle-history"><small>The opposing Jellicent was badly poisoned!</small><br></div><div class="spacer battle-history"><br></div><div class="battle-history"><small>Blastoise restored a little HP using its Leftovers!</small><br></div><div class="battle-history"><small>The opposing Jellicent was hurt by poison!</small><br></div><div class="spacer battle-history"><br></div><h2 class="battle-history">Turn 5</h2><div class="spacer battle-history"><br></div><div class="battle-history">Blastoise, come back!<br></div><div class="battle-history">Go! BABY KINGLAX (<strong>Munchlax</strong>)!<br></div><div class="spacer battle-history"><br></div><div class="battle-history">The opposing Jellicent used <strong>Will-O-Wisp</strong>!<br></div><div class="battle-history"><small>BABY KINGLAX was burned!</small><br></div><div class="spacer battle-history"><br></div><div class="battle-history"><small>The opposing Jellicent restored a little HP using its Leftovers!</small><br></div><div class="battle-history"><small>The opposing Jellicent was hurt by poison!</small><br></div><div class="battle-history"><small>BABY KINGLAX was hurt by its burn!</small><br></div><div class="spacer battle-history"><br></div><h2 class="battle-history">Turn 6</h2><div class="spacer battle-history"><br></div><div class="battle-history">BABY KINGLAX, come back!<br></div><div class="battle-history">Go! <strong>Venusaur</strong>!<br></div><div class="spacer battle-history"><br></div><div class="battle-history">The opposing Jellicent used <strong>Taunt</strong>!<br></div><div class="battle-history"><small>Venusaur fell for the taunt!</small><br></div><div class="spacer battle-history"><br></div><div class="battle-history"><small>The opposing Jellicent restored a little HP using its Leftovers!</small><br></div><div class="battle-history"><small>The opposing Jellicent was hurt by poison!</small><br></div><div class="spacer battle-history"><br></div><h2 class="battle-history">Turn 7</h2><div class="spacer battle-history"><br></div><div class="battle-history">ETERNAL SPIRIT withdrew Jellicent!<br></div><div class="battle-history">ETERNAL SPIRIT sent out <strong>Escavalier</strong>!<br></div><div class="spacer battle-history"><br></div><div class="battle-history">Venusaur used <strong>Giga Drain</strong>!<br></div><div class="battle-history"><small>It's not very effective...</small><br></div><div class="battle-history"><small>(The opposing Escavalier lost <abbr title="−16/344">4.7%</abbr> of its health!)</small><br></div><div class="spacer battle-history"><br></div><div class="battle-history"><small>The opposing Escavalier restored a little HP using its Leftovers!</small><br></div><div class="spacer battle-history"><br></div><h2 class="battle-history">Turn 8</h2><div class="spacer battle-history"><br></div><div class="battle-history">Venusaur, come back!<br></div><div class="battle-history">Go! <strong>Blastoise</strong>!<br></div><div class="spacer battle-history"><br></div><div class="battle-history">The opposing Escavalier used <strong>Swords Dance</strong>!<br></div><div class="battle-history"><small>The opposing Escavalier's Attack rose sharply!</small><br></div><div class="spacer battle-history"><br></div><div class="battle-history"><small>Blastoise restored a little HP using its Leftovers!</small><br></div><div class="battle-history"><small>The opposing Escavalier restored a little HP using its Leftovers!</small><br></div><div class="spacer battle-history"><br></div><h2 class="battle-history">Turn 9</h2><div class="spacer battle-history"><br></div><div class="battle-history">Blastoise used <strong>Hidden Power</strong>!<br></div><div class="battle-history"><small>It's super effective!</small><br></div><div class="battle-history"><small>(The opposing Escavalier lost <abbr title="−120/344">34.9%</abbr> of its health!)</small><br></div><div class="spacer battle-history"><br></div><div class="battle-history">The opposing Escavalier used <strong>Megahorn</strong>!<br></div><div class="battle-history"><small>(Blastoise lost <abbr title="−255/362">70.4%</abbr> of its health!)</small><br></div><div class="spacer battle-history"><br></div><div class="battle-history"><small>Blastoise restored a little HP using its Leftovers!</small><br></div><div class="battle-history"><small>The opposing Escavalier restored a little HP using its Leftovers!</small><br></div><div class="spacer battle-history"><br></div><h2 class="battle-history">Turn 10</h2><div class="spacer battle-history"><br></div><div class="battle-history">ETERNAL SPIRIT withdrew Escavalier!<br></div><div class="battle-history">ETERNAL SPIRIT sent out <strong>Emboar</strong>!<br></div><div class="spacer battle-history"><br></div><div class="battle-history">Blastoise used <strong>Hidden Power</strong>!<br></div><div class="battle-history"><small>It's not very effective...</small><br></div><div class="battle-history"><small>(The opposing Emboar lost <abbr title="−31/361">8.6%</abbr> of its health!)</small><br></div><div class="spacer battle-history"><br></div><div class="battle-history"><small>Blastoise restored a little HP using its Leftovers!</small><br></div><div class="spacer battle-history"><br></div><h2 class="battle-history">Turn 11</h2><div class="spacer battle-history"><br></div><div class="battle-history">ETERNAL SPIRIT withdrew Emboar!<br></div><div class="battle-history">ETERNAL SPIRIT sent out <strong>Rhyperior</strong>!<br></div><div class="spacer battle-history"><br></div><div class="battle-history">Blastoise, come back!<br></div><div class="battle-history">Go! <strong>Uxie</strong>!<br></div><div class="spacer battle-history"><br></div><div class="battle-history"><small>The opposing Rhyperior restored a little HP using its Leftovers!</small><br></div><div class="spacer battle-history"><br></div><h2 class="battle-history">Turn 12</h2><div class="spacer battle-history"><br></div><div class="battle-history">Uxie used <strong>U-turn</strong>!<br></div><div class="battle-history"><small>(The opposing Rhyperior lost <abbr title="−32/434">7.4%</abbr> of its health!)</small><br></div><div class="spacer battle-history"><br></div><div class="battle-history">Uxie went back to TraceofLife!<br></div><div class="battle-history">Go! <strong>Venusaur</strong>!<br></div><div class="spacer battle-history"><br></div><div class="battle-history">The opposing Rhyperior used <strong>Stealth Rock</strong>!<br></div><div class="battle-history"><small>Pointed stones float in the air around your team!</small><br></div><div class="spacer battle-history"><br></div><div class="battle-history"><small>The opposing Rhyperior restored a little HP using its Leftovers!</small><br></div><div class="spacer battle-history"><br></div><h2 class="battle-history">Turn 13</h2><div class="spacer battle-history"><br></div><div class="battle-history">ETERNAL SPIRIT withdrew Rhyperior!<br></div><div class="battle-history">ETERNAL SPIRIT sent out <strong>Escavalier</strong>!<br></div><div class="spacer battle-history"><br></div><div class="battle-history">Venusaur used <strong>Leech Seed</strong>!<br></div><div class="battle-history"><small>The opposing Escavalier was seeded!</small><br></div><div class="spacer battle-history"><br></div><div class="battle-history"><small>The opposing Escavalier restored a little HP using its Leftovers!</small><br></div><div class="battle-history"><small>The opposing Escavalier's health is sapped by Leech Seed!</small><br></div><div class="spacer battle-history"><br></div><h2 class="battle-history">Turn 14</h2><div class="spacer battle-history"><br></div><div class="battle-history">Venusaur, come back!<br></div><div class="battle-history">Go! <strong>Blastoise</strong>!<br></div><div class="battle-history"><small>Pointed stones dug into Blastoise!</small><br></div><div class="spacer battle-history"><br></div><div class="battle-history">The opposing Escavalier used <strong>Megahorn</strong>!<br></div><div class="battle-history"><small>(Blastoise lost <abbr title="−85/362">23.5%</abbr> of its health!)</small><br></div><div class="spacer battle-history"><br></div><div class="battle-history">Blastoise fainted!<br></div><div class="spacer battle-history"><br></div><div class="battle-history"><small>The opposing Escavalier restored a little HP using its Leftovers!</small><br></div><div class="spacer battle-history"><br></div><div class="battle-history">Go! <strong>Trapinch</strong>!<br></div><div class="battle-history"><small>Pointed stones dug into Trapinch!</small><br></div><div class="spacer battle-history"><br></div><h2 class="battle-history">Turn 15</h2><div class="spacer battle-history"><br></div><div class="battle-history">The opposing Escavalier used <strong>Megahorn</strong>!<br></div><div class="battle-history"><small>(Trapinch lost <abbr title="−247/294">84.0%</abbr> of its health!)</small><br></div><div class="spacer battle-history"><br></div><div class="battle-history">Trapinch used <strong>Earthquake</strong>!<br></div><div class="battle-history"><small>(The opposing Escavalier lost <abbr title="−112/344">32.6%</abbr> of its health!)</small><br></div><div class="spacer battle-history"><br></div><div class="battle-history"><small>The opposing Escavalier restored a little HP using its Leftovers!</small><br></div><div class="battle-history"><small>The opposing Escavalier's health is sapped by Leech Seed!</small><br></div><div class="spacer battle-history"><br></div><h2 class="battle-history">Turn 16</h2><div class="spacer battle-history"><br></div><div class="battle-history">Trapinch, come back!<br></div><div class="battle-history">Go! <strong>Venusaur</strong>!<br></div><div class="battle-history"><small>Pointed stones dug into Venusaur!</small><br></div><div class="spacer battle-history"><br></div><div class="battle-history">The opposing Escavalier used <strong>Megahorn</strong>!<br></div><div class="battle-history"><small>(Venusaur lost <abbr title="−222/364">61.0%</abbr> of its health!)</small><br></div><div class="spacer battle-history"><br></div><div class="battle-history"><small>Venusaur restored a little HP using its Black Sludge!</small><br></div><div class="battle-history"><small>The opposing Escavalier restored a little HP using its Leftovers!</small><br></div><div class="battle-history"><small>The opposing Escavalier's health is sapped by Leech Seed!</small><br></div><div class="spacer battle-history"><br></div><h2 class="battle-history">Turn 17</h2><div class="spacer battle-history"><br></div><div class="battle-history">Venusaur used <strong>Synthesis</strong>!<br></div><div class="battle-history"><small>Venusaur restored its HP.</small><br></div><div class="spacer battle-history"><br></div><div class="battle-history">The opposing Escavalier used <strong>Rest</strong>!<br></div><div class="battle-history"><small>The opposing Escavalier fell asleep!</small><br></div><div class="battle-history"><small>The opposing Escavalier slept and became healthy!</small><br></div><div class="spacer battle-history"><br></div><div class="battle-history"><small>Venusaur restored a little HP using its Black Sludge!</small><br></div><div class="battle-history"><small>The opposing Escavalier's health is sapped by Leech Seed!</small><br></div><div class="spacer battle-history"><br></div><h2 class="battle-history">Turn 18</h2><div class="spacer battle-history"><br></div><div class="battle-history">Venusaur, come back!<br></div><div class="battle-history">Go! <strong>Trapinch</strong>!<br></div><div class="battle-history"><small>Pointed stones dug into Trapinch!</small><br></div><div class="spacer battle-history"><br></div><div class="battle-history">The opposing Escavalier is fast asleep.<br></div><div class="spacer battle-history"><br></div><div class="battle-history">The opposing Escavalier used <strong>Sleep Talk</strong>!<br></div><div class="spacer battle-history"><br></div><div class="battle-history">The opposing Escavalier used <strong>Megahorn</strong>!<br></div><div class="battle-history"><small>(Trapinch lost <abbr title="−54/294">18.4%</abbr> of its health!)</small><br></div><div class="spacer battle-history"><br></div><div class="battle-history">Trapinch fainted!<br></div><div class="spacer battle-history"><br></div><div class="battle-history"><small>The opposing Escavalier restored a little HP using its Leftovers!</small><br></div><div class="spacer battle-history"><br></div><div class="battle-history">Go! BABY KINGLAX (<strong>Munchlax</strong>)!<br></div><div class="battle-history"><small>Pointed stones dug into BABY KINGLAX!</small><br></div><div class="spacer battle-history"><br></div><h2 class="battle-history">Turn 19</h2><div class="spacer battle-history"><br></div><div class="battle-history">The opposing Escavalier is fast asleep.<br></div><div class="spacer battle-history"><br></div><div class="battle-history">The opposing Escavalier used <strong>Sleep Talk</strong>!<br></div><div class="spacer battle-history"><br></div><div class="battle-history">The opposing Escavalier used <strong>Swords Dance</strong>!<br></div><div class="battle-history"><small>The opposing Escavalier's Attack rose sharply!</small><br></div><div class="spacer battle-history"><br></div><div class="battle-history">BABY KINGLAX used <strong>Curse</strong>!<br></div><div class="battle-history"><small>BABY KINGLAX's Speed fell!</small><br></div><div class="battle-history"><small>BABY KINGLAX's Attack rose!</small><br></div><div class="battle-history"><small>BABY KINGLAX's Defense rose!</small><br></div><div class="spacer battle-history"><br></div><div class="battle-history"><small>The opposing Escavalier restored a little HP using its Leftovers!</small><br></div><div class="battle-history"><small>The opposing Escavalier's health is sapped by Leech Seed!</small><br></div><div class="battle-history"><small>BABY KINGLAX was hurt by its burn!</small><br></div><div class="spacer battle-history"><br></div><h2 class="battle-history">Turn 20</h2><div class="spacer battle-history"><br></div><div class="battle-history"><small>The opposing Escavalier woke up!</small><br></div><div class="spacer battle-history"><br></div><div class="battle-history">The opposing Escavalier used <strong>Megahorn</strong>!<br></div><div class="battle-history"><small>(BABY KINGLAX lost <abbr title="−339/474">71.5%</abbr> of its health!)</small><br></div><div class="spacer battle-history"><br></div><div class="battle-history">BABY KINGLAX used <strong>Rest</strong>!<br></div><div class="battle-history"><small>BABY KINGLAX fell asleep!</small><br></div><div class="battle-history"><small>BABY KINGLAX slept and became healthy!</small><br></div><div class="spacer battle-history"><br></div><div class="battle-history"><small>The opposing Escavalier restored a little HP using its Leftovers!</small><br></div><div class="battle-history"><small>The opposing Escavalier's health is sapped by Leech Seed!</small><br></div><div class="spacer battle-history"><br></div><h2 class="battle-history">Turn 21</h2><div class="spacer battle-history"><br></div><div class="battle-history">The opposing Escavalier used <strong>Swords Dance</strong>!<br></div><div class="battle-history"><small>The opposing Escavalier's Attack rose sharply!</small><br></div><div class="spacer battle-history"><br></div><div class="battle-history">BABY KINGLAX is fast asleep.<br></div><div class="spacer battle-history"><br></div><div class="battle-history">BABY KINGLAX used <strong>Sleep Talk</strong>!<br></div><div class="spacer battle-history"><br></div><div class="battle-history">BABY KINGLAX used <strong>Curse</strong>!<br></div><div class="battle-history"><small>BABY KINGLAX's Speed fell!</small><br></div><div class="battle-history"><small>BABY KINGLAX's Attack rose!</small><br></div><div class="battle-history"><small>BABY KINGLAX's Defense rose!</small><br></div><div class="spacer battle-history"><br></div><div class="battle-history"><small>The opposing Escavalier restored a little HP using its Leftovers!</small><br></div><div class="battle-history"><small>The opposing Escavalier's health is sapped by Leech Seed!</small><br></div><div class="spacer battle-history"><br></div><h2 class="battle-history">Turn 22</h2><div class="spacer battle-history"><br></div><div class="battle-history">The opposing Escavalier used <strong>Megahorn</strong>!<br></div><div class="battle-history"><small>(BABY KINGLAX lost <abbr title="−385/474">81.2%</abbr> of its health!)</small><br></div><div class="spacer battle-history"><br></div><div class="battle-history">BABY KINGLAX is fast asleep.<br></div><div class="spacer battle-history"><br></div><div class="battle-history">BABY KINGLAX used <strong>Sleep Talk</strong>!<br></div><div class="spacer battle-history"><br></div><div class="battle-history">BABY KINGLAX used <strong>Body Slam</strong>!<br></div><div class="battle-history"><small>It's not very effective...</small><br></div><div class="battle-history"><small>(The opposing Escavalier lost <abbr title="−83/344">24.1%</abbr> of its health!)</small><br></div><div class="battle-history"><small>The opposing Escavalier is paralyzed! It may be unable to move!</small><br></div><div class="spacer battle-history"><br></div><div class="battle-history"><small>The opposing Escavalier restored a little HP using its Leftovers!</small><br></div><div class="battle-history"><small>The opposing Escavalier's health is sapped by Leech Seed!</small><br></div><div class="spacer battle-history"><br></div><h2 class="battle-history">Turn 23</h2><div class="spacer battle-history"><br></div><div class="battle-history">The opposing Escavalier is paralyzed! It can't move!<br></div><div class="battle-history"><small>BABY KINGLAX woke up!</small><br></div><div class="spacer battle-history"><br></div><div class="battle-history">BABY KINGLAX used <strong>Rest</strong>!<br></div><div class="battle-history"><small>BABY KINGLAX fell asleep!</small><br></div><div class="battle-history"><small>BABY KINGLAX slept and became healthy!</small><br></div><div class="spacer battle-history"><br></div><div class="battle-history"><small>The opposing Escavalier restored a little HP using its Leftovers!</small><br></div><div class="battle-history"><small>The opposing Escavalier's health is sapped by Leech Seed!</small><br></div><div class="spacer battle-history"><br></div><h2 class="battle-history">Turn 24</h2><div class="spacer battle-history"><br></div><div class="battle-history">The opposing Escavalier used <strong>Rest</strong>!<br></div><div class="battle-history"><small>The opposing Escavalier fell asleep!</small><br></div><div class="battle-history"><small>The opposing Escavalier slept and became healthy!</small><br></div><div class="spacer battle-history"><br></div><div class="battle-history">BABY KINGLAX is fast asleep.<br></div><div class="spacer battle-history"><br></div><div class="battle-history">BABY KINGLAX used <strong>Sleep Talk</strong>!<br></div><div class="spacer battle-history"><br></div><div class="battle-history">BABY KINGLAX used <strong>Rest</strong>!<br></div><div class="battle-history"><small>But it failed!</small><br></div><div class="spacer battle-history"><br></div><div class="battle-history"><small>The opposing Escavalier's health is sapped by Leech Seed!</small><br></div><div class="spacer battle-history"><br></div><h2 class="battle-history">Turn 25</h2><div class="spacer battle-history"><br></div><div class="battle-history">The opposing Escavalier is fast asleep.<br></div><div class="spacer battle-history"><br></div><div class="battle-history">The opposing Escavalier used <strong>Sleep Talk</strong>!<br></div><div class="spacer battle-history"><br></div><div class="battle-history">The opposing Escavalier used <strong>Megahorn</strong>!<br></div><div class="battle-history"><small>(BABY KINGLAX lost <abbr title="−397/474">83.8%</abbr> of its health!)</small><br></div><div class="spacer battle-history"><br></div><div class="battle-history">BABY KINGLAX is fast asleep.<br></div><div class="spacer battle-history"><br></div><div class="battle-history">BABY KINGLAX used <strong>Sleep Talk</strong>!<br></div><div class="spacer battle-history"><br></div><div class="battle-history">BABY KINGLAX used <strong>Curse</strong>!<br></div><div class="battle-history"><small>BABY KINGLAX's Speed fell!</small><br></div><div class="battle-history"><small>BABY KINGLAX's Attack rose!</small><br></div><div class="battle-history"><small>BABY KINGLAX's Defense rose!</small><br></div><div class="spacer battle-history"><br></div><div class="battle-history"><small>The opposing Escavalier restored a little HP using its Leftovers!</small><br></div><div class="battle-history"><small>The opposing Escavalier's health is sapped by Leech Seed!</small><br></div><div class="spacer battle-history"><br></div><h2 class="battle-history">Turn 26</h2><div class="spacer battle-history"><br></div><div class="battle-history">The opposing Escavalier is fast asleep.<br></div><div class="spacer battle-history"><br></div><div class="battle-history">The opposing Escavalier used <strong>Sleep Talk</strong>!<br></div><div class="spacer battle-history"><br></div><div class="battle-history">The opposing Escavalier used <strong>Rest</strong>!<br></div><div class="battle-history"><small>But it failed!</small><br></div><div class="battle-history"><small>BABY KINGLAX woke up!</small><br></div><div class="spacer battle-history"><br></div><div class="battle-history">BABY KINGLAX used <strong>Rest</strong>!<br></div><div class="battle-history"><small>BABY KINGLAX fell asleep!</small><br></div><div class="battle-history"><small>BABY KINGLAX slept and became healthy!</small><br></div><div class="spacer battle-history"><br></div><div class="battle-history"><small>The opposing Escavalier restored a little HP using its Leftovers!</small><br></div><div class="battle-history"><small>The opposing Escavalier's health is sapped by Leech Seed!</small><br></div><div class="spacer battle-history"><br></div><h2 class="battle-history">Turn 27</h2><div class="spacer battle-history"><br></div><div class="battle-history"><small>The opposing Escavalier woke up!</small><br></div><div class="spacer battle-history"><br></div><div class="battle-history">The opposing Escavalier used <strong>Swords Dance</strong>!<br></div><div class="battle-history"><small>The opposing Escavalier's Attack rose sharply!</small><br></div><div class="spacer battle-history"><br></div><div class="battle-history">BABY KINGLAX is fast asleep.<br></div><div class="spacer battle-history"><br></div><div class="battle-history">BABY KINGLAX used <strong>Sleep Talk</strong>!<br></div><div class="spacer battle-history"><br></div><div class="battle-history">BABY KINGLAX used <strong>Curse</strong>!<br></div><div class="battle-history"><small>BABY KINGLAX's Speed fell!</small><br></div><div class="battle-history"><small>BABY KINGLAX's Attack rose!</small><br></div><div class="battle-history"><small>BABY KINGLAX's Defense rose!</small><br></div><div class="spacer battle-history"><br></div><div class="battle-history"><small>The opposing Escavalier restored a little HP using its Leftovers!</small><br></div><div class="battle-history"><small>The opposing Escavalier's health is sapped by Leech Seed!</small><br></div><div class="spacer battle-history"><br></div><h2 class="battle-history">Turn 28</h2><div class="spacer battle-history"><br></div><div class="battle-history">The opposing Escavalier used <strong>Megahorn</strong>!<br></div><div class="battle-history"><small>(BABY KINGLAX lost <abbr title="−339/474">71.5%</abbr> of its health!)</small><br></div><div class="spacer battle-history"><br></div><div class="battle-history">BABY KINGLAX is fast asleep.<br></div><div class="spacer battle-history"><br></div><div class="battle-history">BABY KINGLAX used <strong>Sleep Talk</strong>!<br></div><div class="spacer battle-history"><br></div><div class="battle-history">BABY KINGLAX used <strong>Body Slam</strong>!<br></div><div class="battle-history"><small>It's not very effective...</small><br></div><div class="battle-history"><small>(The opposing Escavalier lost <abbr title="−132/344">38.4%</abbr> of its health!)</small><br></div><div class="spacer battle-history"><br></div><div class="battle-history"><small>The opposing Escavalier restored a little HP using its Leftovers!</small><br></div><div class="battle-history"><small>The opposing Escavalier's health is sapped by Leech Seed!</small><br></div><div class="spacer battle-history"><br></div><h2 class="battle-history">Turn 29</h2><div class="spacer battle-history"><br></div><div class="battle-history">The opposing Escavalier used <strong>Megahorn</strong>!<br></div><div class="battle-history"><small>(BABY KINGLAX lost <abbr title="−178/474">37.6%</abbr> of its health!)</small><br></div><div class="spacer battle-history"><br></div><div class="battle-history">BABY KINGLAX fainted!<br></div><div class="spacer battle-history"><br></div><div class="battle-history"><small>The opposing Escavalier restored a little HP using its Leftovers!</small><br></div><div class="chat chatmessage-traceoflife"><strong style="color:hsl(282,51%,53.51556426559301%)"><small>★</small><span class="username" data-name="TraceofLife">TraceofLife</span>:</strong> <em>gg</em></div><div class="battle-history"><small>TraceofLife forfeited.</small><br></div><div class="spacer battle-history"><br></div><div class="battle-history"><strong>ETERNAL SPIRIT</strong> won the battle!<br></div></div><div class="inner-preempt"></div></div></div>
</div>
<script>
let daily = Math.floor(Date.now()/1000/60/60/24);document.write('<script src="https://play.pokemonshowdown.com/js/replay-embed.js?version'+daily+'"></'+'script>');
</script>
