<!DOCTYPE html>
<meta charset="utf-8" />
<!-- version 1 -->
<title>RU replay: Britania☆ vs. EviGaro</title>
<style>
html,body {font-family:Verdana, sans-serif;font-size:10pt;margin:0;padding:0;}body{padding:12px 0;} .battle-log {font-family:Verdana, sans-serif;font-size:10pt;} .battle-log-inline {border:1px solid #AAAAAA;background:#EEF2F5;color:black;max-width:640px;margin:0 auto 80px;padding-bottom:5px;} .battle-log .inner {padding:4px 8px 0px 8px;} .battle-log .inner-preempt {padding:0 8px 4px 8px;} .battle-log .inner-after {margin-top:0.5em;} .battle-log h2 {margin:0.5em -8px;padding:4px 8px;border:1px solid #AAAAAA;background:#E0E7EA;border-left:0;border-right:0;font-family:Verdana, sans-serif;font-size:13pt;} .battle-log .chat {vertical-align:middle;padding:3px 0 3px 0;font-size:8pt;} .battle-log .chat strong {color:#40576A;} .battle-log .chat em {padding:1px 4px 1px 3px;color:#000000;font-style:normal;} .chat.mine {background:rgba(0,0,0,0.05);margin-left:-8px;margin-right:-8px;padding-left:8px;padding-right:8px;} .spoiler {color:#BBBBBB;background:#BBBBBB;padding:0px 3px;} .spoiler:hover, .spoiler:active, .spoiler-shown {color:#000000;background:#E2E2E2;padding:0px 3px;} .spoiler a {color:#BBBBBB;} .spoiler:hover a, .spoiler:active a, .spoiler-shown a {color:#2288CC;} .chat code, .chat .spoiler:hover code, .chat .spoiler:active code, .chat .spoiler-shown code {border:1px solid #C0C0C0;background:#EEEEEE;color:black;padding:0 2px;} .chat .spoiler code {border:1px solid #CCCCCC;background:#CCCCCC;color:#CCCCCC;} .battle-log .rated {padding:3px 4px;} .battle-log .rated strong {color:white;background:#89A;padding:1px 4px;border-radius:4px;} .spacer {margin-top:0.5em;} .message-announce {background:#6688AA;color:white;padding:1px 4px 2px;} .message-announce a, .broadcast-green a, .broadcast-blue a, .broadcast-red a {color:#DDEEFF;} .broadcast-green {background-color:#559955;color:white;padding:2px 4px;} .broadcast-blue {background-color:#6688AA;color:white;padding:2px 4px;} .infobox {border:1px solid #6688AA;padding:2px 4px;} .infobox-limited {max-height:200px;overflow:auto;overflow-x:hidden;} .broadcast-red {background-color:#AA5544;color:white;padding:2px 4px;} .message-learn-canlearn {font-weight:bold;color:#228822;text-decoration:underline;} .message-learn-cannotlearn {font-weight:bold;color:#CC2222;text-decoration:underline;} .message-effect-weak {font-weight:bold;color:#CC2222;} .message-effect-resist {font-weight:bold;color:#6688AA;} .message-effect-immune {font-weight:bold;color:#666666;} .message-learn-list {margin-top:0;margin-bottom:0;} .message-throttle-notice, .message-error {color:#992222;} .message-overflow, .chat small.message-overflow {font-size:0pt;} .message-overflow::before {font-size:9pt;content:'...';} .subtle {color:#3A4A66;}
</style>
<div class="wrapper replay-wrapper" style="max-width:1180px;margin:0 auto">
<input type="hidden" name="replayid" value="ru-573109141" />
<div class="battle"></div><div class="battle-log"></div><div class="replay-controls"></div><div class="replay-controls-2"></div>
<h1 style="font-weight:normal;text-align:center"><strong>RU</strong><br /><a href="http://pokemonshowdown.com/users/britania" class="subtle" target="_blank">Britania☆</a> vs. <a href="http://pokemonshowdown.com/users/evigaro" class="subtle" target="_blank">EviGaro</a></h1>
<script type="text/plain" class="battle-log-data">|j|Britania☆
|j|EviGaro
|player|p1|Britania☆|260
|player|p2|EviGaro|128
|gametype|singles
|gen|6
|tier|RU
|seed|60350,3954,7974,36561
|rule|Sleep Clause Mod: Limit one foe put to sleep
|rule|Species Clause: Limit one of each Pokémon
|rule|OHKO Clause: OHKO moves are banned
|rule|Moody Clause: Moody is banned
|rule|Evasion Moves Clause: Evasion moves are banned
|rule|Endless Battle Clause: Forcing endless battles is banned
|rule|HP Percentage Mod: HP is shown in percentages
|clearpoke
|poke|p1|Alomomola, F|item
|poke|p1|Registeel|item
|poke|p1|Flygon, M|item
|poke|p1|Drapion, F|item
|poke|p1|Sigilyph, F|item
|poke|p1|Granbull, F|item
|poke|p2|Archeops, M|item
|poke|p2|Drapion, M|item
|poke|p2|Hitmonlee, M|item
|poke|p2|Omastar, F|item
|poke|p2|Sigilyph, F|item
|poke|p2|Glalie, F|item
|rule|Swagger Clause: Swagger is banned
|rule|Baton Pass Clause: Limit one Baton Passer, can't pass Spe and other stats simultaneously
|teampreview
|choice|team 4, team 2, team 3, team 1, team 5, team 6|team 1, team 2, team 3, team 4, team 5, team 6
|
|start
|switch|p1a: Drapion|Drapion, F|281\/281
|switch|p2a: Archeops|Archeops, M|291\/291
|turn|1
|choice|move knockoff|move stealthrock
|
|move|p1a: Drapion|Knock Off|p2a: Archeops
|-crit|p2a: Archeops
|-enditem|p2a: Archeops|Focus Sash
|-damage|p2a: Archeops|1\/291
|move|p2a: Archeops|Stealth Rock|p1a: Drapion
|-sidestart|p1: Britania☆|move: Stealth Rock
|
|upkeep
|turn|2
|choice|move knockoff|move headsmash
|
|move|p1a: Drapion|Knock Off|p2a: Archeops
|-damage|p2a: Archeops|0 fnt
|faint|p2a: Archeops
|
|upkeep
|choice||switch 3
|
|switch|p2a: Hitmonlee|Hitmonlee, M|241\/241
|turn|3
|choice|switch 4|move highjumpkick
|
|switch|p1a: Alomomola|Alomomola, F|501\/501
|-damage|p1a: Alomomola|439\/501|[from] Stealth Rock
|move|p2a: Hitmonlee|High Jump Kick|p1a: Alomomola|[miss]
|-miss|p2a: Hitmonlee|p1a: Alomomola
|-damage|p2a: Hitmonlee|121\/241|[from] highjumpkick
|
|-heal|p1a: Alomomola|470\/501|[from] item: Leftovers
|upkeep
|turn|4
|choice|move knockoff|switch 5
|
|switch|p2a: Sigilyph|Sigilyph, F|285\/285
|move|p1a: Alomomola|Knock Off|p2a: Sigilyph
|-supereffective|p2a: Sigilyph
|-damage|p2a: Sigilyph|153\/285
|-enditem|p2a: Sigilyph|Life Orb|[from] move: Knock Off|[of] p1a: Alomomola
|
|-heal|p1a: Alomomola|501\/501|[from] item: Leftovers
|upkeep
|turn|5
|choice|move wish|move heatwave
|
|move|p2a: Sigilyph|Heat Wave|p1a: Alomomola
|-resisted|p1a: Alomomola
|-damage|p1a: Alomomola|438\/501
|move|p1a: Alomomola|Wish|p1a: Alomomola
|
|-heal|p1a: Alomomola|469\/501|[from] item: Leftovers
|upkeep
|turn|6
|choice|switch 2|switch 6
|
|switch|p2a: Glalie|Glalie, F|301\/301
|switch|p1a: Registeel|Registeel|361\/361
|-damage|p1a: Registeel|339\/361|[from] Stealth Rock
|
|-heal|p1a: Registeel|361\/361|[from] move: Wish|[wisher] Alomomola
|upkeep
|turn|7
|choice|move stealthrock|move spikes mega
|
|detailschange|p2a: Glalie|Glalie-Mega, F
|-mega|p2a: Glalie|Glalie|Glalitite
|move|p2a: Glalie|Spikes|p1a: Registeel
|-sidestart|p1: Britania☆|Spikes
|move|p1a: Registeel|Stealth Rock|p2a: Glalie
|-sidestart|p2: EviGaro|move: Stealth Rock
|
|upkeep
|turn|8
|choice|move thunderwave|switch 6
|
|switch|p2a: Sigilyph|Sigilyph, F|153\/285
|move|p1a: Registeel|Thunder Wave|p2a: Sigilyph
|-status|p2a: Sigilyph|par
|
|upkeep
|turn|9
|choice|move seismictoss|move heatwave
|
|move|p1a: Registeel|Seismic Toss|p2a: Sigilyph
|-damage|p2a: Sigilyph|53\/285 par
|move|p2a: Sigilyph|Heat Wave|p1a: Registeel
|-supereffective|p1a: Registeel
|-damage|p1a: Registeel|241\/361
|
|-heal|p1a: Registeel|263\/361|[from] item: Leftovers
|upkeep
|turn|10
|choice|move seismictoss|move heatwave
|
|move|p1a: Registeel|Seismic Toss|p2a: Sigilyph
|-damage|p2a: Sigilyph|0 fnt
|faint|p2a: Sigilyph
|
|-heal|p1a: Registeel|285\/361|[from] item: Leftovers
|upkeep
|choice||switch 2
|
|switch|p2a: Drapion|Drapion, M|285\/285
|-damage|p2a: Drapion|250\/285|[from] Stealth Rock
|turn|11
|choice|move thunderwave|move knockoff
|
|move|p2a: Drapion|Knock Off|p1a: Registeel
|-damage|p1a: Registeel|180\/361
|-enditem|p1a: Registeel|Leftovers|[from] move: Knock Off|[of] p2a: Drapion
|move|p1a: Registeel|Thunder Wave|p2a: Drapion
|-status|p2a: Drapion|par
|
|upkeep
|turn|12
|choice|switch 3|move knockoff
|
|switch|p1a: Flygon|Flygon, M|364\/364
|-damage|p1a: Flygon|342\/364|[from] Stealth Rock
|cant|p2a: Drapion|par
|
|-heal|p1a: Flygon|364\/364|[from] item: Leftovers
|upkeep
|turn|13
|choice|move defog|move knockoff
|
|move|p1a: Flygon|Defog|p2a: Drapion
|-unboost|p2a: Drapion|evasion|1
|-sideend|p2: EviGaro|Stealth Rock|[from] move: Defog|[of] p2a: Drapion
|-sideend|p1: Britania☆|Spikes|[from] move: Defog|[of] p1a: Flygon
|-sideend|p1: Britania☆|Stealth Rock|[from] move: Defog|[of] p1a: Flygon
|cant|p2a: Drapion|par
|
|upkeep
|turn|14
|choice|move earthquake|move knockoff
|
|move|p1a: Flygon|Earthquake|p2a: Drapion
|-supereffective|p2a: Drapion
|-damage|p2a: Drapion|46\/285 par
|move|p2a: Drapion|Knock Off|p1a: Flygon
|-damage|p1a: Flygon|195\/364
|-enditem|p1a: Flygon|Leftovers|[from] move: Knock Off|[of] p2a: Drapion
|
|upkeep
|turn|15
|c|☆EviGaro|lol
|choice|move earthquake|move knockoff
|
|move|p1a: Flygon|Earthquake|p2a: Drapion
|-supereffective|p2a: Drapion
|-damage|p2a: Drapion|0 fnt
|faint|p2a: Drapion
|
|upkeep
|choice||switch 4
|
|switch|p2a: Omastar|Omastar, F|281\/281
|turn|16
|choice|move earthquake|move shellsmash
|
|move|p1a: Flygon|Earthquake|p2a: Omastar
|-supereffective|p2a: Omastar
|-enditem|p2a: Omastar|Shuca Berry|[eat]
|-enditem|p2a: Omastar|Shuca Berry|[weaken]
|-damage|p2a: Omastar|175\/281
|-ability|p2a: Omastar|Weak Armor|boost
|-unboost|p2a: Omastar|def|1
|-boost|p2a: Omastar|spe|1
|move|p2a: Omastar|Shell Smash|p2a: Omastar
|-unboost|p2a: Omastar|def|1
|-unboost|p2a: Omastar|spd|1
|-boost|p2a: Omastar|atk|2
|-boost|p2a: Omastar|spa|2
|-boost|p2a: Omastar|spe|2
|
|upkeep
|turn|17
|choice|move earthquake|move icebeam
|
|move|p2a: Omastar|Ice Beam|p1a: Flygon
|-supereffective|p1a: Flygon
|-damage|p1a: Flygon|0 fnt
|faint|p1a: Flygon
|
|upkeep
|choice|switch 3|
|
|switch|p1a: Registeel|Registeel|180\/361
|turn|18
|choice|move thunderwave|move surf
|
|move|p2a: Omastar|Surf|p1a: Registeel
|-damage|p1a: Registeel|0 fnt
|faint|p1a: Registeel
|
|upkeep
|choice|switch 4|
|
|switch|p1a: Drapion|Drapion, F|281\/281
|turn|19
|choice|move earthquake|move surf
|
|move|p2a: Omastar|Surf|p1a: Drapion
|-damage|p1a: Drapion|0 fnt
|faint|p1a: Drapion
|
|upkeep
|choice|switch 2|
|
|switch|p1a: Alomomola|Alomomola, F|501\/501
|turn|20
|choice|move knockoff|move hiddenpower
|
|move|p2a: Omastar|Hidden Power|p1a: Alomomola
|-supereffective|p1a: Alomomola
|-damage|p1a: Alomomola|157\/501
|move|p1a: Alomomola|Knock Off|p2a: Omastar
|-damage|p2a: Omastar|114\/281
|-ability|p2a: Omastar|Weak Armor|boost
|-unboost|p2a: Omastar|def|1
|-boost|p2a: Omastar|spe|1
|
|-heal|p1a: Alomomola|188\/501|[from] item: Leftovers
|upkeep
|turn|21
|choice|move scald|move hiddenpower
|
|move|p2a: Omastar|Hidden Power|p1a: Alomomola
|-supereffective|p1a: Alomomola
|-damage|p1a: Alomomola|0 fnt
|faint|p1a: Alomomola
|
|upkeep
|choice|switch 6|
|
|switch|p1a: Granbull|Granbull, F|384\/384
|-ability|p1a: Granbull|Intimidate|boost
|-unboost|p2a: Omastar|atk|1
|turn|22
|choice|move thunderwave|move surf
|
|move|p2a: Omastar|Surf|p1a: Granbull
|-damage|p1a: Granbull|0 fnt
|faint|p1a: Granbull
|
|upkeep
|choice|switch 5|
|
|switch|p1a: Sigilyph|Sigilyph, F|348\/348
|turn|23
|choice|move airslash|move icebeam
|
|move|p2a: Omastar|Ice Beam|p1a: Sigilyph
|-supereffective|p1a: Sigilyph
|-damage|p1a: Sigilyph|0 fnt
|faint|p1a: Sigilyph
|
|win|EviGaro
|l|Britania☆
|c|☆EviGaro|gg.</script>
</div>
<div class="battle-log battle-log-inline"><div class="inner"><div class="battle-options"></div><div class="inner"><div class="chat"><small>Britania☆ joined.</small></div><div class="chat"><small>EviGaro joined.</small></div><div class=""><small>Format:</small> <br><strong>RU</strong></div><div class=""><small><em>Sleep Clause Mod:</em> Limit one foe put to sleep</small></div><div class=""><small><em>Species Clause:</em> Limit one of each Pokémon</small></div><div class=""><small><em>OHKO Clause:</em> OHKO moves are banned</small></div><div class=""><small><em>Moody Clause:</em> Moody is banned</small></div><div class=""><small><em>Evasion Moves Clause:</em> Evasion moves are banned</small></div><div class=""><small><em>Endless Battle Clause:</em> Forcing endless battles is banned</small></div><div class=""><small><em>HP Percentage Mod:</em> HP is shown in percentages</small></div><div class=""><small><em>Swagger Clause:</em> Swagger is banned</small></div><div class=""><small><em>Baton Pass Clause:</em> Limit one Baton Passer, can't pass Spe and other stats simultaneously</small></div><div class="chat battle-history"><strong>Britania☆'s team:</strong> <em style="color:#445566;display:block;">Alomomola / Registeel / Flygon / Drapion / Sigilyph / Granbull</em></div><div class="chat battle-history"><strong>EviGaro's team:</strong> <em style="color:#445566;display:block;">Archeops / Drapion / Hitmonlee / Omastar / Sigilyph / Glalie</em></div><div class="spacer battle-history"><br></div><div class="battle-history">Battle started between Britania☆ and EviGaro!<br></div><div class="spacer battle-history"><br></div><div class="battle-history">Go! <strong>Drapion</strong>!<br></div><div class="spacer battle-history"><br></div><div class="battle-history">EviGaro sent out <strong>Archeops</strong>!<br></div><div class="spacer battle-history"><br></div><h2 class="battle-history">Turn 1</h2><div class="spacer battle-history"><br></div><div class="battle-history">Drapion used <strong>Knock Off</strong>!<br></div><div class="battle-history"><small>A critical hit!</small><br></div><div class="battle-history"><small>The opposing Archeops hung on using its Focus Sash!</small><br></div><div class="battle-history"><small>(The opposing Archeops lost <abbr title="−290/291">99.7%</abbr> of its health!)</small><br></div><div class="spacer battle-history"><br></div><div class="battle-history">The opposing Archeops used <strong>Stealth Rock</strong>!<br></div><div class="battle-history"><small>Pointed stones float in the air around your team!</small><br></div><div class="spacer battle-history"><br></div><h2 class="battle-history">Turn 2</h2><div class="spacer battle-history"><br></div><div class="battle-history">Drapion used <strong>Knock Off</strong>!<br></div><div class="battle-history"><small>(The opposing Archeops lost <abbr title="−1/291">0.3%</abbr> of its health!)</small><br></div><div class="spacer battle-history"><br></div><div class="battle-history">The opposing Archeops fainted!<br></div><div class="spacer battle-history"><br></div><div class="battle-history">EviGaro sent out <strong>Hitmonlee</strong>!<br></div><div class="spacer battle-history"><br></div><h2 class="battle-history">Turn 3</h2><div class="spacer battle-history"><br></div><div class="battle-history">Drapion, come back!<br></div><div class="battle-history">Go! <strong>Alomomola</strong>!<br></div><div class="battle-history"><small>Pointed stones dug into Alomomola!</small><br></div><div class="spacer battle-history"><br></div><div class="battle-history">The opposing Hitmonlee used <strong>High Jump Kick</strong>!<br></div><div class="battle-history"><small>Alomomola avoided the attack!</small><br></div><div class="battle-history"><small>The opposing Hitmonlee kept going and crashed!</small><br></div><div class="spacer battle-history"><br></div><div class="battle-history"><small>Alomomola restored a little HP using its Leftovers!</small><br></div><div class="spacer battle-history"><br></div><h2 class="battle-history">Turn 4</h2><div class="spacer battle-history"><br></div><div class="battle-history">EviGaro withdrew Hitmonlee!<br></div><div class="battle-history">EviGaro sent out <strong>Sigilyph</strong>!<br></div><div class="spacer battle-history"><br></div><div class="battle-history">Alomomola used <strong>Knock Off</strong>!<br></div><div class="battle-history"><small>It's super effective!</small><br></div><div class="battle-history"><small>(The opposing Sigilyph lost <abbr title="−132/285">46.3%</abbr> of its health!)</small><br></div><div class="battle-history"><small>Alomomola knocked off the opposing Sigilyph's Life Orb!</small><br></div><div class="spacer battle-history"><br></div><div class="battle-history"><small>Alomomola restored a little HP using its Leftovers!</small><br></div><div class="spacer battle-history"><br></div><h2 class="battle-history">Turn 5</h2><div class="spacer battle-history"><br></div><div class="battle-history">The opposing Sigilyph used <strong>Heat Wave</strong>!<br></div><div class="battle-history"><small>It's not very effective...</small><br></div><div class="battle-history"><small>(Alomomola lost <abbr title="−63/501">12.6%</abbr> of its health!)</small><br></div><div class="spacer battle-history"><br></div><div class="battle-history">Alomomola used <strong>Wish</strong>!<br></div><div class="spacer battle-history"><br></div><div class="battle-history"><small>Alomomola restored a little HP using its Leftovers!</small><br></div><div class="spacer battle-history"><br></div><h2 class="battle-history">Turn 6</h2><div class="spacer battle-history"><br></div><div class="battle-history">EviGaro withdrew Sigilyph!<br></div><div class="battle-history">EviGaro sent out <strong>Glalie</strong>!<br></div><div class="spacer battle-history"><br></div><div class="battle-history">Alomomola, come back!<br></div><div class="battle-history">Go! <strong>Registeel</strong>!<br></div><div class="battle-history"><small>Pointed stones dug into Registeel!</small><br></div><div class="spacer battle-history"><br></div><div class="battle-history"><small>Alomomola's wish came true!</small><br></div><div class="spacer battle-history"><br></div><h2 class="battle-history">Turn 7</h2><div class="spacer battle-history"><br></div><div class="battle-history"><small>The opposing Glalie's Glalitite is reacting to EviGaro's Mega Bracelet!</small><br>The opposing Glalie has Mega Evolved into Mega Glalie!<br></div><div class="spacer battle-history"><br></div><div class="battle-history">The opposing Glalie used <strong>Spikes</strong>!<br></div><div class="battle-history"><small>Spikes were scattered on the ground all around your team!</small><br></div><div class="spacer battle-history"><br></div><div class="battle-history">Registeel used <strong>Stealth Rock</strong>!<br></div><div class="battle-history"><small>Pointed stones float in the air around the opposing team!</small><br></div><div class="spacer battle-history"><br></div><h2 class="battle-history">Turn 8</h2><div class="spacer battle-history"><br></div><div class="battle-history">EviGaro withdrew Glalie!<br></div><div class="battle-history">EviGaro sent out <strong>Sigilyph</strong>!<br></div><div class="spacer battle-history"><br></div><div class="battle-history">Registeel used <strong>Thunder Wave</strong>!<br></div><div class="battle-history"><small>The opposing Sigilyph is paralyzed! It may be unable to move!</small><br></div><div class="spacer battle-history"><br></div><h2 class="battle-history">Turn 9</h2><div class="spacer battle-history"><br></div><div class="battle-history">Registeel used <strong>Seismic Toss</strong>!<br></div><div class="battle-history"><small>(The opposing Sigilyph lost <abbr title="−100/285">35.1%</abbr> of its health!)</small><br></div><div class="spacer battle-history"><br></div><div class="battle-history">The opposing Sigilyph used <strong>Heat Wave</strong>!<br></div><div class="battle-history"><small>It's super effective!</small><br></div><div class="battle-history"><small>(Registeel lost <abbr title="−120/361">33.2%</abbr> of its health!)</small><br></div><div class="spacer battle-history"><br></div><div class="battle-history"><small>Registeel restored a little HP using its Leftovers!</small><br></div><div class="spacer battle-history"><br></div><h2 class="battle-history">Turn 10</h2><div class="spacer battle-history"><br></div><div class="battle-history">Registeel used <strong>Seismic Toss</strong>!<br></div><div class="battle-history"><small>(The opposing Sigilyph lost <abbr title="−53/285">18.6%</abbr> of its health!)</small><br></div><div class="spacer battle-history"><br></div><div class="battle-history">The opposing Sigilyph fainted!<br></div><div class="spacer battle-history"><br></div><div class="battle-history"><small>Registeel restored a little HP using its Leftovers!</small><br></div><div class="spacer battle-history"><br></div><div class="battle-history">EviGaro sent out <strong>Drapion</strong>!<br></div><div class="battle-history"><small>Pointed stones dug into the opposing Drapion!</small><br></div><div class="spacer battle-history"><br></div><h2 class="battle-history">Turn 11</h2><div class="spacer battle-history"><br></div><div class="battle-history">The opposing Drapion used <strong>Knock Off</strong>!<br></div><div class="battle-history"><small>(Registeel lost <abbr title="−105/361">29.1%</abbr> of its health!)</small><br></div><div class="battle-history"><small>The opposing Drapion knocked off Registeel's Leftovers!</small><br></div><div class="spacer battle-history"><br></div><div class="battle-history">Registeel used <strong>Thunder Wave</strong>!<br></div><div class="battle-history"><small>The opposing Drapion is paralyzed! It may be unable to move!</small><br></div><div class="spacer battle-history"><br></div><h2 class="battle-history">Turn 12</h2><div class="spacer battle-history"><br></div><div class="battle-history">Registeel, come back!<br></div><div class="battle-history">Go! <strong>Flygon</strong>!<br></div><div class="battle-history"><small>Pointed stones dug into Flygon!</small><br></div><div class="spacer battle-history"><br></div><div class="battle-history">The opposing Drapion is paralyzed! It can't move!<br></div><div class="spacer battle-history"><br></div><div class="battle-history"><small>Flygon restored a little HP using its Leftovers!</small><br></div><div class="spacer battle-history"><br></div><h2 class="battle-history">Turn 13</h2><div class="spacer battle-history"><br></div><div class="battle-history">Flygon used <strong>Defog</strong>!<br></div><div class="battle-history"><small>The opposing Drapion's evasiveness fell!</small><br></div><div class="battle-history"><small>The pointed stones disappeared from around the opposing team!</small><br></div><div class="battle-history"><small>The spikes disappeared from the ground around your team!</small><br></div><div class="battle-history"><small>The pointed stones disappeared from around your team!</small><br></div><div class="spacer battle-history"><br></div><div class="battle-history">The opposing Drapion is paralyzed! It can't move!<br></div><div class="spacer battle-history"><br></div><h2 class="battle-history">Turn 14</h2><div class="spacer battle-history"><br></div><div class="battle-history">Flygon used <strong>Earthquake</strong>!<br></div><div class="battle-history"><small>It's super effective!</small><br></div><div class="battle-history"><small>(The opposing Drapion lost <abbr title="−204/285">71.6%</abbr> of its health!)</small><br></div><div class="spacer battle-history"><br></div><div class="battle-history">The opposing Drapion used <strong>Knock Off</strong>!<br></div><div class="battle-history"><small>(Flygon lost <abbr title="−169/364">46.4%</abbr> of its health!)</small><br></div><div class="battle-history"><small>The opposing Drapion knocked off Flygon's Leftovers!</small><br></div><div class="spacer battle-history"><br></div><h2 class="battle-history">Turn 15</h2><div class="chat chatmessage-evigaro"><strong style="color:hsl(57,78%,32.99963059042893%)"><small>☆</small><span class="username" data-name="EviGaro">EviGaro</span>:</strong> <em>lol</em></div><div class="spacer battle-history"><br></div><div class="battle-history">Flygon used <strong>Earthquake</strong>!<br></div><div class="battle-history"><small>It's super effective!</small><br></div><div class="battle-history"><small>(The opposing Drapion lost <abbr title="−46/285">16.1%</abbr> of its health!)</small><br></div><div class="spacer battle-history"><br></div><div class="battle-history">The opposing Drapion fainted!<br></div><div class="spacer battle-history"><br></div><div class="battle-history">EviGaro sent out <strong>Omastar</strong>!<br></div><div class="spacer battle-history"><br></div><h2 class="battle-history">Turn 16</h2><div class="spacer battle-history"><br></div><div class="battle-history">Flygon used <strong>Earthquake</strong>!<br></div><div class="battle-history"><small>It's super effective!</small><br></div><div class="battle-history"><small>The opposing Omastar ate its Shuca Berry!</small><br></div><div class="battle-history"><small>The Shuca Berry weakened the damage to the opposing Omastar!</small><br></div><div class="battle-history"><small>(The opposing Omastar lost <abbr title="−106/281">37.7%</abbr> of its health!)</small><br></div><div class="battle-history"><small>[The opposing Omastar's Weak Armor]</small><br></div><div class="battle-history"><small>The opposing Omastar's Defense fell!</small><br></div><div class="battle-history"><small>The opposing Omastar's Speed rose!</small><br></div><div class="spacer battle-history"><br></div><div class="battle-history">The opposing Omastar used <strong>Shell Smash</strong>!<br></div><div class="battle-history"><small>The opposing Omastar's Defense fell!</small><br></div><div class="battle-history"><small>The opposing Omastar's Special Defense fell!</small><br></div><div class="battle-history"><small>The opposing Omastar's Attack rose sharply!</small><br></div><div class="battle-history"><small>The opposing Omastar's Special Attack rose sharply!</small><br></div><div class="battle-history"><small>The opposing Omastar's Speed rose sharply!</small><br></div><div class="spacer battle-history"><br></div><h2 class="battle-history">Turn 17</h2><div class="spacer battle-history"><br></div><div class="battle-history">The opposing Omastar used <strong>Ice Beam</strong>!<br></div><div class="battle-history"><small>It's super effective!</small><br></div><div class="battle-history"><small>(Flygon lost <abbr title="−195/364">53.6%</abbr> of its health!)</small><br></div><div class="spacer battle-history"><br></div><div class="battle-history">Flygon fainted!<br></div><div class="spacer battle-history"><br></div><div class="battle-history">Go! <strong>Registeel</strong>!<br></div><div class="spacer battle-history"><br></div><h2 class="battle-history">Turn 18</h2><div class="spacer battle-history"><br></div><div class="battle-history">The opposing Omastar used <strong>Surf</strong>!<br></div><div class="battle-history"><small>(Registeel lost <abbr title="−180/361">49.9%</abbr> of its health!)</small><br></div><div class="spacer battle-history"><br></div><div class="battle-history">Registeel fainted!<br></div><div class="spacer battle-history"><br></div><div class="battle-history">Go! <strong>Drapion</strong>!<br></div><div class="spacer battle-history"><br></div><h2 class="battle-history">Turn 19</h2><div class="spacer battle-history"><br></div><div class="battle-history">The opposing Omastar used <strong>Surf</strong>!<br></div><div class="battle-history"><small>(Drapion lost <abbr title="−281/281">100%</abbr> of its health!)</small><br></div><div class="spacer battle-history"><br></div><div class="battle-history">Drapion fainted!<br></div><div class="spacer battle-history"><br></div><div class="battle-history">Go! <strong>Alomomola</strong>!<br></div><div class="spacer battle-history"><br></div><h2 class="battle-history">Turn 20</h2><div class="spacer battle-history"><br></div><div class="battle-history">The opposing Omastar used <strong>Hidden Power</strong>!<br></div><div class="battle-history"><small>It's super effective!</small><br></div><div class="battle-history"><small>(Alomomola lost <abbr title="−344/501">68.7%</abbr> of its health!)</small><br></div><div class="spacer battle-history"><br></div><div class="battle-history">Alomomola used <strong>Knock Off</strong>!<br></div><div class="battle-history"><small>(The opposing Omastar lost <abbr title="−61/281">21.7%</abbr> of its health!)</small><br></div><div class="battle-history"><small>[The opposing Omastar's Weak Armor]</small><br></div><div class="battle-history"><small>The opposing Omastar's Defense fell!</small><br></div><div class="battle-history"><small>The opposing Omastar's Speed rose!</small><br></div><div class="spacer battle-history"><br></div><div class="battle-history"><small>Alomomola restored a little HP using its Leftovers!</small><br></div><div class="spacer battle-history"><br></div><h2 class="battle-history">Turn 21</h2><div class="spacer battle-history"><br></div><div class="battle-history">The opposing Omastar used <strong>Hidden Power</strong>!<br></div><div class="battle-history"><small>It's super effective!</small><br></div><div class="battle-history"><small>(Alomomola lost <abbr title="−188/501">37.5%</abbr> of its health!)</small><br></div><div class="spacer battle-history"><br></div><div class="battle-history">Alomomola fainted!<br></div><div class="spacer battle-history"><br></div><div class="battle-history">Go! <strong>Granbull</strong>!<br></div><div class="battle-history"><small>[Granbull's Intimidate]</small><br></div><div class="battle-history"><small>The opposing Omastar's Attack fell!</small><br></div><div class="spacer battle-history"><br></div><h2 class="battle-history">Turn 22</h2><div class="spacer battle-history"><br></div><div class="battle-history">The opposing Omastar used <strong>Surf</strong>!<br></div><div class="battle-history"><small>(Granbull lost <abbr title="−384/384">100%</abbr> of its health!)</small><br></div><div class="spacer battle-history"><br></div><div class="battle-history">Granbull fainted!<br></div><div class="spacer battle-history"><br></div><div class="battle-history">Go! <strong>Sigilyph</strong>!<br></div><div class="spacer battle-history"><br></div><h2 class="battle-history">Turn 23</h2><div class="spacer battle-history"><br></div><div class="battle-history">The opposing Omastar used <strong>Ice Beam</strong>!<br></div><div class="battle-history"><small>It's super effective!</small><br></div><div class="battle-history"><small>(Sigilyph lost <abbr title="−348/348">100%</abbr> of its health!)</small><br></div><div class="spacer battle-history"><br></div><div class="battle-history">Sigilyph fainted!<br></div><div class="spacer battle-history"><br></div><div class="battle-history"><strong>EviGaro</strong> won the battle!<br></div><div class="chat"><small>Britania☆ left.</small></div><div class="chat chatmessage-evigaro"><strong style="color:hsl(57,78%,32.99963059042893%)"><small>☆</small><span class="username" data-name="EviGaro">EviGaro</span>:</strong> <em>gg.</em></div></div><div class="inner-preempt"></div></div></div>
</div>
<script>
let daily = Math.floor(Date.now()/1000/60/60/24);document.write('<script src="https://play.pokemonshowdown.com/js/replay-embed.js?version'+daily+'"></'+'script>');
</script>
