<!DOCTYPE html>
<meta charset="utf-8" />
<!-- version 1 -->
<title>RU replay: SALADEDEFRUIT vs. Keilax</title>
<style>
html,body {font-family:Verdana, sans-serif;font-size:10pt;margin:0;padding:0;}body{padding:12px 0;} .battle-log {font-family:Verdana, sans-serif;font-size:10pt;} .battle-log-inline {border:1px solid #AAAAAA;background:#EEF2F5;color:black;max-width:640px;margin:0 auto 80px;padding-bottom:5px;} .battle-log .inner {padding:4px 8px 0px 8px;} .battle-log .inner-preempt {padding:0 8px 4px 8px;} .battle-log .inner-after {margin-top:0.5em;} .battle-log h2 {margin:0.5em -8px;padding:4px 8px;border:1px solid #AAAAAA;background:#E0E7EA;border-left:0;border-right:0;font-family:Verdana, sans-serif;font-size:13pt;} .battle-log .chat {vertical-align:middle;padding:3px 0 3px 0;font-size:8pt;} .battle-log .chat strong {color:#40576A;} .battle-log .chat em {padding:1px 4px 1px 3px;color:#000000;font-style:normal;} .chat.mine {background:rgba(0,0,0,0.05);margin-left:-8px;margin-right:-8px;padding-left:8px;padding-right:8px;} .spoiler {color:#BBBBBB;background:#BBBBBB;padding:0px 3px;} .spoiler:hover, .spoiler:active, .spoiler-shown {color:#000000;background:#E2E2E2;padding:0px 3px;} .spoiler a {color:#BBBBBB;} .spoiler:hover a, .spoiler:active a, .spoiler-shown a {color:#2288CC;} .chat code, .chat .spoiler:hover code, .chat .spoiler:active code, .chat .spoiler-shown code {border:1px solid #C0C0C0;background:#EEEEEE;color:black;padding:0 2px;} .chat .spoiler code {border:1px solid #CCCCCC;background:#CCCCCC;color:#CCCCCC;} .battle-log .rated {padding:3px 4px;} .battle-log .rated strong {color:white;background:#89A;padding:1px 4px;border-radius:4px;} .spacer {margin-top:0.5em;} .message-announce {background:#6688AA;color:white;padding:1px 4px 2px;} .message-announce a, .broadcast-green a, .broadcast-blue a, .broadcast-red a {color:#DDEEFF;} .broadcast-green {background-color:#559955;color:white;padding:2px 4px;} .broadcast-blue {background-color:#6688AA;color:white;padding:2px 4px;} .infobox {border:1px solid #6688AA;padding:2px 4px;} .infobox-limited {max-height:200px;overflow:auto;overflow-x:hidden;} .broadcast-red {background-color:#AA5544;color:white;padding:2px 4px;} .message-learn-canlearn {font-weight:bold;color:#228822;text-decoration:underline;} .message-learn-cannotlearn {font-weight:bold;color:#CC2222;text-decoration:underline;} .message-effect-weak {font-weight:bold;color:#CC2222;} .message-effect-resist {font-weight:bold;color:#6688AA;} .message-effect-immune {font-weight:bold;color:#666666;} .message-learn-list {margin-top:0;margin-bottom:0;} .message-throttle-notice, .message-error {color:#992222;} .message-overflow, .chat small.message-overflow {font-size:0pt;} .message-overflow::before {font-size:9pt;content:'...';} .subtle {color:#3A4A66;}
</style>
<div class="wrapper replay-wrapper" style="max-width:1180px;margin:0 auto">
<input type="hidden" name="replayid" value="ru-491210008" />
<div class="battle"></div><div class="battle-log"></div><div class="replay-controls"></div><div class="replay-controls-2"></div>
<h1 style="font-weight:normal;text-align:center"><strong>RU</strong><br /><a href="http://pokemonshowdown.com/users/saladedefruit" class="subtle" target="_blank">SALADEDEFRUIT</a> vs. <a href="http://pokemonshowdown.com/users/keilax" class="subtle" target="_blank">Keilax</a></h1>
<script type="text/plain" class="battle-log-data">|j|SALADEDEFRUIT
|j|Keilax
|player|p1|SALADEDEFRUIT|282
|player|p2|Keilax|169
|gametype|singles
|gen|6
|tier|RU
|rated
|seed|41791,27112,43607,43308
|rule|Sleep Clause Mod: Limit one foe put to sleep
|rule|Species Clause: Limit one of each Pokémon
|rule|OHKO Clause: OHKO moves are banned
|rule|Moody Clause: Moody is banned
|rule|Evasion Moves Clause: Evasion moves are banned
|rule|Endless Battle Clause: Forcing endless battles is banned
|rule|HP Percentage Mod: HP is shown in percentages
|clearpoke
|poke|p1|Druddigon, M|item
|poke|p1|Escavalier, M|item
|poke|p1|Blastoise, F, shiny|item
|poke|p1|Flareon, F, shiny|item
|poke|p1|Granbull, M, shiny|item
|poke|p1|Rotom-Mow|item
|poke|p2|Gallade, M|item
|poke|p2|Ampharos, M|item
|poke|p2|Unfezant, M|item
|poke|p2|Venusaur, M|item
|poke|p2|Blastoise, M|item
|poke|p2|Medicham, F|item
|rule|Swagger Clause: Swagger is banned
|rule|Baton Pass Clause: Limit one Baton Passer, can't pass Spe and other stats simultaneously
|teampreview
|choice|team 2, team 1, team 3, team 4, team 5, team 6|team 6, team 2, team 3, team 4, team 5, team 1
|
|start
|switch|p1a: Metal Gear Solid|Escavalier, M|344\/344
|switch|p2a: Medichamp|Medicham, F|261\/261
|turn|1
|choice|move infestation|move highjumpkick
|
|move|p2a: Medichamp|High Jump Kick|p1a: Metal Gear Solid
|-damage|p1a: Metal Gear Solid|149\/344
|-damage|p2a: Medichamp|218\/261|[from] item: Rocky Helmet|[of] p1a: Metal Gear Solid
|move|p1a: Metal Gear Solid|Infestation|p2a: Medichamp
|-damage|p2a: Medichamp|199\/261
|-activate|p2a: Medichamp|move: Infestation|[of] p1a: Metal Gear Solid
|
|-damage|p2a: Medichamp|167\/261|[from] move: Infestation|[partiallytrapped]
|upkeep
|turn|2
|choice|switch 5|move highjumpkick
|
|switch|p1a: Cerberus|Granbull, M, shiny|384\/384
|-ability|p1a: Cerberus|Intimidate|boost
|-unboost|p2a: Medichamp|atk|1
|move|p2a: Medichamp|High Jump Kick|p1a: Cerberus
|-resisted|p1a: Cerberus
|-damage|p1a: Cerberus|297\/384
|
|-heal|p1a: Cerberus|321\/384|[from] item: Leftovers
|upkeep
|turn|3
|choice|move firepunch|switch 4
|
|switch|p2a: Bulbas V|Venusaur, M|364\/364
|move|p1a: Cerberus|Fire Punch|p2a: Bulbas V
|-supereffective|p2a: Bulbas V
|-damage|p2a: Bulbas V|182\/364
|-damage|p1a: Cerberus|257\/384|[from] item: Rocky Helmet|[of] p2a: Bulbas V
|
|-heal|p1a: Cerberus|281\/384|[from] item: Leftovers
|upkeep
|turn|4
|choice|switch 5|move sludgebomb
|
|switch|p1a: Metal Gear Solid|Escavalier, M|149\/344
|move|p2a: Bulbas V|Sludge Bomb|p1a: Metal Gear Solid
|-immune|p1a: Metal Gear Solid|[msg]
|
|upkeep
|turn|5
|choice|move infestation|switch 2
|
|switch|p2a: Ampharos III|Ampharos, M|383\/383
|move|p1a: Metal Gear Solid|Infestation|p2a: Ampharos III
|-damage|p2a: Ampharos III|364\/383
|-activate|p2a: Ampharos III|move: Infestation|[of] p1a: Metal Gear Solid
|
|-damage|p2a: Ampharos III|317\/383|[from] move: Infestation|[partiallytrapped]
|upkeep
|turn|6
|choice|move toxic|move thunderbolt
|
|move|p2a: Ampharos III|Thunderbolt|p1a: Metal Gear Solid
|-damage|p1a: Metal Gear Solid|0 fnt
|faint|p1a: Metal Gear Solid
|
|upkeep
|choice|switch 6|
|
|switch|p1a: Vegan|Rotom-Mow|242\/242
|turn|7
|choice|move leafstorm|move dragonpulse
|
|move|p1a: Vegan|Leaf Storm|p2a: Ampharos III
|-crit|p2a: Ampharos III
|-damage|p2a: Ampharos III|0 fnt
|-unboost|p1a: Vegan|spa|2
|faint|p2a: Ampharos III
|
|upkeep
|choice||switch 3
|
|switch|p2a: Nimbus|Unfezant, M|363\/363
|turn|8
|choice|switch 2|move aerialace
|
|switch|p1a: Spyro|Druddigon, M|358\/358
|move|p2a: Nimbus|Aerial Ace|p1a: Spyro
|-crit|p1a: Spyro
|-damage|p1a: Spyro|238\/358
|-damage|p2a: Nimbus|318\/363|[from] ability: Rough Skin|[of] p1a: Spyro
|-damage|p2a: Nimbus|258\/363|[from] item: Rocky Helmet|[of] p1a: Spyro
|
|upkeep
|turn|9
|choice|move stealthrock|move uturn
|
|move|p2a: Nimbus|U-turn|p1a: Spyro
|-damage|p1a: Spyro|171\/358
|-damage|p2a: Nimbus|213\/363|[from] ability: Rough Skin|[of] p1a: Spyro
|-damage|p2a: Nimbus|153\/363|[from] item: Rocky Helmet|[of] p1a: Spyro
|choice||switch 5
|
|switch|p2a: Shellby|Blastoise, M|361\/361
|move|p1a: Spyro|Stealth Rock|p2a: Shellby
|-sidestart|p2: Keilax|move: Stealth Rock
|
|upkeep
|turn|10
|choice|switch 4|move icebeam
|
|switch|p1a: Star Fox|Flareon, F, shiny|271\/271
|move|p2a: Shellby|Ice Beam|p1a: Star Fox
|-resisted|p1a: Star Fox
|-damage|p1a: Star Fox|229\/271
|
|upkeep
|turn|11
|choice|switch 5|move scald
|
|switch|p1a: Cerberus|Granbull, M, shiny|281\/384
|-ability|p1a: Cerberus|Intimidate|boost
|-unboost|p2a: Shellby|atk|1
|move|p2a: Shellby|Scald|p1a: Cerberus
|-damage|p1a: Cerberus|110\/384
|-status|p1a: Cerberus|brn
|
|-heal|p1a: Cerberus|134\/384 brn|[from] item: Leftovers
|-damage|p1a: Cerberus|86\/384 brn|[from] brn
|upkeep
|turn|12
|choice|move playrough|move scald
|
|move|p2a: Shellby|Scald|p1a: Cerberus
|-crit|p1a: Cerberus
|-damage|p1a: Cerberus|0 fnt
|faint|p1a: Cerberus
|
|upkeep
|choice|switch 2|
|
|switch|p1a: Vegan|Rotom-Mow|242\/242
|turn|13
|choice|move voltswitch|move icebeam
|
|move|p1a: Vegan|Volt Switch|p2a: Shellby
|-supereffective|p2a: Shellby
|-crit|p2a: Shellby
|-damage|p2a: Shellby|35\/361
|choice|switch 3|
|
|switch|p1a: Ninja Turtle|Blastoise, F, shiny|361\/361
|move|p2a: Shellby|Ice Beam|p1a: Ninja Turtle
|-resisted|p1a: Ninja Turtle
|-damage|p1a: Ninja Turtle|328\/361
|
|-heal|p1a: Ninja Turtle|350\/361|[from] item: Leftovers
|upkeep
|turn|14
|choice|move waterspout|move rapidspin
|
|move|p1a: Ninja Turtle|Water Spout|p2a: Shellby
|-resisted|p2a: Shellby
|-damage|p2a: Shellby|0 fnt
|faint|p2a: Shellby
|
|-heal|p1a: Ninja Turtle|361\/361|[from] item: Leftovers
|upkeep
|choice||switch 6
|
|switch|p2a: Valiant|Gallade, M|340\/340
|-damage|p2a: Valiant|319\/340|[from] Stealth Rock
|turn|15
|choice|move waterspout|move drainpunch
|
|move|p2a: Valiant|Drain Punch|p1a: Ninja Turtle
|-damage|p1a: Ninja Turtle|231\/361
|-heal|p2a: Valiant|340\/340|[from] drain|[of] p1a: Ninja Turtle
|move|p1a: Ninja Turtle|Water Spout|p2a: Valiant
|-damage|p2a: Valiant|256\/340
|
|-heal|p2a: Valiant|277\/340|[from] item: Leftovers
|-heal|p1a: Ninja Turtle|253\/361|[from] item: Leftovers
|upkeep
|turn|16
|choice|move scald|move drainpunch
|
|move|p2a: Valiant|Drain Punch|p1a: Ninja Turtle
|-damage|p1a: Ninja Turtle|118\/361
|-heal|p2a: Valiant|340\/340|[from] drain|[of] p1a: Ninja Turtle
|move|p1a: Ninja Turtle|Scald|p2a: Valiant
|-damage|p2a: Valiant|240\/340
|
|-heal|p2a: Valiant|261\/340|[from] item: Leftovers
|-heal|p1a: Ninja Turtle|140\/361|[from] item: Leftovers
|upkeep
|turn|17
|choice|switch 4|move drainpunch
|
|switch|p1a: Spyro|Druddigon, M|171\/358
|move|p2a: Valiant|Drain Punch|p1a: Spyro
|-damage|p1a: Spyro|53\/358
|-heal|p2a: Valiant|320\/340|[from] drain|[of] p1a: Spyro
|-damage|p2a: Valiant|278\/340|[from] ability: Rough Skin|[of] p1a: Spyro
|-damage|p2a: Valiant|222\/340|[from] item: Rocky Helmet|[of] p1a: Spyro
|
|-heal|p2a: Valiant|243\/340|[from] item: Leftovers
|upkeep
|turn|18
|choice|move glare|move psychocut
|
|move|p2a: Valiant|Psycho Cut|p1a: Spyro
|-damage|p1a: Spyro|0 fnt
|faint|p1a: Spyro
|
|-heal|p2a: Valiant|264\/340|[from] item: Leftovers
|upkeep
|choice|switch 3|
|
|switch|p1a: Vegan|Rotom-Mow|242\/242
|turn|19
|choice|move voltswitch|move psychocut
|
|move|p1a: Vegan|Volt Switch|p2a: Valiant
|-damage|p2a: Valiant|159\/340
|choice|switch 4|
|
|switch|p1a: Ninja Turtle|Blastoise, F, shiny|140\/361
|move|p2a: Valiant|Psycho Cut|p1a: Ninja Turtle
|-damage|p1a: Ninja Turtle|19\/361
|
|-heal|p2a: Valiant|180\/340|[from] item: Leftovers
|-heal|p1a: Ninja Turtle|41\/361|[from] item: Leftovers
|upkeep
|turn|20
|choice|move scald|move drainpunch
|
|move|p2a: Valiant|Drain Punch|p1a: Ninja Turtle
|-damage|p1a: Ninja Turtle|0 fnt
|-heal|p2a: Valiant|201\/340|[from] drain|[of] p1a: Ninja Turtle
|faint|p1a: Ninja Turtle
|
|-heal|p2a: Valiant|222\/340|[from] item: Leftovers
|upkeep
|choice|switch 5|
|
|switch|p1a: Star Fox|Flareon, F, shiny|229\/271
|turn|21
|choice|move flareblitz|move drainpunch
|
|move|p1a: Star Fox|Flare Blitz|p2a: Valiant
|-damage|p2a: Valiant|0 fnt
|-damage|p1a: Star Fox|156\/271|[from] recoil|[of] p2a: Valiant
|faint|p2a: Valiant
|
|upkeep
|choice||switch 4
|
|switch|p2a: Medichamp|Medicham, F|167\/261
|-damage|p2a: Medichamp|151\/261|[from] Stealth Rock
|turn|22
|choice|move flareblitz|move highjumpkick
|
|move|p1a: Star Fox|Flare Blitz|p2a: Medichamp
|-damage|p2a: Medichamp|0 fnt
|-damage|p1a: Star Fox|106\/271|[from] recoil|[of] p2a: Medichamp
|faint|p2a: Medichamp
|
|upkeep
|choice||switch 5
|
|switch|p2a: Nimbus|Unfezant, M|153\/363
|-damage|p2a: Nimbus|63\/363|[from] Stealth Rock
|turn|23
|choice|move flareblitz|move return
|
|move|p1a: Star Fox|Flare Blitz|p2a: Nimbus
|-damage|p2a: Nimbus|0 fnt
|-damage|p1a: Star Fox|85\/271|[from] recoil|[of] p2a: Nimbus
|faint|p2a: Nimbus
|
|upkeep
|c|★SALADEDEFRUIT|gg wp
|choice||switch 2
|
|switch|p2a: Bulbas V|Venusaur, M|182\/364
|-damage|p2a: Bulbas V|137\/364|[from] Stealth Rock
|turn|24
|c|★Keilax|Good battle
|c|★SALADEDEFRUIT|yep
|c|★SALADEDEFRUIT|close one
|choice|move flareblitz|move sludgebomb
|
|move|p1a: Star Fox|Flare Blitz|p2a: Bulbas V
|-supereffective|p2a: Bulbas V
|-damage|p2a: Bulbas V|0 fnt
|-damage|p1a: Star Fox|40\/271|[from] item: Rocky Helmet|[of] p2a: Bulbas V
|-damage|p1a: Star Fox|0 fnt|[from] recoil|[of] p2a: Bulbas V
|faint|p2a: Bulbas V
|faint|p1a: Star Fox
|
|win|SALADEDEFRUIT
|player|p1
|player|p2
|l|SALADEDEFRUIT</script>
</div>
<div class="battle-log battle-log-inline"><div class="inner"><div class="battle-options"></div><div class="inner"><div class="chat"><small>SALADEDEFRUIT joined.</small></div><div class="chat"><small>Keilax joined.</small></div><div class=""><small>Format:</small> <br><strong>RU</strong></div><div class="rated"><strong>Rated battle</strong></div><div class=""><small><em>Sleep Clause Mod:</em> Limit one foe put to sleep</small></div><div class=""><small><em>Species Clause:</em> Limit one of each Pokémon</small></div><div class=""><small><em>OHKO Clause:</em> OHKO moves are banned</small></div><div class=""><small><em>Moody Clause:</em> Moody is banned</small></div><div class=""><small><em>Evasion Moves Clause:</em> Evasion moves are banned</small></div><div class=""><small><em>Endless Battle Clause:</em> Forcing endless battles is banned</small></div><div class=""><small><em>HP Percentage Mod:</em> HP is shown in percentages</small></div><div class=""><small><em>Swagger Clause:</em> Swagger is banned</small></div><div class=""><small><em>Baton Pass Clause:</em> Limit one Baton Passer, can't pass Spe and other stats simultaneously</small></div><div class="chat battle-history"><strong>SALADEDEFRUIT's team:</strong> <em style="color:#445566;display:block;">Druddigon / Escavalier / Blastoise / Flareon / Granbull / Rotom-Mow</em></div><div class="chat battle-history"><strong>Keilax's team:</strong> <em style="color:#445566;display:block;">Gallade / Ampharos / Unfezant / Venusaur / Blastoise / Medicham</em></div><div class="spacer battle-history"><br></div><div class="battle-history">Battle started between SALADEDEFRUIT and Keilax!<br></div><div class="spacer battle-history"><br></div><div class="battle-history">Go! Metal Gear Solid (<strong>Escavalier</strong>)!<br></div><div class="spacer battle-history"><br></div><div class="battle-history">Keilax sent out Medichamp (<strong>Medicham</strong>)!<br></div><div class="spacer battle-history"><br></div><h2 class="battle-history">Turn 1</h2><div class="spacer battle-history"><br></div><div class="battle-history">The opposing Medichamp used <strong>High Jump Kick</strong>!<br></div><div class="battle-history"><small>(Metal Gear Solid lost <abbr title="−195/344">56.7%</abbr> of its health!)</small><br></div><div class="battle-history"><small>The opposing Medichamp was hurt by the Rocky Helmet!</small><br></div><div class="spacer battle-history"><br></div><div class="battle-history">Metal Gear Solid used <strong>Infestation</strong>!<br></div><div class="battle-history"><small>(The opposing Medichamp lost <abbr title="−19/261">7.3%</abbr> of its health!)</small><br></div><div class="battle-history"><small>The opposing Medichamp has been afflicted with an infestation by Metal Gear Solid!</small><br></div><div class="spacer battle-history"><br></div><div class="battle-history"><small>The opposing Medichamp is hurt by Infestation!</small><br></div><div class="spacer battle-history"><br></div><h2 class="battle-history">Turn 2</h2><div class="spacer battle-history"><br></div><div class="battle-history">Metal Gear Solid, come back!<br></div><div class="battle-history">Go! Cerberus (<strong>Granbull</strong>)!<br></div><div class="battle-history"><small>[Cerberus's Intimidate]</small><br></div><div class="battle-history"><small>The opposing Medichamp's Attack fell!</small><br></div><div class="spacer battle-history"><br></div><div class="battle-history">The opposing Medichamp used <strong>High Jump Kick</strong>!<br></div><div class="battle-history"><small>It's not very effective...</small><br></div><div class="battle-history"><small>(Cerberus lost <abbr title="−87/384">22.7%</abbr> of its health!)</small><br></div><div class="spacer battle-history"><br></div><div class="battle-history"><small>Cerberus restored a little HP using its Leftovers!</small><br></div><div class="spacer battle-history"><br></div><h2 class="battle-history">Turn 3</h2><div class="spacer battle-history"><br></div><div class="battle-history">Keilax withdrew Medichamp!<br></div><div class="battle-history">Keilax sent out Bulbas V (<strong>Venusaur</strong>)!<br></div><div class="spacer battle-history"><br></div><div class="battle-history">Cerberus used <strong>Fire Punch</strong>!<br></div><div class="battle-history"><small>It's super effective!</small><br></div><div class="battle-history"><small>(The opposing Bulbas V lost <abbr title="−182/364">50%</abbr> of its health!)</small><br></div><div class="battle-history"><small>Cerberus was hurt by the Rocky Helmet!</small><br></div><div class="spacer battle-history"><br></div><div class="battle-history"><small>Cerberus restored a little HP using its Leftovers!</small><br></div><div class="spacer battle-history"><br></div><h2 class="battle-history">Turn 4</h2><div class="spacer battle-history"><br></div><div class="battle-history">Cerberus, come back!<br></div><div class="battle-history">Go! Metal Gear Solid (<strong>Escavalier</strong>)!<br></div><div class="spacer battle-history"><br></div><div class="battle-history">The opposing Bulbas V used <strong>Sludge Bomb</strong>!<br></div><div class="battle-history"><small>It doesn't affect Metal Gear Solid...</small><br></div><div class="spacer battle-history"><br></div><h2 class="battle-history">Turn 5</h2><div class="spacer battle-history"><br></div><div class="battle-history">Keilax withdrew Bulbas V!<br></div><div class="battle-history">Keilax sent out Ampharos III (<strong>Ampharos</strong>)!<br></div><div class="spacer battle-history"><br></div><div class="battle-history">Metal Gear Solid used <strong>Infestation</strong>!<br></div><div class="battle-history"><small>(The opposing Ampharos III lost <abbr title="−19/383">5.0%</abbr> of its health!)</small><br></div><div class="battle-history"><small>The opposing Ampharos III has been afflicted with an infestation by Metal Gear Solid!</small><br></div><div class="spacer battle-history"><br></div><div class="battle-history"><small>The opposing Ampharos III is hurt by Infestation!</small><br></div><div class="spacer battle-history"><br></div><h2 class="battle-history">Turn 6</h2><div class="spacer battle-history"><br></div><div class="battle-history">The opposing Ampharos III used <strong>Thunderbolt</strong>!<br></div><div class="battle-history"><small>(Metal Gear Solid lost <abbr title="−149/344">43.3%</abbr> of its health!)</small><br></div><div class="spacer battle-history"><br></div><div class="battle-history">Metal Gear Solid fainted!<br></div><div class="spacer battle-history"><br></div><div class="battle-history">Go! Vegan (<strong>Rotom-Mow</strong>)!<br></div><div class="spacer battle-history"><br></div><h2 class="battle-history">Turn 7</h2><div class="spacer battle-history"><br></div><div class="battle-history">Vegan used <strong>Leaf Storm</strong>!<br></div><div class="battle-history"><small>A critical hit!</small><br></div><div class="battle-history"><small>(The opposing Ampharos III lost <abbr title="−317/383">82.8%</abbr> of its health!)</small><br></div><div class="battle-history"><small>Vegan's Special Attack fell harshly!</small><br></div><div class="spacer battle-history"><br></div><div class="battle-history">The opposing Ampharos III fainted!<br></div><div class="spacer battle-history"><br></div><div class="battle-history">Keilax sent out Nimbus (<strong>Unfezant</strong>)!<br></div><div class="spacer battle-history"><br></div><h2 class="battle-history">Turn 8</h2><div class="spacer battle-history"><br></div><div class="battle-history">Vegan, come back!<br></div><div class="battle-history">Go! Spyro (<strong>Druddigon</strong>)!<br></div><div class="spacer battle-history"><br></div><div class="battle-history">The opposing Nimbus used <strong>Aerial Ace</strong>!<br></div><div class="battle-history"><small>A critical hit!</small><br></div><div class="battle-history"><small>(Spyro lost <abbr title="−120/358">33.5%</abbr> of its health!)</small><br></div><div class="battle-history"><small>[Spyro's Rough Skin]</small><br><small>The opposing Nimbus was hurt!</small><br></div><div class="battle-history"><small>The opposing Nimbus was hurt by the Rocky Helmet!</small><br></div><div class="spacer battle-history"><br></div><h2 class="battle-history">Turn 9</h2><div class="spacer battle-history"><br></div><div class="battle-history">The opposing Nimbus used <strong>U-turn</strong>!<br></div><div class="battle-history"><small>(Spyro lost <abbr title="−67/358">18.7%</abbr> of its health!)</small><br></div><div class="battle-history"><small>[Spyro's Rough Skin]</small><br><small>The opposing Nimbus was hurt!</small><br></div><div class="battle-history"><small>The opposing Nimbus was hurt by the Rocky Helmet!</small><br></div><div class="spacer battle-history"><br></div><div class="battle-history">The opposing Nimbus went back to Keilax!<br></div><div class="battle-history">Keilax sent out Shellby (<strong>Blastoise</strong>)!<br></div><div class="spacer battle-history"><br></div><div class="battle-history">Spyro used <strong>Stealth Rock</strong>!<br></div><div class="battle-history"><small>Pointed stones float in the air around the opposing team!</small><br></div><div class="spacer battle-history"><br></div><h2 class="battle-history">Turn 10</h2><div class="spacer battle-history"><br></div><div class="battle-history">Spyro, come back!<br></div><div class="battle-history">Go! Star Fox (<strong>Flareon</strong>)!<br></div><div class="spacer battle-history"><br></div><div class="battle-history">The opposing Shellby used <strong>Ice Beam</strong>!<br></div><div class="battle-history"><small>It's not very effective...</small><br></div><div class="battle-history"><small>(Star Fox lost <abbr title="−42/271">15.5%</abbr> of its health!)</small><br></div><div class="spacer battle-history"><br></div><h2 class="battle-history">Turn 11</h2><div class="spacer battle-history"><br></div><div class="battle-history">Star Fox, come back!<br></div><div class="battle-history">Go! Cerberus (<strong>Granbull</strong>)!<br></div><div class="battle-history"><small>[Cerberus's Intimidate]</small><br></div><div class="battle-history"><small>The opposing Shellby's Attack fell!</small><br></div><div class="spacer battle-history"><br></div><div class="battle-history">The opposing Shellby used <strong>Scald</strong>!<br></div><div class="battle-history"><small>(Cerberus lost <abbr title="−171/384">44.5%</abbr> of its health!)</small><br></div><div class="battle-history"><small>Cerberus was burned!</small><br></div><div class="spacer battle-history"><br></div><div class="battle-history"><small>Cerberus restored a little HP using its Leftovers!</small><br></div><div class="battle-history"><small>Cerberus was hurt by its burn!</small><br></div><div class="spacer battle-history"><br></div><h2 class="battle-history">Turn 12</h2><div class="spacer battle-history"><br></div><div class="battle-history">The opposing Shellby used <strong>Scald</strong>!<br></div><div class="battle-history"><small>A critical hit!</small><br></div><div class="battle-history"><small>(Cerberus lost <abbr title="−86/384">22.4%</abbr> of its health!)</small><br></div><div class="spacer battle-history"><br></div><div class="battle-history">Cerberus fainted!<br></div><div class="spacer battle-history"><br></div><div class="battle-history">Go! Vegan (<strong>Rotom-Mow</strong>)!<br></div><div class="spacer battle-history"><br></div><h2 class="battle-history">Turn 13</h2><div class="spacer battle-history"><br></div><div class="battle-history">Vegan used <strong>Volt Switch</strong>!<br></div><div class="battle-history"><small>It's super effective!</small><br></div><div class="battle-history"><small>A critical hit!</small><br></div><div class="battle-history"><small>(The opposing Shellby lost <abbr title="−326/361">90.3%</abbr> of its health!)</small><br></div><div class="spacer battle-history"><br></div><div class="battle-history">Vegan went back to SALADEDEFRUIT!<br></div><div class="battle-history">Go! Ninja Turtle (<strong>Blastoise</strong>)!<br></div><div class="spacer battle-history"><br></div><div class="battle-history">The opposing Shellby used <strong>Ice Beam</strong>!<br></div><div class="battle-history"><small>It's not very effective...</small><br></div><div class="battle-history"><small>(Ninja Turtle lost <abbr title="−33/361">9.1%</abbr> of its health!)</small><br></div><div class="spacer battle-history"><br></div><div class="battle-history"><small>Ninja Turtle restored a little HP using its Leftovers!</small><br></div><div class="spacer battle-history"><br></div><h2 class="battle-history">Turn 14</h2><div class="spacer battle-history"><br></div><div class="battle-history">Ninja Turtle used <strong>Water Spout</strong>!<br></div><div class="battle-history"><small>It's not very effective...</small><br></div><div class="battle-history"><small>(The opposing Shellby lost <abbr title="−35/361">9.7%</abbr> of its health!)</small><br></div><div class="spacer battle-history"><br></div><div class="battle-history">The opposing Shellby fainted!<br></div><div class="spacer battle-history"><br></div><div class="battle-history"><small>Ninja Turtle restored a little HP using its Leftovers!</small><br></div><div class="spacer battle-history"><br></div><div class="battle-history">Keilax sent out Valiant (<strong>Gallade</strong>)!<br></div><div class="battle-history"><small>Pointed stones dug into the opposing Valiant!</small><br></div><div class="spacer battle-history"><br></div><h2 class="battle-history">Turn 15</h2><div class="spacer battle-history"><br></div><div class="battle-history">The opposing Valiant used <strong>Drain Punch</strong>!<br></div><div class="battle-history"><small>(Ninja Turtle lost <abbr title="−130/361">36.0%</abbr> of its health!)</small><br></div><div class="battle-history"><small>Ninja Turtle had its energy drained!</small><br></div><div class="spacer battle-history"><br></div><div class="battle-history">Ninja Turtle used <strong>Water Spout</strong>!<br></div><div class="battle-history"><small>(The opposing Valiant lost <abbr title="−84/340">24.7%</abbr> of its health!)</small><br></div><div class="spacer battle-history"><br></div><div class="battle-history"><small>The opposing Valiant restored a little HP using its Leftovers!</small><br></div><div class="battle-history"><small>Ninja Turtle restored a little HP using its Leftovers!</small><br></div><div class="spacer battle-history"><br></div><h2 class="battle-history">Turn 16</h2><div class="spacer battle-history"><br></div><div class="battle-history">The opposing Valiant used <strong>Drain Punch</strong>!<br></div><div class="battle-history"><small>(Ninja Turtle lost <abbr title="−135/361">37.4%</abbr> of its health!)</small><br></div><div class="battle-history"><small>Ninja Turtle had its energy drained!</small><br></div><div class="spacer battle-history"><br></div><div class="battle-history">Ninja Turtle used <strong>Scald</strong>!<br></div><div class="battle-history"><small>(The opposing Valiant lost <abbr title="−100/340">29.4%</abbr> of its health!)</small><br></div><div class="spacer battle-history"><br></div><div class="battle-history"><small>The opposing Valiant restored a little HP using its Leftovers!</small><br></div><div class="battle-history"><small>Ninja Turtle restored a little HP using its Leftovers!</small><br></div><div class="spacer battle-history"><br></div><h2 class="battle-history">Turn 17</h2><div class="spacer battle-history"><br></div><div class="battle-history">Ninja Turtle, come back!<br></div><div class="battle-history">Go! Spyro (<strong>Druddigon</strong>)!<br></div><div class="spacer battle-history"><br></div><div class="battle-history">The opposing Valiant used <strong>Drain Punch</strong>!<br></div><div class="battle-history"><small>(Spyro lost <abbr title="−118/358">33.0%</abbr> of its health!)</small><br></div><div class="battle-history"><small>Spyro had its energy drained!</small><br></div><div class="battle-history"><small>[Spyro's Rough Skin]</small><br><small>The opposing Valiant was hurt!</small><br></div><div class="battle-history"><small>The opposing Valiant was hurt by the Rocky Helmet!</small><br></div><div class="spacer battle-history"><br></div><div class="battle-history"><small>The opposing Valiant restored a little HP using its Leftovers!</small><br></div><div class="spacer battle-history"><br></div><h2 class="battle-history">Turn 18</h2><div class="spacer battle-history"><br></div><div class="battle-history">The opposing Valiant used <strong>Psycho Cut</strong>!<br></div><div class="battle-history"><small>(Spyro lost <abbr title="−53/358">14.8%</abbr> of its health!)</small><br></div><div class="spacer battle-history"><br></div><div class="battle-history">Spyro fainted!<br></div><div class="spacer battle-history"><br></div><div class="battle-history"><small>The opposing Valiant restored a little HP using its Leftovers!</small><br></div><div class="spacer battle-history"><br></div><div class="battle-history">Go! Vegan (<strong>Rotom-Mow</strong>)!<br></div><div class="spacer battle-history"><br></div><h2 class="battle-history">Turn 19</h2><div class="spacer battle-history"><br></div><div class="battle-history">Vegan used <strong>Volt Switch</strong>!<br></div><div class="battle-history"><small>(The opposing Valiant lost <abbr title="−105/340">30.9%</abbr> of its health!)</small><br></div><div class="spacer battle-history"><br></div><div class="battle-history">Vegan went back to SALADEDEFRUIT!<br></div><div class="battle-history">Go! Ninja Turtle (<strong>Blastoise</strong>)!<br></div><div class="spacer battle-history"><br></div><div class="battle-history">The opposing Valiant used <strong>Psycho Cut</strong>!<br></div><div class="battle-history"><small>(Ninja Turtle lost <abbr title="−121/361">33.5%</abbr> of its health!)</small><br></div><div class="spacer battle-history"><br></div><div class="battle-history"><small>The opposing Valiant restored a little HP using its Leftovers!</small><br></div><div class="battle-history"><small>Ninja Turtle restored a little HP using its Leftovers!</small><br></div><div class="spacer battle-history"><br></div><h2 class="battle-history">Turn 20</h2><div class="spacer battle-history"><br></div><div class="battle-history">The opposing Valiant used <strong>Drain Punch</strong>!<br></div><div class="battle-history"><small>(Ninja Turtle lost <abbr title="−41/361">11.4%</abbr> of its health!)</small><br></div><div class="battle-history"><small>Ninja Turtle had its energy drained!</small><br></div><div class="spacer battle-history"><br></div><div class="battle-history">Ninja Turtle fainted!<br></div><div class="spacer battle-history"><br></div><div class="battle-history"><small>The opposing Valiant restored a little HP using its Leftovers!</small><br></div><div class="spacer battle-history"><br></div><div class="battle-history">Go! Star Fox (<strong>Flareon</strong>)!<br></div><div class="spacer battle-history"><br></div><h2 class="battle-history">Turn 21</h2><div class="spacer battle-history"><br></div><div class="battle-history">Star Fox used <strong>Flare Blitz</strong>!<br></div><div class="battle-history"><small>(The opposing Valiant lost <abbr title="−222/340">65.3%</abbr> of its health!)</small><br></div><div class="battle-history"><small>Star Fox is damaged by the recoil!</small><br></div><div class="spacer battle-history"><br></div><div class="battle-history">The opposing Valiant fainted!<br></div><div class="spacer battle-history"><br></div><div class="battle-history">Keilax sent out Medichamp (<strong>Medicham</strong>)!<br></div><div class="battle-history"><small>Pointed stones dug into the opposing Medichamp!</small><br></div><div class="spacer battle-history"><br></div><h2 class="battle-history">Turn 22</h2><div class="spacer battle-history"><br></div><div class="battle-history">Star Fox used <strong>Flare Blitz</strong>!<br></div><div class="battle-history"><small>(The opposing Medichamp lost <abbr title="−151/261">57.9%</abbr> of its health!)</small><br></div><div class="battle-history"><small>Star Fox is damaged by the recoil!</small><br></div><div class="spacer battle-history"><br></div><div class="battle-history">The opposing Medichamp fainted!<br></div><div class="spacer battle-history"><br></div><div class="battle-history">Keilax sent out Nimbus (<strong>Unfezant</strong>)!<br></div><div class="battle-history"><small>Pointed stones dug into the opposing Nimbus!</small><br></div><div class="spacer battle-history"><br></div><h2 class="battle-history">Turn 23</h2><div class="spacer battle-history"><br></div><div class="battle-history">Star Fox used <strong>Flare Blitz</strong>!<br></div><div class="battle-history"><small>(The opposing Nimbus lost <abbr title="−63/363">17.4%</abbr> of its health!)</small><br></div><div class="battle-history"><small>Star Fox is damaged by the recoil!</small><br></div><div class="spacer battle-history"><br></div><div class="battle-history">The opposing Nimbus fainted!<br></div><div class="chat chatmessage-saladedefruit"><strong style="color:hsl(270,52%,55.387477598208%)"><small>★</small><span class="username" data-name="SALADEDEFRUIT">SALADEDEFRUIT</span>:</strong> <em>gg wp</em></div><div class="spacer battle-history"><br></div><div class="battle-history">Keilax sent out Bulbas V (<strong>Venusaur</strong>)!<br></div><div class="battle-history"><small>Pointed stones dug into the opposing Bulbas V!</small><br></div><div class="spacer battle-history"><br></div><h2 class="battle-history">Turn 24</h2><div class="chat chatmessage-keilax"><strong style="color:hsl(320,41%,48.415462720242004%)"><small>★</small><span class="username" data-name="Keilax">Keilax</span>:</strong> <em>Good battle</em></div><div class="chat chatmessage-saladedefruit"><strong style="color:hsl(270,52%,55.387477598208%)"><small>★</small><span class="username" data-name="SALADEDEFRUIT">SALADEDEFRUIT</span>:</strong> <em>yep</em></div><div class="chat chatmessage-saladedefruit"><strong style="color:hsl(270,52%,55.387477598208%)"><small>★</small><span class="username" data-name="SALADEDEFRUIT">SALADEDEFRUIT</span>:</strong> <em>close one</em></div><div class="spacer battle-history"><br></div><div class="battle-history">Star Fox used <strong>Flare Blitz</strong>!<br></div><div class="battle-history"><small>It's super effective!</small><br></div><div class="battle-history"><small>(The opposing Bulbas V lost <abbr title="−137/364">37.6%</abbr> of its health!)</small><br></div><div class="battle-history"><small>Star Fox was hurt by the Rocky Helmet!</small><br></div><div class="battle-history"><small>Star Fox is damaged by the recoil!</small><br></div><div class="spacer battle-history"><br></div><div class="battle-history">The opposing Bulbas V fainted!<br></div><div class="battle-history">Star Fox fainted!<br></div><div class="spacer battle-history"><br></div><div class="battle-history"><strong>SALADEDEFRUIT</strong> won the battle!<br></div><div class="chat"><small>SALADEDEFRUIT left.</small></div></div><div class="inner-preempt"></div></div></div>
</div>
<script>
let daily = Math.floor(Date.now()/1000/60/60/24);document.write('<script src="https://play.pokemonshowdown.com/js/replay-embed.js?version'+daily+'"></'+'script>');
</script>
