<!DOCTYPE html>
<meta charset="utf-8" />
<!-- version 1 -->
<title>RU replay: Liufang pkmn vs. Yohko Kurama</title>
<style>
html,body {font-family:Verdana, sans-serif;font-size:10pt;margin:0;padding:0;}body{padding:12px 0;} .battle-log {font-family:Verdana, sans-serif;font-size:10pt;} .battle-log-inline {border:1px solid #AAAAAA;background:#EEF2F5;color:black;max-width:640px;margin:0 auto 80px;padding-bottom:5px;} .battle-log .inner {padding:4px 8px 0px 8px;} .battle-log .inner-preempt {padding:0 8px 4px 8px;} .battle-log .inner-after {margin-top:0.5em;} .battle-log h2 {margin:0.5em -8px;padding:4px 8px;border:1px solid #AAAAAA;background:#E0E7EA;border-left:0;border-right:0;font-family:Verdana, sans-serif;font-size:13pt;} .battle-log .chat {vertical-align:middle;padding:3px 0 3px 0;font-size:8pt;} .battle-log .chat strong {color:#40576A;} .battle-log .chat em {padding:1px 4px 1px 3px;color:#000000;font-style:normal;} .chat.mine {background:rgba(0,0,0,0.05);margin-left:-8px;margin-right:-8px;padding-left:8px;padding-right:8px;} .spoiler {color:#BBBBBB;background:#BBBBBB;padding:0px 3px;} .spoiler:hover, .spoiler:active, .spoiler-shown {color:#000000;background:#E2E2E2;padding:0px 3px;} .spoiler a {color:#BBBBBB;} .spoiler:hover a, .spoiler:active a, .spoiler-shown a {color:#2288CC;} .chat code, .chat .spoiler:hover code, .chat .spoiler:active code, .chat .spoiler-shown code {border:1px solid #C0C0C0;background:#EEEEEE;color:black;padding:0 2px;} .chat .spoiler code {border:1px solid #CCCCCC;background:#CCCCCC;color:#CCCCCC;} .battle-log .rated {padding:3px 4px;} .battle-log .rated strong {color:white;background:#89A;padding:1px 4px;border-radius:4px;} .spacer {margin-top:0.5em;} .message-announce {background:#6688AA;color:white;padding:1px 4px 2px;} .message-announce a, .broadcast-green a, .broadcast-blue a, .broadcast-red a {color:#DDEEFF;} .broadcast-green {background-color:#559955;color:white;padding:2px 4px;} .broadcast-blue {background-color:#6688AA;color:white;padding:2px 4px;} .infobox {border:1px solid #6688AA;padding:2px 4px;} .infobox-limited {max-height:200px;overflow:auto;overflow-x:hidden;} .broadcast-red {background-color:#AA5544;color:white;padding:2px 4px;} .message-learn-canlearn {font-weight:bold;color:#228822;text-decoration:underline;} .message-learn-cannotlearn {font-weight:bold;color:#CC2222;text-decoration:underline;} .message-effect-weak {font-weight:bold;color:#CC2222;} .message-effect-resist {font-weight:bold;color:#6688AA;} .message-effect-immune {font-weight:bold;color:#666666;} .message-learn-list {margin-top:0;margin-bottom:0;} .message-throttle-notice, .message-error {color:#992222;} .message-overflow, .chat small.message-overflow {font-size:0pt;} .message-overflow::before {font-size:9pt;content:'...';} .subtle {color:#3A4A66;}
</style>
<div class="wrapper replay-wrapper" style="max-width:1180px;margin:0 auto">
<input type="hidden" name="replayid" value="ru-556684958" />
<div class="battle"></div><div class="battle-log"></div><div class="replay-controls"></div><div class="replay-controls-2"></div>
<h1 style="font-weight:normal;text-align:center"><strong>RU</strong><br /><a href="http://pokemonshowdown.com/users/liufangpkmn" class="subtle" target="_blank">Liufang pkmn</a> vs. <a href="http://pokemonshowdown.com/users/yohkokurama" class="subtle" target="_blank">Yohko Kurama</a></h1>
<script type="text/plain" class="battle-log-data">|j|Liufang pkmn
|j|Yohko Kurama
|player|p1|Liufang pkmn|125
|player|p2|Yohko Kurama|20
|gametype|singles
|gen|6
|tier|RU
|rated
|seed|45649,58070,41204,9372
|rule|Sleep Clause Mod: Limit one foe put to sleep
|rule|Species Clause: Limit one of each Pokémon
|rule|OHKO Clause: OHKO moves are banned
|rule|Moody Clause: Moody is banned
|rule|Evasion Moves Clause: Evasion moves are banned
|rule|Endless Battle Clause: Forcing endless battles is banned
|rule|HP Percentage Mod: HP is shown in percentages
|clearpoke
|poke|p1|Omastar, M|item
|poke|p1|Rotom-Mow|item
|poke|p1|Typhlosion, M|item
|poke|p1|Hitmontop, M|item
|poke|p1|Drapion, F|item
|poke|p1|Fletchinder, F|
|poke|p2|Bronzong|item
|poke|p2|Spiritomb, M|item
|poke|p2|Sceptile, F|item
|poke|p2|Golbat, M|item
|poke|p2|Absol, M|item
|poke|p2|Slowking, F|item
|rule|Swagger Clause: Swagger is banned
|rule|Baton Pass Clause: Limit one Baton Passer, can't pass Spe and other stats simultaneously
|teampreview
|choice|team 2, team 1, team 3, team 4, team 5, team 6|team 2, team 1, team 3, team 4, team 5, team 6
|
|start
|switch|p1a: Rotom|Rotom-Mow|304\/304
|switch|p2a: Spiritomb|Spiritomb, M|303\/303
|turn|1
|choice|move willowisp|move foulplay
|
|move|p1a: Rotom|Will-O-Wisp|p2a: Spiritomb
|-status|p2a: Spiritomb|brn
|move|p2a: Spiritomb|Foul Play|p1a: Rotom
|-crit|p1a: Rotom
|-damage|p1a: Rotom|262\/304
|
|-heal|p1a: Rotom|281\/304|[from] item: Leftovers
|-damage|p2a: Spiritomb|266\/303 brn|[from] brn
|upkeep
|turn|2
|choice|move thunderbolt|move foulplay
|
|move|p1a: Rotom|Thunderbolt|p2a: Spiritomb
|-damage|p2a: Spiritomb|160\/303 brn
|move|p2a: Spiritomb|Foul Play|p1a: Rotom
|-damage|p1a: Rotom|252\/304
|
|-heal|p1a: Rotom|271\/304|[from] item: Leftovers
|-heal|p2a: Spiritomb|178\/303 brn|[from] item: Leftovers
|-damage|p2a: Spiritomb|141\/303 brn|[from] brn
|upkeep
|turn|3
|choice|move thunderbolt|move painsplit
|
|move|p1a: Rotom|Thunderbolt|p2a: Spiritomb
|-damage|p2a: Spiritomb|33\/303 brn
|move|p2a: Spiritomb|Pain Split|p1a: Rotom
|-sethp|p1a: Rotom|152\/304|p2a: Spiritomb|152\/303 brn|[from] move: Pain Split
|
|-heal|p1a: Rotom|171\/304|[from] item: Leftovers
|-heal|p2a: Spiritomb|170\/303 brn|[from] item: Leftovers
|-damage|p2a: Spiritomb|133\/303 brn|[from] brn
|upkeep
|turn|4
|choice|move willowisp|move painsplit
|
|move|p1a: Rotom|Will-O-Wisp|p2a: Spiritomb|[miss]
|-miss|p1a: Rotom|p2a: Spiritomb
|move|p2a: Spiritomb|Pain Split|p1a: Rotom
|-sethp|p1a: Rotom|152\/304|p2a: Spiritomb|152\/303 brn|[from] move: Pain Split
|
|-heal|p1a: Rotom|171\/304|[from] item: Leftovers
|-heal|p2a: Spiritomb|170\/303 brn|[from] item: Leftovers
|-damage|p2a: Spiritomb|133\/303 brn|[from] brn
|upkeep
|turn|5
|choice|move painsplit|switch 3
|
|switch|p2a: Sceptile|Sceptile, F|281\/281
|move|p1a: Rotom|Pain Split|p2a: Sceptile
|-sethp|p2a: Sceptile|226\/281|p1a: Rotom|226\/304|[from] move: Pain Split
|
|-heal|p1a: Rotom|245\/304|[from] item: Leftovers
|upkeep
|turn|6
|choice|move willowisp|move focusblast
|
|move|p2a: Sceptile|Focus Blast|p1a: Rotom
|-damage|p1a: Rotom|120\/304
|-damage|p2a: Sceptile|198\/281|[from] item: Life Orb
|move|p1a: Rotom|Will-O-Wisp|p2a: Sceptile
|-status|p2a: Sceptile|brn
|
|-heal|p1a: Rotom|139\/304|[from] item: Leftovers
|-damage|p2a: Sceptile|163\/281 brn|[from] brn
|upkeep
|turn|7
|choice|switch 6|move focusblast
|
|switch|p1a: Fletchinder|Fletchinder, F|303\/303
|move|p2a: Sceptile|Focus Blast|p1a: Fletchinder
|-resisted|p1a: Fletchinder
|-damage|p1a: Fletchinder|164\/303
|-damage|p2a: Sceptile|135\/281 brn|[from] item: Life Orb
|
|-damage|p2a: Sceptile|100\/281 brn|[from] brn
|upkeep
|turn|8
|choice|move roost|switch 6
|
|switch|p2a: Slowking|Slowking, F|394\/394
|move|p1a: Fletchinder|Roost|p1a: Fletchinder
|-heal|p1a: Fletchinder|303\/303
|
|upkeep
|turn|9
|choice|switch 6|move scald
|
|switch|p1a: Rotom|Rotom-Mow|139\/304
|move|p2a: Slowking|Scald|p1a: Rotom
|-resisted|p1a: Rotom
|-damage|p1a: Rotom|109\/304
|
|-heal|p1a: Rotom|128\/304|[from] item: Leftovers
|upkeep
|turn|10
|choice|move willowisp|switch 6
|
|switch|p2a: Sceptile|Sceptile, F|100\/281 brn
|move|p1a: Rotom|Will-O-Wisp|p2a: Sceptile
|-fail|p2a: Sceptile|brn
|
|-heal|p1a: Rotom|147\/304|[from] item: Leftovers
|-damage|p2a: Sceptile|65\/281 brn|[from] brn
|upkeep
|turn|11
|choice|move hex|move hiddenpower
|
|move|p2a: Sceptile|Hidden Power|p1a: Rotom
|-damage|p1a: Rotom|89\/304
|-damage|p2a: Sceptile|37\/281 brn|[from] item: Life Orb
|move|p1a: Rotom|Hex|p2a: Sceptile
|-damage|p2a: Sceptile|0 fnt
|faint|p2a: Sceptile
|
|-heal|p1a: Rotom|108\/304|[from] item: Leftovers
|upkeep
|choice||switch 5
|
|switch|p2a: Absol|Absol, M|271\/271
|turn|12
|choice|move willowisp|move knockoff
|
|move|p2a: Absol|Knock Off|p1a: Rotom
|-damage|p1a: Rotom|0 fnt
|-enditem|p1a: Rotom|Leftovers|[from] move: Knock Off|[of] p2a: Absol
|-damage|p2a: Absol|244\/271|[from] item: Life Orb
|faint|p1a: Rotom
|
|upkeep
|choice|switch 2|
|
|switch|p1a: Omastar|Omastar, M|344\/344
|turn|13
|choice|move stealthrock|move superpower
|
|move|p2a: Absol|Superpower|p1a: Omastar
|-supereffective|p1a: Omastar
|-damage|p1a: Omastar|81\/344
|-unboost|p2a: Absol|atk|1
|-unboost|p2a: Absol|def|1
|-damage|p2a: Absol|217\/271|[from] item: Life Orb
|move|p1a: Omastar|Stealth Rock|p2a: Absol
|-sidestart|p2: Yohko Kurama|move: Stealth Rock
|
|upkeep
|turn|14
|choice|move spikes|move knockoff
|
|move|p2a: Absol|Knock Off|p1a: Omastar
|-damage|p1a: Omastar|0 fnt
|-enditem|p1a: Omastar|Focus Sash|[from] move: Knock Off|[of] p2a: Absol
|-damage|p2a: Absol|190\/271|[from] item: Life Orb
|faint|p1a: Omastar
|
|upkeep
|choice|switch 6|
|
|switch|p1a: Fletchinder|Fletchinder, F|303\/303
|turn|15
|choice|move acrobatics|switch 2
|
|switch|p2a: Bronzong|Bronzong|338\/338
|-damage|p2a: Bronzong|317\/338|[from] Stealth Rock
|move|p1a: Fletchinder|Acrobatics|p2a: Bronzong
|-resisted|p2a: Bronzong
|-damage|p2a: Bronzong|267\/338
|
|-heal|p2a: Bronzong|288\/338|[from] item: Leftovers
|upkeep
|turn|16
|c|☆Liufang pkmn|FINALLY FINISHED TO DL LoL
|choice|move willowisp|move stealthrock
|
|move|p1a: Fletchinder|Will-O-Wisp|p2a: Bronzong
|-status|p2a: Bronzong|brn
|move|p2a: Bronzong|Stealth Rock|p1a: Fletchinder
|-sidestart|p1: Liufang pkmn|move: Stealth Rock
|
|-heal|p2a: Bronzong|309\/338 brn|[from] item: Leftovers
|-damage|p2a: Bronzong|267\/338 brn|[from] brn
|upkeep
|turn|17
|choice|move swordsdance|move toxic
|
|move|p1a: Fletchinder|Swords Dance|p1a: Fletchinder
|-boost|p1a: Fletchinder|atk|2
|move|p2a: Bronzong|Toxic|p1a: Fletchinder
|-status|p1a: Fletchinder|tox
|
|-heal|p2a: Bronzong|288\/338 brn|[from] item: Leftovers
|-damage|p1a: Fletchinder|285\/303 tox|[from] psn
|-damage|p2a: Bronzong|246\/338 brn|[from] brn
|upkeep
|turn|18
|choice|move swordsdance|move gyroball
|
|move|p1a: Fletchinder|Swords Dance|p1a: Fletchinder
|-boost|p1a: Fletchinder|atk|2
|move|p2a: Bronzong|Gyro Ball|p1a: Fletchinder
|-resisted|p1a: Fletchinder
|-damage|p1a: Fletchinder|256\/303 tox
|
|-heal|p2a: Bronzong|267\/338 brn|[from] item: Leftovers
|-damage|p1a: Fletchinder|220\/303 tox|[from] psn
|-damage|p2a: Bronzong|225\/338 brn|[from] brn
|upkeep
|turn|19
|choice|move acrobatics|move gyroball
|
|move|p1a: Fletchinder|Acrobatics|p2a: Bronzong
|-resisted|p2a: Bronzong
|-damage|p2a: Bronzong|91\/338 brn
|move|p2a: Bronzong|Gyro Ball|p1a: Fletchinder
|-resisted|p1a: Fletchinder
|-crit|p1a: Fletchinder
|-damage|p1a: Fletchinder|176\/303 tox
|
|-heal|p2a: Bronzong|112\/338 brn|[from] item: Leftovers
|-damage|p1a: Fletchinder|122\/303 tox|[from] psn
|-damage|p2a: Bronzong|70\/338 brn|[from] brn
|upkeep
|turn|20
|choice|move acrobatics|move gyroball
|
|move|p1a: Fletchinder|Acrobatics|p2a: Bronzong
|-resisted|p2a: Bronzong
|-damage|p2a: Bronzong|0 fnt
|faint|p2a: Bronzong
|
|-damage|p1a: Fletchinder|50\/303 tox|[from] psn
|upkeep
|choice||switch 3
|
|switch|p2a: Spiritomb|Spiritomb, M|133\/303 brn
|-damage|p2a: Spiritomb|96\/303 brn|[from] Stealth Rock
|turn|21
|choice|move acrobatics|move foulplay
|
|move|p1a: Fletchinder|Acrobatics|p2a: Spiritomb
|-damage|p2a: Spiritomb|0 fnt
|faint|p2a: Spiritomb
|
|-damage|p1a: Fletchinder|0 fnt|[from] psn
|upkeep
|faint|p1a: Fletchinder
|choice|switch 4|switch 4
|
|switch|p2a: Golbat|Golbat, M|353\/353
|switch|p1a: Hitmontop|Hitmontop, M|304\/304
|-damage|p2a: Golbat|265\/353|[from] Stealth Rock
|-damage|p1a: Hitmontop|285\/304|[from] Stealth Rock
|-ability|p1a: Hitmontop|Intimidate|boost
|-unboost|p2a: Golbat|atk|1
|turn|22
|choice|move rapidspin|move bravebird
|
|move|p2a: Golbat|Brave Bird|p1a: Hitmontop
|-supereffective|p1a: Hitmontop
|-damage|p1a: Hitmontop|115\/304
|-damage|p2a: Golbat|209\/353|[from] recoil|[of] p1a: Hitmontop
|move|p1a: Hitmontop|Rapid Spin|p2a: Golbat
|-damage|p2a: Golbat|196\/353
|-sideend|p1: Liufang pkmn|Stealth Rock|[from] move: Rapid Spin|[of] p1a: Hitmontop
|
|-heal|p1a: Hitmontop|134\/304|[from] item: Leftovers
|upkeep
|turn|23
|choice|move bulletpunch|move roost
|
|move|p1a: Hitmontop|Bullet Punch|p2a: Golbat
|-crit|p2a: Golbat
|-damage|p2a: Golbat|159\/353
|move|p2a: Golbat|Roost|p2a: Golbat
|-heal|p2a: Golbat|336\/353
|
|-heal|p1a: Hitmontop|153\/304|[from] item: Leftovers
|upkeep
|turn|24
|choice|switch 5|move bravebird
|
|switch|p1a: Drapion|Drapion, F|281\/281
|move|p2a: Golbat|Brave Bird|p1a: Drapion
|-damage|p1a: Drapion|209\/281
|-damage|p2a: Golbat|312\/353|[from] recoil|[of] p1a: Drapion
|
|upkeep
|turn|25
|choice|move swordsdance|move bravebird
|
|move|p1a: Drapion|Swords Dance|p1a: Drapion
|-boost|p1a: Drapion|atk|2
|move|p2a: Golbat|Brave Bird|p1a: Drapion
|-damage|p1a: Drapion|139\/281
|-damage|p2a: Golbat|289\/353|[from] recoil|[of] p1a: Drapion
|
|upkeep
|turn|26
|choice|move knockoff|move bravebird
|
|move|p1a: Drapion|Knock Off|p2a: Golbat
|-damage|p2a: Golbat|121\/353
|-enditem|p2a: Golbat|Eviolite|[from] move: Knock Off|[of] p1a: Drapion
|move|p2a: Golbat|Brave Bird|p1a: Drapion
|-damage|p1a: Drapion|70\/281
|-damage|p2a: Golbat|98\/353|[from] recoil|[of] p1a: Drapion
|
|upkeep
|turn|27
|choice|move knockoff|move bravebird
|
|move|p1a: Drapion|Knock Off|p2a: Golbat
|-damage|p2a: Golbat|0 fnt
|faint|p2a: Golbat
|
|upkeep
|choice||switch 2
|
|switch|p2a: Absol|Absol, M|190\/271
|-damage|p2a: Absol|157\/271|[from] Stealth Rock
|turn|28
|choice|move poisonjab|move suckerpunch
|
|move|p2a: Absol|Sucker Punch|p1a: Drapion
|-resisted|p1a: Drapion
|-damage|p1a: Drapion|0 fnt
|-damage|p2a: Absol|130\/271|[from] item: Life Orb
|faint|p1a: Drapion
|
|upkeep
|choice|switch 5|
|
|switch|p1a: Hitmontop|Hitmontop, M|153\/304
|-ability|p1a: Hitmontop|Intimidate|boost
|-unboost|p2a: Absol|atk|1
|turn|29
|choice|move toxic|move superpower
|
|move|p2a: Absol|Superpower|p1a: Hitmontop
|-damage|p1a: Hitmontop|11\/304
|-unboost|p2a: Absol|atk|1
|-unboost|p2a: Absol|def|1
|-damage|p2a: Absol|103\/271|[from] item: Life Orb
|move|p1a: Hitmontop|Toxic|p2a: Absol
|-status|p2a: Absol|tox
|
|-heal|p1a: Hitmontop|30\/304|[from] item: Leftovers
|-damage|p2a: Absol|87\/271 tox|[from] psn
|upkeep
|turn|30
|choice|move bulletpunch|move knockoff
|
|move|p1a: Hitmontop|Bullet Punch|p2a: Absol
|-damage|p2a: Absol|0 fnt
|faint|p2a: Absol
|
|-heal|p1a: Hitmontop|49\/304|[from] item: Leftovers
|upkeep
|choice||switch 6
|
|switch|p2a: Slowking|Slowking, F|394\/394
|-damage|p2a: Slowking|345\/394|[from] Stealth Rock
|turn|31
|choice|move toxic|move calmmind
|
|move|p1a: Hitmontop|Toxic|p2a: Slowking
|-status|p2a: Slowking|tox
|move|p2a: Slowking|Calm Mind|p2a: Slowking
|-boost|p2a: Slowking|spa|1
|-boost|p2a: Slowking|spd|1
|
|-heal|p1a: Hitmontop|68\/304|[from] item: Leftovers
|-heal|p2a: Slowking|369\/394 tox|[from] item: Leftovers
|-damage|p2a: Slowking|345\/394 tox|[from] psn
|upkeep
|turn|32
|choice|move closecombat|move psyshock
|
|move|p1a: Hitmontop|Close Combat|p2a: Slowking
|-resisted|p2a: Slowking
|-damage|p2a: Slowking|270\/394 tox
|-unboost|p1a: Hitmontop|def|1
|-unboost|p1a: Hitmontop|spd|1
|move|p2a: Slowking|Psyshock|p1a: Hitmontop
|-supereffective|p1a: Hitmontop
|-damage|p1a: Hitmontop|0 fnt
|faint|p1a: Hitmontop
|
|-heal|p2a: Slowking|294\/394 tox|[from] item: Leftovers
|-damage|p2a: Slowking|246\/394 tox|[from] psn
|upkeep
|choice|switch 3|
|
|switch|p1a: Typhlosion|Typhlosion, M|297\/297
|turn|33
|choice|move hiddenpower|move scald
|
|move|p1a: Typhlosion|Hidden Power|p2a: Slowking
|-supereffective|p2a: Slowking
|-damage|p2a: Slowking|118\/394 tox
|move|p2a: Slowking|Scald|p1a: Typhlosion
|-supereffective|p1a: Typhlosion
|-damage|p1a: Typhlosion|0 fnt
|faint|p1a: Typhlosion
|
|win|Yohko Kurama
|raw|Liufang pkmn's rating: 1324 &rarr; <strong>1289<\/strong><br \/>(-35 for losing)
|raw|Yohko Kurama's rating: 1000 &rarr; <strong>1069<\/strong><br \/>(+69 for winning)
|l|Liufang pkmn</script>
</div>
<div class="battle-log battle-log-inline"><div class="inner"><div class="battle-options"></div><div class="inner"><div class="chat"><small>Liufang pkmn joined.</small></div><div class="chat"><small>Yohko Kurama joined.</small></div><div class=""><small>Format:</small> <br><strong>RU</strong></div><div class="rated"><strong>Rated battle</strong></div><div class=""><small><em>Sleep Clause Mod:</em> Limit one foe put to sleep</small></div><div class=""><small><em>Species Clause:</em> Limit one of each Pokémon</small></div><div class=""><small><em>OHKO Clause:</em> OHKO moves are banned</small></div><div class=""><small><em>Moody Clause:</em> Moody is banned</small></div><div class=""><small><em>Evasion Moves Clause:</em> Evasion moves are banned</small></div><div class=""><small><em>Endless Battle Clause:</em> Forcing endless battles is banned</small></div><div class=""><small><em>HP Percentage Mod:</em> HP is shown in percentages</small></div><div class=""><small><em>Swagger Clause:</em> Swagger is banned</small></div><div class=""><small><em>Baton Pass Clause:</em> Limit one Baton Passer, can't pass Spe and other stats simultaneously</small></div><div class="chat battle-history"><strong>Liufang pkmn's team:</strong> <em style="color:#445566;display:block;">Omastar / Rotom-Mow / Typhlosion / Hitmontop / Drapion / Fletchinder</em></div><div class="chat battle-history"><strong>Yohko Kurama's team:</strong> <em style="color:#445566;display:block;">Bronzong / Spiritomb / Sceptile / Golbat / Absol / Slowking</em></div><div class="spacer battle-history"><br></div><div class="battle-history">Battle started between Liufang pkmn and Yohko Kurama!<br></div><div class="spacer battle-history"><br></div><div class="battle-history">Go! Rotom (<strong>Rotom-Mow</strong>)!<br></div><div class="spacer battle-history"><br></div><div class="battle-history">Yohko Kurama sent out <strong>Spiritomb</strong>!<br></div><div class="spacer battle-history"><br></div><h2 class="battle-history">Turn 1</h2><div class="spacer battle-history"><br></div><div class="battle-history">Rotom used <strong>Will-O-Wisp</strong>!<br></div><div class="battle-history"><small>The opposing Spiritomb was burned!</small><br></div><div class="spacer battle-history"><br></div><div class="battle-history">The opposing Spiritomb used <strong>Foul Play</strong>!<br></div><div class="battle-history"><small>A critical hit!</small><br></div><div class="battle-history"><small>(Rotom lost <abbr title="−42/304">13.8%</abbr> of its health!)</small><br></div><div class="spacer battle-history"><br></div><div class="battle-history"><small>Rotom restored a little HP using its Leftovers!</small><br></div><div class="battle-history"><small>The opposing Spiritomb was hurt by its burn!</small><br></div><div class="spacer battle-history"><br></div><h2 class="battle-history">Turn 2</h2><div class="spacer battle-history"><br></div><div class="battle-history">Rotom used <strong>Thunderbolt</strong>!<br></div><div class="battle-history"><small>(The opposing Spiritomb lost <abbr title="−106/303">35.0%</abbr> of its health!)</small><br></div><div class="spacer battle-history"><br></div><div class="battle-history">The opposing Spiritomb used <strong>Foul Play</strong>!<br></div><div class="battle-history"><small>(Rotom lost <abbr title="−29/304">9.5%</abbr> of its health!)</small><br></div><div class="spacer battle-history"><br></div><div class="battle-history"><small>Rotom restored a little HP using its Leftovers!</small><br></div><div class="battle-history"><small>The opposing Spiritomb restored a little HP using its Leftovers!</small><br></div><div class="battle-history"><small>The opposing Spiritomb was hurt by its burn!</small><br></div><div class="spacer battle-history"><br></div><h2 class="battle-history">Turn 3</h2><div class="spacer battle-history"><br></div><div class="battle-history">Rotom used <strong>Thunderbolt</strong>!<br></div><div class="battle-history"><small>(The opposing Spiritomb lost <abbr title="−108/303">35.6%</abbr> of its health!)</small><br></div><div class="spacer battle-history"><br></div><div class="battle-history">The opposing Spiritomb used <strong>Pain Split</strong>!<br></div><div class="battle-history"><small>The battlers shared their pain!</small><br></div><div class="spacer battle-history"><br></div><div class="battle-history"><small>Rotom restored a little HP using its Leftovers!</small><br></div><div class="battle-history"><small>The opposing Spiritomb restored a little HP using its Leftovers!</small><br></div><div class="battle-history"><small>The opposing Spiritomb was hurt by its burn!</small><br></div><div class="spacer battle-history"><br></div><h2 class="battle-history">Turn 4</h2><div class="spacer battle-history"><br></div><div class="battle-history">Rotom used <strong>Will-O-Wisp</strong>!<br></div><div class="battle-history"><small>The opposing Spiritomb avoided the attack!</small><br></div><div class="spacer battle-history"><br></div><div class="battle-history">The opposing Spiritomb used <strong>Pain Split</strong>!<br></div><div class="battle-history"><small>The battlers shared their pain!</small><br></div><div class="spacer battle-history"><br></div><div class="battle-history"><small>Rotom restored a little HP using its Leftovers!</small><br></div><div class="battle-history"><small>The opposing Spiritomb restored a little HP using its Leftovers!</small><br></div><div class="battle-history"><small>The opposing Spiritomb was hurt by its burn!</small><br></div><div class="spacer battle-history"><br></div><h2 class="battle-history">Turn 5</h2><div class="spacer battle-history"><br></div><div class="battle-history">Yohko Kurama withdrew Spiritomb!<br></div><div class="battle-history">Yohko Kurama sent out <strong>Sceptile</strong>!<br></div><div class="spacer battle-history"><br></div><div class="battle-history">Rotom used <strong>Pain Split</strong>!<br></div><div class="battle-history"><small>The battlers shared their pain!</small><br></div><div class="spacer battle-history"><br></div><div class="battle-history"><small>Rotom restored a little HP using its Leftovers!</small><br></div><div class="spacer battle-history"><br></div><h2 class="battle-history">Turn 6</h2><div class="spacer battle-history"><br></div><div class="battle-history">The opposing Sceptile used <strong>Focus Blast</strong>!<br></div><div class="battle-history"><small>(Rotom lost <abbr title="−125/304">41.1%</abbr> of its health!)</small><br></div><div class="battle-history"><small>The opposing Sceptile lost some of its HP!</small><br></div><div class="spacer battle-history"><br></div><div class="battle-history">Rotom used <strong>Will-O-Wisp</strong>!<br></div><div class="battle-history"><small>The opposing Sceptile was burned!</small><br></div><div class="spacer battle-history"><br></div><div class="battle-history"><small>Rotom restored a little HP using its Leftovers!</small><br></div><div class="battle-history"><small>The opposing Sceptile was hurt by its burn!</small><br></div><div class="spacer battle-history"><br></div><h2 class="battle-history">Turn 7</h2><div class="spacer battle-history"><br></div><div class="battle-history">Rotom, come back!<br></div><div class="battle-history">Go! <strong>Fletchinder</strong>!<br></div><div class="spacer battle-history"><br></div><div class="battle-history">The opposing Sceptile used <strong>Focus Blast</strong>!<br></div><div class="battle-history"><small>It's not very effective...</small><br></div><div class="battle-history"><small>(Fletchinder lost <abbr title="−139/303">45.9%</abbr> of its health!)</small><br></div><div class="battle-history"><small>The opposing Sceptile lost some of its HP!</small><br></div><div class="spacer battle-history"><br></div><div class="battle-history"><small>The opposing Sceptile was hurt by its burn!</small><br></div><div class="spacer battle-history"><br></div><h2 class="battle-history">Turn 8</h2><div class="spacer battle-history"><br></div><div class="battle-history">Yohko Kurama withdrew Sceptile!<br></div><div class="battle-history">Yohko Kurama sent out <strong>Slowking</strong>!<br></div><div class="spacer battle-history"><br></div><div class="battle-history">Fletchinder used <strong>Roost</strong>!<br></div><div class="battle-history"><small>Fletchinder restored its HP.</small><br></div><div class="spacer battle-history"><br></div><h2 class="battle-history">Turn 9</h2><div class="spacer battle-history"><br></div><div class="battle-history">Fletchinder, come back!<br></div><div class="battle-history">Go! Rotom (<strong>Rotom-Mow</strong>)!<br></div><div class="spacer battle-history"><br></div><div class="battle-history">The opposing Slowking used <strong>Scald</strong>!<br></div><div class="battle-history"><small>It's not very effective...</small><br></div><div class="battle-history"><small>(Rotom lost <abbr title="−30/304">9.9%</abbr> of its health!)</small><br></div><div class="spacer battle-history"><br></div><div class="battle-history"><small>Rotom restored a little HP using its Leftovers!</small><br></div><div class="spacer battle-history"><br></div><h2 class="battle-history">Turn 10</h2><div class="spacer battle-history"><br></div><div class="battle-history">Yohko Kurama withdrew Slowking!<br></div><div class="battle-history">Yohko Kurama sent out <strong>Sceptile</strong>!<br></div><div class="spacer battle-history"><br></div><div class="battle-history">Rotom used <strong>Will-O-Wisp</strong>!<br></div><div class="battle-history"><small>The opposing Sceptile already has a burn.</small><br></div><div class="spacer battle-history"><br></div><div class="battle-history"><small>Rotom restored a little HP using its Leftovers!</small><br></div><div class="battle-history"><small>The opposing Sceptile was hurt by its burn!</small><br></div><div class="spacer battle-history"><br></div><h2 class="battle-history">Turn 11</h2><div class="spacer battle-history"><br></div><div class="battle-history">The opposing Sceptile used <strong>Hidden Power</strong>!<br></div><div class="battle-history"><small>(Rotom lost <abbr title="−58/304">19.1%</abbr> of its health!)</small><br></div><div class="battle-history"><small>The opposing Sceptile lost some of its HP!</small><br></div><div class="spacer battle-history"><br></div><div class="battle-history">Rotom used <strong>Hex</strong>!<br></div><div class="battle-history"><small>(The opposing Sceptile lost <abbr title="−37/281">13.2%</abbr> of its health!)</small><br></div><div class="spacer battle-history"><br></div><div class="battle-history">The opposing Sceptile fainted!<br></div><div class="spacer battle-history"><br></div><div class="battle-history"><small>Rotom restored a little HP using its Leftovers!</small><br></div><div class="spacer battle-history"><br></div><div class="battle-history">Yohko Kurama sent out <strong>Absol</strong>!<br></div><div class="spacer battle-history"><br></div><h2 class="battle-history">Turn 12</h2><div class="spacer battle-history"><br></div><div class="battle-history">The opposing Absol used <strong>Knock Off</strong>!<br></div><div class="battle-history"><small>(Rotom lost <abbr title="−108/304">35.5%</abbr> of its health!)</small><br></div><div class="battle-history"><small>The opposing Absol knocked off Rotom's Leftovers!</small><br></div><div class="battle-history"><small>The opposing Absol lost some of its HP!</small><br></div><div class="spacer battle-history"><br></div><div class="battle-history">Rotom fainted!<br></div><div class="spacer battle-history"><br></div><div class="battle-history">Go! <strong>Omastar</strong>!<br></div><div class="spacer battle-history"><br></div><h2 class="battle-history">Turn 13</h2><div class="spacer battle-history"><br></div><div class="battle-history">The opposing Absol used <strong>Superpower</strong>!<br></div><div class="battle-history"><small>It's super effective!</small><br></div><div class="battle-history"><small>(Omastar lost <abbr title="−263/344">76.5%</abbr> of its health!)</small><br></div><div class="battle-history"><small>The opposing Absol's Attack fell!</small><br></div><div class="battle-history"><small>The opposing Absol's Defense fell!</small><br></div><div class="battle-history"><small>The opposing Absol lost some of its HP!</small><br></div><div class="spacer battle-history"><br></div><div class="battle-history">Omastar used <strong>Stealth Rock</strong>!<br></div><div class="battle-history"><small>Pointed stones float in the air around the opposing team!</small><br></div><div class="spacer battle-history"><br></div><h2 class="battle-history">Turn 14</h2><div class="spacer battle-history"><br></div><div class="battle-history">The opposing Absol used <strong>Knock Off</strong>!<br></div><div class="battle-history"><small>(Omastar lost <abbr title="−81/344">23.5%</abbr> of its health!)</small><br></div><div class="battle-history"><small>The opposing Absol knocked off Omastar's Focus Sash!</small><br></div><div class="battle-history"><small>The opposing Absol lost some of its HP!</small><br></div><div class="spacer battle-history"><br></div><div class="battle-history">Omastar fainted!<br></div><div class="spacer battle-history"><br></div><div class="battle-history">Go! <strong>Fletchinder</strong>!<br></div><div class="spacer battle-history"><br></div><h2 class="battle-history">Turn 15</h2><div class="spacer battle-history"><br></div><div class="battle-history">Yohko Kurama withdrew Absol!<br></div><div class="battle-history">Yohko Kurama sent out <strong>Bronzong</strong>!<br></div><div class="battle-history"><small>Pointed stones dug into the opposing Bronzong!</small><br></div><div class="spacer battle-history"><br></div><div class="battle-history">Fletchinder used <strong>Acrobatics</strong>!<br></div><div class="battle-history"><small>It's not very effective...</small><br></div><div class="battle-history"><small>(The opposing Bronzong lost <abbr title="−50/338">14.8%</abbr> of its health!)</small><br></div><div class="spacer battle-history"><br></div><div class="battle-history"><small>The opposing Bronzong restored a little HP using its Leftovers!</small><br></div><div class="spacer battle-history"><br></div><h2 class="battle-history">Turn 16</h2><div class="chat chatmessage-liufangpkmn"><strong style="color:hsl(181,75%,40.20898796714667%)"><small>☆</small><span class="username" data-name="Liufang pkmn">Liufang pkmn</span>:</strong> <em>FINALLY FINISHED TO DL LoL</em></div><div class="spacer battle-history"><br></div><div class="battle-history">Fletchinder used <strong>Will-O-Wisp</strong>!<br></div><div class="battle-history"><small>The opposing Bronzong was burned!</small><br></div><div class="spacer battle-history"><br></div><div class="battle-history">The opposing Bronzong used <strong>Stealth Rock</strong>!<br></div><div class="battle-history"><small>Pointed stones float in the air around your team!</small><br></div><div class="spacer battle-history"><br></div><div class="battle-history"><small>The opposing Bronzong restored a little HP using its Leftovers!</small><br></div><div class="battle-history"><small>The opposing Bronzong was hurt by its burn!</small><br></div><div class="spacer battle-history"><br></div><h2 class="battle-history">Turn 17</h2><div class="spacer battle-history"><br></div><div class="battle-history">Fletchinder used <strong>Swords Dance</strong>!<br></div><div class="battle-history"><small>Fletchinder's Attack rose sharply!</small><br></div><div class="spacer battle-history"><br></div><div class="battle-history">The opposing Bronzong used <strong>Toxic</strong>!<br></div><div class="battle-history"><small>Fletchinder was badly poisoned!</small><br></div><div class="spacer battle-history"><br></div><div class="battle-history"><small>The opposing Bronzong restored a little HP using its Leftovers!</small><br></div><div class="battle-history"><small>Fletchinder was hurt by poison!</small><br></div><div class="battle-history"><small>The opposing Bronzong was hurt by its burn!</small><br></div><div class="spacer battle-history"><br></div><h2 class="battle-history">Turn 18</h2><div class="spacer battle-history"><br></div><div class="battle-history">Fletchinder used <strong>Swords Dance</strong>!<br></div><div class="battle-history"><small>Fletchinder's Attack rose sharply!</small><br></div><div class="spacer battle-history"><br></div><div class="battle-history">The opposing Bronzong used <strong>Gyro Ball</strong>!<br></div><div class="battle-history"><small>It's not very effective...</small><br></div><div class="battle-history"><small>(Fletchinder lost <abbr title="−29/303">9.6%</abbr> of its health!)</small><br></div><div class="spacer battle-history"><br></div><div class="battle-history"><small>The opposing Bronzong restored a little HP using its Leftovers!</small><br></div><div class="battle-history"><small>Fletchinder was hurt by poison!</small><br></div><div class="battle-history"><small>The opposing Bronzong was hurt by its burn!</small><br></div><div class="spacer battle-history"><br></div><h2 class="battle-history">Turn 19</h2><div class="spacer battle-history"><br></div><div class="battle-history">Fletchinder used <strong>Acrobatics</strong>!<br></div><div class="battle-history"><small>It's not very effective...</small><br></div><div class="battle-history"><small>(The opposing Bronzong lost <abbr title="−134/338">39.6%</abbr> of its health!)</small><br></div><div class="spacer battle-history"><br></div><div class="battle-history">The opposing Bronzong used <strong>Gyro Ball</strong>!<br></div><div class="battle-history"><small>It's not very effective...</small><br></div><div class="battle-history"><small>A critical hit!</small><br></div><div class="battle-history"><small>(Fletchinder lost <abbr title="−44/303">14.5%</abbr> of its health!)</small><br></div><div class="spacer battle-history"><br></div><div class="battle-history"><small>The opposing Bronzong restored a little HP using its Leftovers!</small><br></div><div class="battle-history"><small>Fletchinder was hurt by poison!</small><br></div><div class="battle-history"><small>The opposing Bronzong was hurt by its burn!</small><br></div><div class="spacer battle-history"><br></div><h2 class="battle-history">Turn 20</h2><div class="spacer battle-history"><br></div><div class="battle-history">Fletchinder used <strong>Acrobatics</strong>!<br></div><div class="battle-history"><small>It's not very effective...</small><br></div><div class="battle-history"><small>(The opposing Bronzong lost <abbr title="−70/338">20.7%</abbr> of its health!)</small><br></div><div class="spacer battle-history"><br></div><div class="battle-history">The opposing Bronzong fainted!<br></div><div class="spacer battle-history"><br></div><div class="battle-history"><small>Fletchinder was hurt by poison!</small><br></div><div class="spacer battle-history"><br></div><div class="battle-history">Yohko Kurama sent out <strong>Spiritomb</strong>!<br></div><div class="battle-history"><small>Pointed stones dug into the opposing Spiritomb!</small><br></div><div class="spacer battle-history"><br></div><h2 class="battle-history">Turn 21</h2><div class="spacer battle-history"><br></div><div class="battle-history">Fletchinder used <strong>Acrobatics</strong>!<br></div><div class="battle-history"><small>(The opposing Spiritomb lost <abbr title="−96/303">31.7%</abbr> of its health!)</small><br></div><div class="spacer battle-history"><br></div><div class="battle-history">The opposing Spiritomb fainted!<br></div><div class="spacer battle-history"><br></div><div class="battle-history"><small>Fletchinder was hurt by poison!</small><br></div><div class="spacer battle-history"><br></div><div class="battle-history">Fletchinder fainted!<br></div><div class="spacer battle-history"><br></div><div class="battle-history">Yohko Kurama sent out <strong>Golbat</strong>!<br></div><div class="spacer battle-history"><br></div><div class="battle-history">Go! <strong>Hitmontop</strong>!<br></div><div class="battle-history"><small>Pointed stones dug into the opposing Golbat!</small><br></div><div class="battle-history"><small>Pointed stones dug into Hitmontop!</small><br></div><div class="battle-history"><small>[Hitmontop's Intimidate]</small><br></div><div class="battle-history"><small>The opposing Golbat's Attack fell!</small><br></div><div class="spacer battle-history"><br></div><h2 class="battle-history">Turn 22</h2><div class="spacer battle-history"><br></div><div class="battle-history">The opposing Golbat used <strong>Brave Bird</strong>!<br></div><div class="battle-history"><small>It's super effective!</small><br></div><div class="battle-history"><small>(Hitmontop lost <abbr title="−170/304">55.9%</abbr> of its health!)</small><br></div><div class="battle-history"><small>The opposing Golbat is damaged by the recoil!</small><br></div><div class="spacer battle-history"><br></div><div class="battle-history">Hitmontop used <strong>Rapid Spin</strong>!<br></div><div class="battle-history"><small>(The opposing Golbat lost <abbr title="−13/353">3.7%</abbr> of its health!)</small><br></div><div class="battle-history"><small>The pointed stones disappeared from around your team!</small><br></div><div class="spacer battle-history"><br></div><div class="battle-history"><small>Hitmontop restored a little HP using its Leftovers!</small><br></div><div class="spacer battle-history"><br></div><h2 class="battle-history">Turn 23</h2><div class="spacer battle-history"><br></div><div class="battle-history">Hitmontop used <strong>Bullet Punch</strong>!<br></div><div class="battle-history"><small>A critical hit!</small><br></div><div class="battle-history"><small>(The opposing Golbat lost <abbr title="−37/353">10.5%</abbr> of its health!)</small><br></div><div class="spacer battle-history"><br></div><div class="battle-history">The opposing Golbat used <strong>Roost</strong>!<br></div><div class="battle-history"><small>The opposing Golbat restored its HP.</small><br></div><div class="spacer battle-history"><br></div><div class="battle-history"><small>Hitmontop restored a little HP using its Leftovers!</small><br></div><div class="spacer battle-history"><br></div><h2 class="battle-history">Turn 24</h2><div class="spacer battle-history"><br></div><div class="battle-history">Hitmontop, come back!<br></div><div class="battle-history">Go! <strong>Drapion</strong>!<br></div><div class="spacer battle-history"><br></div><div class="battle-history">The opposing Golbat used <strong>Brave Bird</strong>!<br></div><div class="battle-history"><small>(Drapion lost <abbr title="−72/281">25.6%</abbr> of its health!)</small><br></div><div class="battle-history"><small>The opposing Golbat is damaged by the recoil!</small><br></div><div class="spacer battle-history"><br></div><h2 class="battle-history">Turn 25</h2><div class="spacer battle-history"><br></div><div class="battle-history">Drapion used <strong>Swords Dance</strong>!<br></div><div class="battle-history"><small>Drapion's Attack rose sharply!</small><br></div><div class="spacer battle-history"><br></div><div class="battle-history">The opposing Golbat used <strong>Brave Bird</strong>!<br></div><div class="battle-history"><small>(Drapion lost <abbr title="−70/281">24.9%</abbr> of its health!)</small><br></div><div class="battle-history"><small>The opposing Golbat is damaged by the recoil!</small><br></div><div class="spacer battle-history"><br></div><h2 class="battle-history">Turn 26</h2><div class="spacer battle-history"><br></div><div class="battle-history">Drapion used <strong>Knock Off</strong>!<br></div><div class="battle-history"><small>(The opposing Golbat lost <abbr title="−168/353">47.6%</abbr> of its health!)</small><br></div><div class="battle-history"><small>Drapion knocked off the opposing Golbat's Eviolite!</small><br></div><div class="spacer battle-history"><br></div><div class="battle-history">The opposing Golbat used <strong>Brave Bird</strong>!<br></div><div class="battle-history"><small>(Drapion lost <abbr title="−69/281">24.6%</abbr> of its health!)</small><br></div><div class="battle-history"><small>The opposing Golbat is damaged by the recoil!</small><br></div><div class="spacer battle-history"><br></div><h2 class="battle-history">Turn 27</h2><div class="spacer battle-history"><br></div><div class="battle-history">Drapion used <strong>Knock Off</strong>!<br></div><div class="battle-history"><small>(The opposing Golbat lost <abbr title="−98/353">27.8%</abbr> of its health!)</small><br></div><div class="spacer battle-history"><br></div><div class="battle-history">The opposing Golbat fainted!<br></div><div class="spacer battle-history"><br></div><div class="battle-history">Yohko Kurama sent out <strong>Absol</strong>!<br></div><div class="battle-history"><small>Pointed stones dug into the opposing Absol!</small><br></div><div class="spacer battle-history"><br></div><h2 class="battle-history">Turn 28</h2><div class="spacer battle-history"><br></div><div class="battle-history">The opposing Absol used <strong>Sucker Punch</strong>!<br></div><div class="battle-history"><small>It's not very effective...</small><br></div><div class="battle-history"><small>(Drapion lost <abbr title="−70/281">24.9%</abbr> of its health!)</small><br></div><div class="battle-history"><small>The opposing Absol lost some of its HP!</small><br></div><div class="spacer battle-history"><br></div><div class="battle-history">Drapion fainted!<br></div><div class="spacer battle-history"><br></div><div class="battle-history">Go! <strong>Hitmontop</strong>!<br></div><div class="battle-history"><small>[Hitmontop's Intimidate]</small><br></div><div class="battle-history"><small>The opposing Absol's Attack fell!</small><br></div><div class="spacer battle-history"><br></div><h2 class="battle-history">Turn 29</h2><div class="spacer battle-history"><br></div><div class="battle-history">The opposing Absol used <strong>Superpower</strong>!<br></div><div class="battle-history"><small>(Hitmontop lost <abbr title="−142/304">46.7%</abbr> of its health!)</small><br></div><div class="battle-history"><small>The opposing Absol's Attack fell!</small><br></div><div class="battle-history"><small>The opposing Absol's Defense fell!</small><br></div><div class="battle-history"><small>The opposing Absol lost some of its HP!</small><br></div><div class="spacer battle-history"><br></div><div class="battle-history">Hitmontop used <strong>Toxic</strong>!<br></div><div class="battle-history"><small>The opposing Absol was badly poisoned!</small><br></div><div class="spacer battle-history"><br></div><div class="battle-history"><small>Hitmontop restored a little HP using its Leftovers!</small><br></div><div class="battle-history"><small>The opposing Absol was hurt by poison!</small><br></div><div class="spacer battle-history"><br></div><h2 class="battle-history">Turn 30</h2><div class="spacer battle-history"><br></div><div class="battle-history">Hitmontop used <strong>Bullet Punch</strong>!<br></div><div class="battle-history"><small>(The opposing Absol lost <abbr title="−87/271">32.1%</abbr> of its health!)</small><br></div><div class="spacer battle-history"><br></div><div class="battle-history">The opposing Absol fainted!<br></div><div class="spacer battle-history"><br></div><div class="battle-history"><small>Hitmontop restored a little HP using its Leftovers!</small><br></div><div class="spacer battle-history"><br></div><div class="battle-history">Yohko Kurama sent out <strong>Slowking</strong>!<br></div><div class="battle-history"><small>Pointed stones dug into the opposing Slowking!</small><br></div><div class="spacer battle-history"><br></div><h2 class="battle-history">Turn 31</h2><div class="spacer battle-history"><br></div><div class="battle-history">Hitmontop used <strong>Toxic</strong>!<br></div><div class="battle-history"><small>The opposing Slowking was badly poisoned!</small><br></div><div class="spacer battle-history"><br></div><div class="battle-history">The opposing Slowking used <strong>Calm Mind</strong>!<br></div><div class="battle-history"><small>The opposing Slowking's Special Attack rose!</small><br></div><div class="battle-history"><small>The opposing Slowking's Special Defense rose!</small><br></div><div class="spacer battle-history"><br></div><div class="battle-history"><small>Hitmontop restored a little HP using its Leftovers!</small><br></div><div class="battle-history"><small>The opposing Slowking restored a little HP using its Leftovers!</small><br></div><div class="battle-history"><small>The opposing Slowking was hurt by poison!</small><br></div><div class="spacer battle-history"><br></div><h2 class="battle-history">Turn 32</h2><div class="spacer battle-history"><br></div><div class="battle-history">Hitmontop used <strong>Close Combat</strong>!<br></div><div class="battle-history"><small>It's not very effective...</small><br></div><div class="battle-history"><small>(The opposing Slowking lost <abbr title="−75/394">19.0%</abbr> of its health!)</small><br></div><div class="battle-history"><small>Hitmontop's Defense fell!</small><br></div><div class="battle-history"><small>Hitmontop's Special Defense fell!</small><br></div><div class="spacer battle-history"><br></div><div class="battle-history">The opposing Slowking used <strong>Psyshock</strong>!<br></div><div class="battle-history"><small>It's super effective!</small><br></div><div class="battle-history"><small>(Hitmontop lost <abbr title="−68/304">22.4%</abbr> of its health!)</small><br></div><div class="spacer battle-history"><br></div><div class="battle-history">Hitmontop fainted!<br></div><div class="spacer battle-history"><br></div><div class="battle-history"><small>The opposing Slowking restored a little HP using its Leftovers!</small><br></div><div class="battle-history"><small>The opposing Slowking was hurt by poison!</small><br></div><div class="spacer battle-history"><br></div><div class="battle-history">Go! <strong>Typhlosion</strong>!<br></div><div class="spacer battle-history"><br></div><h2 class="battle-history">Turn 33</h2><div class="spacer battle-history"><br></div><div class="battle-history">Typhlosion used <strong>Hidden Power</strong>!<br></div><div class="battle-history"><small>It's super effective!</small><br></div><div class="battle-history"><small>(The opposing Slowking lost <abbr title="−128/394">32.5%</abbr> of its health!)</small><br></div><div class="spacer battle-history"><br></div><div class="battle-history">The opposing Slowking used <strong>Scald</strong>!<br></div><div class="battle-history"><small>It's super effective!</small><br></div><div class="battle-history"><small>(Typhlosion lost <abbr title="−297/297">100%</abbr> of its health!)</small><br></div><div class="spacer battle-history"><br></div><div class="battle-history">Typhlosion fainted!<br></div><div class="spacer battle-history"><br></div><div class="battle-history"><strong>Yohko Kurama</strong> won the battle!<br></div><div class="chat">Liufang pkmn's rating: 1324 → <strong>1289</strong><br>(-35 for losing)</div><div class="chat">Yohko Kurama's rating: 1000 → <strong>1069</strong><br>(+69 for winning)</div><div class="chat"><small>Liufang pkmn left.</small></div></div><div class="inner-preempt"></div></div></div>
</div>
<script>
let daily = Math.floor(Date.now()/1000/60/60/24);document.write('<script src="https://play.pokemonshowdown.com/js/replay-embed.js?version'+daily+'"></'+'script>');
</script>
