<!DOCTYPE html>
<meta charset="utf-8" />
<!-- version 1 -->
<title>RU replay: HEHHHO vs. ParnStar</title>
<style>
html,body {font-family:Verdana, sans-serif;font-size:10pt;margin:0;padding:0;}body{padding:12px 0;} .battle-log {font-family:Verdana, sans-serif;font-size:10pt;} .battle-log-inline {border:1px solid #AAAAAA;background:#EEF2F5;color:black;max-width:640px;margin:0 auto 80px;padding-bottom:5px;} .battle-log .inner {padding:4px 8px 0px 8px;} .battle-log .inner-preempt {padding:0 8px 4px 8px;} .battle-log .inner-after {margin-top:0.5em;} .battle-log h2 {margin:0.5em -8px;padding:4px 8px;border:1px solid #AAAAAA;background:#E0E7EA;border-left:0;border-right:0;font-family:Verdana, sans-serif;font-size:13pt;} .battle-log .chat {vertical-align:middle;padding:3px 0 3px 0;font-size:8pt;} .battle-log .chat strong {color:#40576A;} .battle-log .chat em {padding:1px 4px 1px 3px;color:#000000;font-style:normal;} .chat.mine {background:rgba(0,0,0,0.05);margin-left:-8px;margin-right:-8px;padding-left:8px;padding-right:8px;} .spoiler {color:#BBBBBB;background:#BBBBBB;padding:0px 3px;} .spoiler:hover, .spoiler:active, .spoiler-shown {color:#000000;background:#E2E2E2;padding:0px 3px;} .spoiler a {color:#BBBBBB;} .spoiler:hover a, .spoiler:active a, .spoiler-shown a {color:#2288CC;} .chat code, .chat .spoiler:hover code, .chat .spoiler:active code, .chat .spoiler-shown code {border:1px solid #C0C0C0;background:#EEEEEE;color:black;padding:0 2px;} .chat .spoiler code {border:1px solid #CCCCCC;background:#CCCCCC;color:#CCCCCC;} .battle-log .rated {padding:3px 4px;} .battle-log .rated strong {color:white;background:#89A;padding:1px 4px;border-radius:4px;} .spacer {margin-top:0.5em;} .message-announce {background:#6688AA;color:white;padding:1px 4px 2px;} .message-announce a, .broadcast-green a, .broadcast-blue a, .broadcast-red a {color:#DDEEFF;} .broadcast-green {background-color:#559955;color:white;padding:2px 4px;} .broadcast-blue {background-color:#6688AA;color:white;padding:2px 4px;} .infobox {border:1px solid #6688AA;padding:2px 4px;} .infobox-limited {max-height:200px;overflow:auto;overflow-x:hidden;} .broadcast-red {background-color:#AA5544;color:white;padding:2px 4px;} .message-learn-canlearn {font-weight:bold;color:#228822;text-decoration:underline;} .message-learn-cannotlearn {font-weight:bold;color:#CC2222;text-decoration:underline;} .message-effect-weak {font-weight:bold;color:#CC2222;} .message-effect-resist {font-weight:bold;color:#6688AA;} .message-effect-immune {font-weight:bold;color:#666666;} .message-learn-list {margin-top:0;margin-bottom:0;} .message-throttle-notice, .message-error {color:#992222;} .message-overflow, .chat small.message-overflow {font-size:0pt;} .message-overflow::before {font-size:9pt;content:'...';} .subtle {color:#3A4A66;}
</style>
<div class="wrapper replay-wrapper" style="max-width:1180px;margin:0 auto">
<input type="hidden" name="replayid" value="ru-522315970" />
<div class="battle"></div><div class="battle-log"></div><div class="replay-controls"></div><div class="replay-controls-2"></div>
<h1 style="font-weight:normal;text-align:center"><strong>RU</strong><br /><a href="http://pokemonshowdown.com/users/hehhho" class="subtle" target="_blank">HEHHHO</a> vs. <a href="http://pokemonshowdown.com/users/parnstar" class="subtle" target="_blank">ParnStar</a></h1>
<script type="text/plain" class="battle-log-data">|j|HEHHHO
|j|ParnStar
|player|p1|HEHHHO|144
|player|p2|ParnStar|21
|gametype|singles
|gen|6
|tier|RU
|rated
|seed|36015,58507,38165,63583
|rule|Sleep Clause Mod: Limit one foe put to sleep
|rule|Species Clause: Limit one of each Pokémon
|rule|OHKO Clause: OHKO moves are banned
|rule|Moody Clause: Moody is banned
|rule|Evasion Moves Clause: Evasion moves are banned
|rule|Endless Battle Clause: Forcing endless battles is banned
|rule|HP Percentage Mod: HP is shown in percentages
|clearpoke
|poke|p1|Flygon, F|item
|poke|p1|Cinccino, M, shiny|item
|poke|p1|Wormadam-Trash, F|item
|poke|p1|Delphox, M|item
|poke|p1|Persian, M|item
|poke|p1|Jolteon, M|item
|poke|p2|Piloswine, F|item
|poke|p2|Scrafty, F|item
|poke|p2|Braviary, M|item
|poke|p2|Magneton|item
|poke|p2|Seismitoad, M|item
|poke|p2|Blastoise, F|item
|rule|Swagger Clause: Swagger is banned
|rule|Baton Pass Clause: Limit one Baton Passer, can't pass Spe and other stats simultaneously
|teampreview
|choice|team 5, team 2, team 3, team 4, team 1, team 6|team 1, team 2, team 3, team 4, team 5, team 6
|
|start
|switch|p1a: Persian|Persian, M|272\/272
|switch|p2a: Piloswine|Piloswine, F|404\/404
|turn|1
|choice|move fakeout|move toxic
|
|move|p1a: Persian|Fake Out|p2a: Piloswine
|-damage|p2a: Piloswine|362\/404
|cant|p2a: Piloswine|flinch
|
|upkeep
|turn|2
|choice|move knockoff|move stealthrock
|
|move|p1a: Persian|Knock Off|p2a: Piloswine
|-damage|p2a: Piloswine|322\/404
|-enditem|p2a: Piloswine|Eviolite|[from] move: Knock Off|[of] p1a: Persian
|move|p2a: Piloswine|Stealth Rock|p1a: Persian
|-sidestart|p1: HEHHHO|move: Stealth Rock
|
|upkeep
|turn|3
|choice|switch 4|move toxic
|
|switch|p1a: Delphox|Delphox, M|292\/292
|-damage|p1a: Delphox|219\/292|[from] Stealth Rock
|move|p2a: Piloswine|Toxic|p1a: Delphox
|-status|p1a: Delphox|tox
|
|-damage|p1a: Delphox|201\/292 tox|[from] psn
|upkeep
|turn|4
|choice|move grassknot|move earthquake
|
|move|p1a: Delphox|Grass Knot|p2a: Piloswine
|-supereffective|p2a: Piloswine
|-damage|p2a: Piloswine|54\/404
|move|p2a: Piloswine|Earthquake|p1a: Delphox
|-supereffective|p1a: Delphox
|-damage|p1a: Delphox|0 fnt
|faint|p1a: Delphox
|
|upkeep
|choice|switch 3|
|
|switch|p1a: Wormadam|Wormadam-Trash, F|261\/261
|-damage|p1a: Wormadam|229\/261|[from] Stealth Rock
|turn|5
|choice|move ironhead|switch 3
|
|switch|p2a: Braviary|Braviary, M|341\/341
|move|p1a: Wormadam|Iron Head|p2a: Braviary
|-damage|p2a: Braviary|199\/341
|
|-heal|p2a: Braviary|220\/341|[from] item: Leftovers
|upkeep
|turn|6
|choice|move stealthrock|move bulkup
|
|move|p2a: Braviary|Bulk Up|p2a: Braviary
|-boost|p2a: Braviary|atk|1
|-boost|p2a: Braviary|def|1
|move|p1a: Wormadam|Stealth Rock|p2a: Braviary
|-sidestart|p2: ParnStar|move: Stealth Rock
|
|-heal|p2a: Braviary|241\/341|[from] item: Leftovers
|upkeep
|turn|7
|choice|move toxic|move substitute
|
|move|p2a: Braviary|Substitute|p2a: Braviary
|-start|p2a: Braviary|Substitute
|-damage|p2a: Braviary|156\/341
|move|p1a: Wormadam|Toxic|p2a: Braviary
|-fail|p2a: Braviary
|
|-heal|p2a: Braviary|177\/341|[from] item: Leftovers
|upkeep
|turn|8
|choice|switch 6|move bulkup
|
|switch|p1a: Jolteon|Jolteon, M|271\/271
|-damage|p1a: Jolteon|238\/271|[from] Stealth Rock
|move|p2a: Braviary|Bulk Up|p2a: Braviary
|-boost|p2a: Braviary|atk|1
|-boost|p2a: Braviary|def|1
|
|-heal|p2a: Braviary|198\/341|[from] item: Leftovers
|upkeep
|turn|9
|choice|move thunderbolt|move bravebird
|
|move|p1a: Jolteon|Thunderbolt|p2a: Braviary
|-supereffective|p2a: Braviary
|-end|p2a: Braviary|Substitute
|-damage|p1a: Jolteon|211\/271|[from] item: Life Orb
|move|p2a: Braviary|Brave Bird|p1a: Jolteon
|-resisted|p1a: Jolteon
|-damage|p1a: Jolteon|0 fnt
|-damage|p2a: Braviary|128\/341|[from] recoil|[of] p1a: Jolteon
|faint|p1a: Jolteon
|
|-heal|p2a: Braviary|149\/341|[from] item: Leftovers
|upkeep
|choice|switch 4|
|
|switch|p1a: Persian|Persian, M|272\/272
|-damage|p1a: Persian|238\/272|[from] Stealth Rock
|turn|10
|choice|move knockoff|move roost
|
|move|p1a: Persian|Knock Off|p2a: Braviary
|-damage|p2a: Braviary|96\/341
|-enditem|p2a: Braviary|Leftovers|[from] move: Knock Off|[of] p1a: Persian
|move|p2a: Braviary|Roost|p2a: Braviary
|-heal|p2a: Braviary|267\/341
|
|upkeep
|turn|11
|choice|move foulplay|move substitute
|
|move|p1a: Persian|Foul Play|p2a: Braviary
|-damage|p2a: Braviary|154\/341
|move|p2a: Braviary|Substitute|p2a: Braviary
|-start|p2a: Braviary|Substitute
|-damage|p2a: Braviary|69\/341
|
|upkeep
|turn|12
|choice|move foulplay|move roost
|
|move|p1a: Persian|Foul Play|p2a: Braviary
|-end|p2a: Braviary|Substitute
|move|p2a: Braviary|Roost|p2a: Braviary
|-heal|p2a: Braviary|240\/341
|
|upkeep
|turn|13
|choice|move foulplay|move bulkup
|
|move|p1a: Persian|Foul Play|p2a: Braviary
|-damage|p2a: Braviary|120\/341
|move|p2a: Braviary|Bulk Up|p2a: Braviary
|-boost|p2a: Braviary|atk|1
|-boost|p2a: Braviary|def|1
|
|upkeep
|turn|14
|choice|move foulplay|move roost
|
|move|p1a: Persian|Foul Play|p2a: Braviary
|-damage|p2a: Braviary|1\/341
|move|p2a: Braviary|Roost|p2a: Braviary
|-heal|p2a: Braviary|172\/341
|
|upkeep
|turn|15
|choice|move foulplay|move roost
|
|move|p1a: Persian|Foul Play|p2a: Braviary
|-damage|p2a: Braviary|67\/341
|move|p2a: Braviary|Roost|p2a: Braviary
|-heal|p2a: Braviary|238\/341
|
|upkeep
|turn|16
|choice|move foulplay|move roost
|
|move|p1a: Persian|Foul Play|p2a: Braviary
|-damage|p2a: Braviary|130\/341
|move|p2a: Braviary|Roost|p2a: Braviary
|-heal|p2a: Braviary|301\/341
|
|upkeep
|turn|17
|choice|move foulplay|move roost
|
|move|p1a: Persian|Foul Play|p2a: Braviary
|-damage|p2a: Braviary|192\/341
|move|p2a: Braviary|Roost|p2a: Braviary
|-heal|p2a: Braviary|341\/341
|
|upkeep
|turn|18
|choice|move foulplay|move substitute
|
|move|p1a: Persian|Foul Play|p2a: Braviary
|-damage|p2a: Braviary|222\/341
|move|p2a: Braviary|Substitute|p2a: Braviary
|-start|p2a: Braviary|Substitute
|-damage|p2a: Braviary|137\/341
|
|upkeep
|turn|19
|choice|move foulplay|move bravebird
|
|move|p1a: Persian|Foul Play|p2a: Braviary
|-crit|p2a: Braviary
|-end|p2a: Braviary|Substitute
|move|p2a: Braviary|Brave Bird|p1a: Persian
|-damage|p1a: Persian|0 fnt
|-damage|p2a: Braviary|81\/341|[from] item: Rocky Helmet|[of] p1a: Persian
|-damage|p2a: Braviary|2\/341|[from] recoil|[of] p1a: Persian
|faint|p1a: Persian
|
|upkeep
|choice|switch 5|
|
|switch|p1a: Flygon|Flygon, F|301\/301
|-damage|p1a: Flygon|283\/301|[from] Stealth Rock
|turn|20
|choice|move bugbuzz|move roost
|
|move|p2a: Braviary|Roost|p2a: Braviary
|-heal|p2a: Braviary|173\/341
|move|p1a: Flygon|Bug Buzz|p2a: Braviary
|-damage|p2a: Braviary|63\/341
|-damage|p1a: Flygon|253\/301|[from] item: Life Orb
|
|upkeep
|turn|21
|choice|move bugbuzz|move roost
|
|move|p2a: Braviary|Roost|p2a: Braviary
|-heal|p2a: Braviary|234\/341
|move|p1a: Flygon|Bug Buzz|p2a: Braviary
|-damage|p2a: Braviary|114\/341
|-damage|p1a: Flygon|223\/301|[from] item: Life Orb
|
|upkeep
|turn|22
|choice|move dracometeor|move roost
|
|move|p2a: Braviary|Roost|p2a: Braviary
|-heal|p2a: Braviary|285\/341
|move|p1a: Flygon|Draco Meteor|p2a: Braviary
|-damage|p2a: Braviary|46\/341
|-unboost|p1a: Flygon|spa|2
|-damage|p1a: Flygon|193\/301|[from] item: Life Orb
|
|upkeep
|turn|23
|choice|move bugbuzz|move roost
|
|move|p2a: Braviary|Roost|p2a: Braviary
|-heal|p2a: Braviary|217\/341
|move|p1a: Flygon|Bug Buzz|p2a: Braviary
|-damage|p2a: Braviary|157\/341
|-damage|p1a: Flygon|163\/301|[from] item: Life Orb
|
|upkeep
|turn|24
|choice|move defog|move roost
|
|move|p2a: Braviary|Roost|p2a: Braviary
|-heal|p2a: Braviary|328\/341
|move|p1a: Flygon|Defog|p2a: Braviary
|-unboost|p2a: Braviary|evasion|1
|-ability|p2a: Braviary|Defiant|boost
|-boost|p2a: Braviary|atk|2
|-sideend|p2: ParnStar|Stealth Rock|[from] move: Defog|[of] p2a: Braviary
|-sideend|p1: HEHHHO|Stealth Rock|[from] move: Defog|[of] p1a: Flygon
|
|upkeep
|turn|25
|choice|switch 2|move substitute
|
|switch|p1a: Cinccino|Cinccino, M, shiny|292\/292
|move|p2a: Braviary|Substitute|p2a: Braviary
|-start|p2a: Braviary|Substitute
|-damage|p2a: Braviary|243\/341
|
|upkeep
|turn|26
|choice|move tailslap|move bravebird
|
|move|p1a: Cinccino|Tail Slap|p2a: Braviary
|-activate|p2a: Braviary|move: Substitute|[damage]
|-crit|p2a: Braviary
|-end|p2a: Braviary|Substitute
|-damage|p2a: Braviary|209\/341
|-damage|p2a: Braviary|179\/341
|-damage|p2a: Braviary|146\/341
|-hitcount|p2a: Braviary|5
|move|p2a: Braviary|Brave Bird|p1a: Cinccino
|-damage|p1a: Cinccino|0 fnt
|-damage|p2a: Braviary|50\/341|[from] recoil|[of] p1a: Cinccino
|faint|p1a: Cinccino
|
|upkeep
|choice|switch 2|
|
|switch|p1a: Flygon|Flygon, F|163\/301
|turn|27
|choice|move dracometeor|move roost
|
|move|p2a: Braviary|Roost|p2a: Braviary
|-heal|p2a: Braviary|221\/341
|move|p1a: Flygon|Draco Meteor|p2a: Braviary
|-damage|p2a: Braviary|0 fnt
|-unboost|p1a: Flygon|spa|2
|-damage|p1a: Flygon|133\/301|[from] item: Life Orb
|faint|p2a: Braviary
|
|upkeep
|c|★HEHHHO|CHAOI
|choice||switch 2
|
|switch|p2a: Scrafty|Scrafty, F|271\/271
|turn|28
|choice|move bugbuzz|move dragondance
|
|move|p1a: Flygon|Bug Buzz|p2a: Scrafty
|-damage|p2a: Scrafty|222\/271
|-damage|p1a: Flygon|103\/301|[from] item: Life Orb
|move|p2a: Scrafty|Dragon Dance|p2a: Scrafty
|-boost|p2a: Scrafty|atk|1
|-boost|p2a: Scrafty|spe|1
|
|upkeep
|turn|29
|choice|switch 6|move drainpunch
|
|switch|p1a: Wormadam|Wormadam-Trash, F|229\/261
|move|p2a: Scrafty|Drain Punch|p1a: Wormadam
|-damage|p1a: Wormadam|93\/261
|-heal|p2a: Scrafty|271\/271|[from] drain|[of] p1a: Wormadam
|
|upkeep
|turn|30
|choice|move stealthrock|move knockoff
|
|move|p2a: Scrafty|Knock Off|p1a: Wormadam
|-damage|p1a: Wormadam|0 fnt
|-enditem|p1a: Wormadam|Focus Sash|[from] move: Knock Off|[of] p2a: Scrafty
|faint|p1a: Wormadam
|-ability|p2a: Scrafty|Moxie|boost
|-boost|p2a: Scrafty|atk|1
|
|upkeep
|-message|HEHHHO forfeited.
|l|HEHHHO
|choice|switch 6|
|
|switch|p1a: Flygon|Flygon, F|103\/301
|turn|31
|
|win|ParnStar
|player|p1
|player|p2
|raw|HEHHHO's rating: 1000 &rarr; <strong>1000<\/strong><br \/>(+0 for losing)
|raw|ParnStar's rating: 1104 &rarr; <strong>1122<\/strong><br \/>(+18 for winning)</script>
</div>
<div class="battle-log battle-log-inline"><div class="inner"><div class="battle-options"></div><div class="inner"><div class="chat"><small>HEHHHO joined.</small></div><div class="chat"><small>ParnStar joined.</small></div><div class=""><small>Format:</small> <br><strong>RU</strong></div><div class="rated"><strong>Rated battle</strong></div><div class=""><small><em>Sleep Clause Mod:</em> Limit one foe put to sleep</small></div><div class=""><small><em>Species Clause:</em> Limit one of each Pokémon</small></div><div class=""><small><em>OHKO Clause:</em> OHKO moves are banned</small></div><div class=""><small><em>Moody Clause:</em> Moody is banned</small></div><div class=""><small><em>Evasion Moves Clause:</em> Evasion moves are banned</small></div><div class=""><small><em>Endless Battle Clause:</em> Forcing endless battles is banned</small></div><div class=""><small><em>HP Percentage Mod:</em> HP is shown in percentages</small></div><div class=""><small><em>Swagger Clause:</em> Swagger is banned</small></div><div class=""><small><em>Baton Pass Clause:</em> Limit one Baton Passer, can't pass Spe and other stats simultaneously</small></div><div class="chat battle-history"><strong>HEHHHO's team:</strong> <em style="color:#445566;display:block;">Flygon / Cinccino / Wormadam-Trash / Delphox / Persian / Jolteon</em></div><div class="chat battle-history"><strong>ParnStar's team:</strong> <em style="color:#445566;display:block;">Piloswine / Scrafty / Braviary / Magneton / Seismitoad / Blastoise</em></div><div class="spacer battle-history"><br></div><div class="battle-history">Battle started between HEHHHO and ParnStar!<br></div><div class="spacer battle-history"><br></div><div class="battle-history">Go! <strong>Persian</strong>!<br></div><div class="spacer battle-history"><br></div><div class="battle-history">ParnStar sent out <strong>Piloswine</strong>!<br></div><div class="spacer battle-history"><br></div><h2 class="battle-history">Turn 1</h2><div class="spacer battle-history"><br></div><div class="battle-history">Persian used <strong>Fake Out</strong>!<br></div><div class="battle-history"><small>(The opposing Piloswine lost <abbr title="−42/404">10.4%</abbr> of its health!)</small><br></div><div class="spacer battle-history"><br></div><div class="battle-history">The opposing Piloswine flinched and couldn't move!<br></div><div class="spacer battle-history"><br></div><h2 class="battle-history">Turn 2</h2><div class="spacer battle-history"><br></div><div class="battle-history">Persian used <strong>Knock Off</strong>!<br></div><div class="battle-history"><small>(The opposing Piloswine lost <abbr title="−40/404">9.9%</abbr> of its health!)</small><br></div><div class="battle-history"><small>Persian knocked off the opposing Piloswine's Eviolite!</small><br></div><div class="spacer battle-history"><br></div><div class="battle-history">The opposing Piloswine used <strong>Stealth Rock</strong>!<br></div><div class="battle-history"><small>Pointed stones float in the air around your team!</small><br></div><div class="spacer battle-history"><br></div><h2 class="battle-history">Turn 3</h2><div class="spacer battle-history"><br></div><div class="battle-history">Persian, come back!<br></div><div class="battle-history">Go! <strong>Delphox</strong>!<br></div><div class="battle-history"><small>Pointed stones dug into Delphox!</small><br></div><div class="spacer battle-history"><br></div><div class="battle-history">The opposing Piloswine used <strong>Toxic</strong>!<br></div><div class="battle-history"><small>Delphox was badly poisoned!</small><br></div><div class="spacer battle-history"><br></div><div class="battle-history"><small>Delphox was hurt by poison!</small><br></div><div class="spacer battle-history"><br></div><h2 class="battle-history">Turn 4</h2><div class="spacer battle-history"><br></div><div class="battle-history">Delphox used <strong>Grass Knot</strong>!<br></div><div class="battle-history"><small>It's super effective!</small><br></div><div class="battle-history"><small>(The opposing Piloswine lost <abbr title="−268/404">66.3%</abbr> of its health!)</small><br></div><div class="spacer battle-history"><br></div><div class="battle-history">The opposing Piloswine used <strong>Earthquake</strong>!<br></div><div class="battle-history"><small>It's super effective!</small><br></div><div class="battle-history"><small>(Delphox lost <abbr title="−201/292">68.8%</abbr> of its health!)</small><br></div><div class="spacer battle-history"><br></div><div class="battle-history">Delphox fainted!<br></div><div class="spacer battle-history"><br></div><div class="battle-history">Go! Wormadam (<strong>Wormadam-Trash</strong>)!<br></div><div class="battle-history"><small>Pointed stones dug into Wormadam!</small><br></div><div class="spacer battle-history"><br></div><h2 class="battle-history">Turn 5</h2><div class="spacer battle-history"><br></div><div class="battle-history">ParnStar withdrew Piloswine!<br></div><div class="battle-history">ParnStar sent out <strong>Braviary</strong>!<br></div><div class="spacer battle-history"><br></div><div class="battle-history">Wormadam used <strong>Iron Head</strong>!<br></div><div class="battle-history"><small>(The opposing Braviary lost <abbr title="−142/341">41.6%</abbr> of its health!)</small><br></div><div class="spacer battle-history"><br></div><div class="battle-history"><small>The opposing Braviary restored a little HP using its Leftovers!</small><br></div><div class="spacer battle-history"><br></div><h2 class="battle-history">Turn 6</h2><div class="spacer battle-history"><br></div><div class="battle-history">The opposing Braviary used <strong>Bulk Up</strong>!<br></div><div class="battle-history"><small>The opposing Braviary's Attack rose!</small><br></div><div class="battle-history"><small>The opposing Braviary's Defense rose!</small><br></div><div class="spacer battle-history"><br></div><div class="battle-history">Wormadam used <strong>Stealth Rock</strong>!<br></div><div class="battle-history"><small>Pointed stones float in the air around the opposing team!</small><br></div><div class="spacer battle-history"><br></div><div class="battle-history"><small>The opposing Braviary restored a little HP using its Leftovers!</small><br></div><div class="spacer battle-history"><br></div><h2 class="battle-history">Turn 7</h2><div class="spacer battle-history"><br></div><div class="battle-history">The opposing Braviary used <strong>Substitute</strong>!<br></div><div class="battle-history"><small>The opposing Braviary put in a substitute!</small><br></div><div class="battle-history"><small>(The opposing Braviary lost <abbr title="−85/341">24.9%</abbr> of its health!)</small><br></div><div class="spacer battle-history"><br></div><div class="battle-history">Wormadam used <strong>Toxic</strong>!<br></div><div class="battle-history"><small>But it failed!</small><br></div><div class="spacer battle-history"><br></div><div class="battle-history"><small>The opposing Braviary restored a little HP using its Leftovers!</small><br></div><div class="spacer battle-history"><br></div><h2 class="battle-history">Turn 8</h2><div class="spacer battle-history"><br></div><div class="battle-history">Wormadam, come back!<br></div><div class="battle-history">Go! <strong>Jolteon</strong>!<br></div><div class="battle-history"><small>Pointed stones dug into Jolteon!</small><br></div><div class="spacer battle-history"><br></div><div class="battle-history">The opposing Braviary used <strong>Bulk Up</strong>!<br></div><div class="battle-history"><small>The opposing Braviary's Attack rose!</small><br></div><div class="battle-history"><small>The opposing Braviary's Defense rose!</small><br></div><div class="spacer battle-history"><br></div><div class="battle-history"><small>The opposing Braviary restored a little HP using its Leftovers!</small><br></div><div class="spacer battle-history"><br></div><h2 class="battle-history">Turn 9</h2><div class="spacer battle-history"><br></div><div class="battle-history">Jolteon used <strong>Thunderbolt</strong>!<br></div><div class="battle-history"><small>It's super effective!</small><br></div><div class="battle-history"><small>The opposing Braviary's substitute faded!</small><br></div><div class="battle-history"><small>Jolteon lost some of its HP!</small><br></div><div class="spacer battle-history"><br></div><div class="battle-history">The opposing Braviary used <strong>Brave Bird</strong>!<br></div><div class="battle-history"><small>It's not very effective...</small><br></div><div class="battle-history"><small>(Jolteon lost <abbr title="−211/271">77.9%</abbr> of its health!)</small><br></div><div class="battle-history"><small>The opposing Braviary is damaged by the recoil!</small><br></div><div class="spacer battle-history"><br></div><div class="battle-history">Jolteon fainted!<br></div><div class="spacer battle-history"><br></div><div class="battle-history"><small>The opposing Braviary restored a little HP using its Leftovers!</small><br></div><div class="spacer battle-history"><br></div><div class="battle-history">Go! <strong>Persian</strong>!<br></div><div class="battle-history"><small>Pointed stones dug into Persian!</small><br></div><div class="spacer battle-history"><br></div><h2 class="battle-history">Turn 10</h2><div class="spacer battle-history"><br></div><div class="battle-history">Persian used <strong>Knock Off</strong>!<br></div><div class="battle-history"><small>(The opposing Braviary lost <abbr title="−53/341">15.5%</abbr> of its health!)</small><br></div><div class="battle-history"><small>Persian knocked off the opposing Braviary's Leftovers!</small><br></div><div class="spacer battle-history"><br></div><div class="battle-history">The opposing Braviary used <strong>Roost</strong>!<br></div><div class="battle-history"><small>The opposing Braviary restored its HP.</small><br></div><div class="spacer battle-history"><br></div><h2 class="battle-history">Turn 11</h2><div class="spacer battle-history"><br></div><div class="battle-history">Persian used <strong>Foul Play</strong>!<br></div><div class="battle-history"><small>(The opposing Braviary lost <abbr title="−113/341">33.1%</abbr> of its health!)</small><br></div><div class="spacer battle-history"><br></div><div class="battle-history">The opposing Braviary used <strong>Substitute</strong>!<br></div><div class="battle-history"><small>The opposing Braviary put in a substitute!</small><br></div><div class="battle-history"><small>(The opposing Braviary lost <abbr title="−85/341">24.9%</abbr> of its health!)</small><br></div><div class="spacer battle-history"><br></div><h2 class="battle-history">Turn 12</h2><div class="spacer battle-history"><br></div><div class="battle-history">Persian used <strong>Foul Play</strong>!<br></div><div class="battle-history"><small>The opposing Braviary's substitute faded!</small><br></div><div class="spacer battle-history"><br></div><div class="battle-history">The opposing Braviary used <strong>Roost</strong>!<br></div><div class="battle-history"><small>The opposing Braviary restored its HP.</small><br></div><div class="spacer battle-history"><br></div><h2 class="battle-history">Turn 13</h2><div class="spacer battle-history"><br></div><div class="battle-history">Persian used <strong>Foul Play</strong>!<br></div><div class="battle-history"><small>(The opposing Braviary lost <abbr title="−120/341">35.2%</abbr> of its health!)</small><br></div><div class="spacer battle-history"><br></div><div class="battle-history">The opposing Braviary used <strong>Bulk Up</strong>!<br></div><div class="battle-history"><small>The opposing Braviary's Attack rose!</small><br></div><div class="battle-history"><small>The opposing Braviary's Defense rose!</small><br></div><div class="spacer battle-history"><br></div><h2 class="battle-history">Turn 14</h2><div class="spacer battle-history"><br></div><div class="battle-history">Persian used <strong>Foul Play</strong>!<br></div><div class="battle-history"><small>(The opposing Braviary lost <abbr title="−119/341">34.9%</abbr> of its health!)</small><br></div><div class="spacer battle-history"><br></div><div class="battle-history">The opposing Braviary used <strong>Roost</strong>!<br></div><div class="battle-history"><small>The opposing Braviary restored its HP.</small><br></div><div class="spacer battle-history"><br></div><h2 class="battle-history">Turn 15</h2><div class="spacer battle-history"><br></div><div class="battle-history">Persian used <strong>Foul Play</strong>!<br></div><div class="battle-history"><small>(The opposing Braviary lost <abbr title="−105/341">30.8%</abbr> of its health!)</small><br></div><div class="spacer battle-history"><br></div><div class="battle-history">The opposing Braviary used <strong>Roost</strong>!<br></div><div class="battle-history"><small>The opposing Braviary restored its HP.</small><br></div><div class="spacer battle-history"><br></div><h2 class="battle-history">Turn 16</h2><div class="spacer battle-history"><br></div><div class="battle-history">Persian used <strong>Foul Play</strong>!<br></div><div class="battle-history"><small>(The opposing Braviary lost <abbr title="−108/341">31.7%</abbr> of its health!)</small><br></div><div class="spacer battle-history"><br></div><div class="battle-history">The opposing Braviary used <strong>Roost</strong>!<br></div><div class="battle-history"><small>The opposing Braviary restored its HP.</small><br></div><div class="spacer battle-history"><br></div><h2 class="battle-history">Turn 17</h2><div class="spacer battle-history"><br></div><div class="battle-history">Persian used <strong>Foul Play</strong>!<br></div><div class="battle-history"><small>(The opposing Braviary lost <abbr title="−109/341">32.0%</abbr> of its health!)</small><br></div><div class="spacer battle-history"><br></div><div class="battle-history">The opposing Braviary used <strong>Roost</strong>!<br></div><div class="battle-history"><small>The opposing Braviary restored its HP.</small><br></div><div class="spacer battle-history"><br></div><h2 class="battle-history">Turn 18</h2><div class="spacer battle-history"><br></div><div class="battle-history">Persian used <strong>Foul Play</strong>!<br></div><div class="battle-history"><small>(The opposing Braviary lost <abbr title="−119/341">34.9%</abbr> of its health!)</small><br></div><div class="spacer battle-history"><br></div><div class="battle-history">The opposing Braviary used <strong>Substitute</strong>!<br></div><div class="battle-history"><small>The opposing Braviary put in a substitute!</small><br></div><div class="battle-history"><small>(The opposing Braviary lost <abbr title="−85/341">24.9%</abbr> of its health!)</small><br></div><div class="spacer battle-history"><br></div><h2 class="battle-history">Turn 19</h2><div class="spacer battle-history"><br></div><div class="battle-history">Persian used <strong>Foul Play</strong>!<br></div><div class="battle-history"><small>A critical hit!</small><br></div><div class="battle-history"><small>The opposing Braviary's substitute faded!</small><br></div><div class="spacer battle-history"><br></div><div class="battle-history">The opposing Braviary used <strong>Brave Bird</strong>!<br></div><div class="battle-history"><small>(Persian lost <abbr title="−238/272">87.5%</abbr> of its health!)</small><br></div><div class="battle-history"><small>The opposing Braviary was hurt by the Rocky Helmet!</small><br></div><div class="battle-history"><small>The opposing Braviary is damaged by the recoil!</small><br></div><div class="spacer battle-history"><br></div><div class="battle-history">Persian fainted!<br></div><div class="spacer battle-history"><br></div><div class="battle-history">Go! <strong>Flygon</strong>!<br></div><div class="battle-history"><small>Pointed stones dug into Flygon!</small><br></div><div class="spacer battle-history"><br></div><h2 class="battle-history">Turn 20</h2><div class="spacer battle-history"><br></div><div class="battle-history">The opposing Braviary used <strong>Roost</strong>!<br></div><div class="battle-history"><small>The opposing Braviary restored its HP.</small><br></div><div class="spacer battle-history"><br></div><div class="battle-history">Flygon used <strong>Bug Buzz</strong>!<br></div><div class="battle-history"><small>(The opposing Braviary lost <abbr title="−110/341">32.3%</abbr> of its health!)</small><br></div><div class="battle-history"><small>Flygon lost some of its HP!</small><br></div><div class="spacer battle-history"><br></div><h2 class="battle-history">Turn 21</h2><div class="spacer battle-history"><br></div><div class="battle-history">The opposing Braviary used <strong>Roost</strong>!<br></div><div class="battle-history"><small>The opposing Braviary restored its HP.</small><br></div><div class="spacer battle-history"><br></div><div class="battle-history">Flygon used <strong>Bug Buzz</strong>!<br></div><div class="battle-history"><small>(The opposing Braviary lost <abbr title="−120/341">35.2%</abbr> of its health!)</small><br></div><div class="battle-history"><small>Flygon lost some of its HP!</small><br></div><div class="spacer battle-history"><br></div><h2 class="battle-history">Turn 22</h2><div class="spacer battle-history"><br></div><div class="battle-history">The opposing Braviary used <strong>Roost</strong>!<br></div><div class="battle-history"><small>The opposing Braviary restored its HP.</small><br></div><div class="spacer battle-history"><br></div><div class="battle-history">Flygon used <strong>Draco Meteor</strong>!<br></div><div class="battle-history"><small>(The opposing Braviary lost <abbr title="−239/341">70.1%</abbr> of its health!)</small><br></div><div class="battle-history"><small>Flygon's Special Attack fell harshly!</small><br></div><div class="battle-history"><small>Flygon lost some of its HP!</small><br></div><div class="spacer battle-history"><br></div><h2 class="battle-history">Turn 23</h2><div class="spacer battle-history"><br></div><div class="battle-history">The opposing Braviary used <strong>Roost</strong>!<br></div><div class="battle-history"><small>The opposing Braviary restored its HP.</small><br></div><div class="spacer battle-history"><br></div><div class="battle-history">Flygon used <strong>Bug Buzz</strong>!<br></div><div class="battle-history"><small>(The opposing Braviary lost <abbr title="−60/341">17.6%</abbr> of its health!)</small><br></div><div class="battle-history"><small>Flygon lost some of its HP!</small><br></div><div class="spacer battle-history"><br></div><h2 class="battle-history">Turn 24</h2><div class="spacer battle-history"><br></div><div class="battle-history">The opposing Braviary used <strong>Roost</strong>!<br></div><div class="battle-history"><small>The opposing Braviary restored its HP.</small><br></div><div class="spacer battle-history"><br></div><div class="battle-history">Flygon used <strong>Defog</strong>!<br></div><div class="battle-history"><small>The opposing Braviary's evasiveness fell!</small><br></div><div class="battle-history"><small>[The opposing Braviary's Defiant]</small><br></div><div class="battle-history"><small>The opposing Braviary's Attack rose sharply!</small><br></div><div class="battle-history"><small>The pointed stones disappeared from around the opposing team!</small><br></div><div class="battle-history"><small>The pointed stones disappeared from around your team!</small><br></div><div class="spacer battle-history"><br></div><h2 class="battle-history">Turn 25</h2><div class="spacer battle-history"><br></div><div class="battle-history">Flygon, come back!<br></div><div class="battle-history">Go! <strong>Cinccino</strong>!<br></div><div class="spacer battle-history"><br></div><div class="battle-history">The opposing Braviary used <strong>Substitute</strong>!<br></div><div class="battle-history"><small>The opposing Braviary put in a substitute!</small><br></div><div class="battle-history"><small>(The opposing Braviary lost <abbr title="−85/341">24.9%</abbr> of its health!)</small><br></div><div class="spacer battle-history"><br></div><h2 class="battle-history">Turn 26</h2><div class="spacer battle-history"><br></div><div class="battle-history">Cinccino used <strong>Tail Slap</strong>!<br></div><div class="battle-history"><small>The substitute took damage for the opposing Braviary!</small><br></div><div class="battle-history"><small>A critical hit!</small><br></div><div class="battle-history"><small>The opposing Braviary's substitute faded!</small><br></div><div class="battle-history"><small>(The opposing Braviary lost <abbr title="−34/341">10.0%</abbr> of its health!)</small><br></div><div class="battle-history"><small>(The opposing Braviary lost <abbr title="−30/341">8.8%</abbr> of its health!)</small><br></div><div class="battle-history"><small>(The opposing Braviary lost <abbr title="−33/341">9.7%</abbr> of its health!)</small><br></div><div class="battle-history"><small>Hit 5 times!</small><br></div><div class="spacer battle-history"><br></div><div class="battle-history">The opposing Braviary used <strong>Brave Bird</strong>!<br></div><div class="battle-history"><small>(Cinccino lost <abbr title="−292/292">100%</abbr> of its health!)</small><br></div><div class="battle-history"><small>The opposing Braviary is damaged by the recoil!</small><br></div><div class="spacer battle-history"><br></div><div class="battle-history">Cinccino fainted!<br></div><div class="spacer battle-history"><br></div><div class="battle-history">Go! <strong>Flygon</strong>!<br></div><div class="spacer battle-history"><br></div><h2 class="battle-history">Turn 27</h2><div class="spacer battle-history"><br></div><div class="battle-history">The opposing Braviary used <strong>Roost</strong>!<br></div><div class="battle-history"><small>The opposing Braviary restored its HP.</small><br></div><div class="spacer battle-history"><br></div><div class="battle-history">Flygon used <strong>Draco Meteor</strong>!<br></div><div class="battle-history"><small>(The opposing Braviary lost <abbr title="−221/341">64.8%</abbr> of its health!)</small><br></div><div class="battle-history"><small>Flygon's Special Attack fell harshly!</small><br></div><div class="battle-history"><small>Flygon lost some of its HP!</small><br></div><div class="spacer battle-history"><br></div><div class="battle-history">The opposing Braviary fainted!<br></div><div class="chat chatmessage-hehhho"><strong style="color:hsl(233,59%,60.87596110991751%)"><small>★</small><span class="username" data-name="HEHHHO">HEHHHO</span>:</strong> <em>CHAOI</em></div><div class="spacer battle-history"><br></div><div class="battle-history">ParnStar sent out <strong>Scrafty</strong>!<br></div><div class="spacer battle-history"><br></div><h2 class="battle-history">Turn 28</h2><div class="spacer battle-history"><br></div><div class="battle-history">Flygon used <strong>Bug Buzz</strong>!<br></div><div class="battle-history"><small>(The opposing Scrafty lost <abbr title="−49/271">18.1%</abbr> of its health!)</small><br></div><div class="battle-history"><small>Flygon lost some of its HP!</small><br></div><div class="spacer battle-history"><br></div><div class="battle-history">The opposing Scrafty used <strong>Dragon Dance</strong>!<br></div><div class="battle-history"><small>The opposing Scrafty's Attack rose!</small><br></div><div class="battle-history"><small>The opposing Scrafty's Speed rose!</small><br></div><div class="spacer battle-history"><br></div><h2 class="battle-history">Turn 29</h2><div class="spacer battle-history"><br></div><div class="battle-history">Flygon, come back!<br></div><div class="battle-history">Go! Wormadam (<strong>Wormadam-Trash</strong>)!<br></div><div class="spacer battle-history"><br></div><div class="battle-history">The opposing Scrafty used <strong>Drain Punch</strong>!<br></div><div class="battle-history"><small>(Wormadam lost <abbr title="−136/261">52.1%</abbr> of its health!)</small><br></div><div class="battle-history"><small>Wormadam had its energy drained!</small><br></div><div class="spacer battle-history"><br></div><h2 class="battle-history">Turn 30</h2><div class="spacer battle-history"><br></div><div class="battle-history">The opposing Scrafty used <strong>Knock Off</strong>!<br></div><div class="battle-history"><small>(Wormadam lost <abbr title="−93/261">35.6%</abbr> of its health!)</small><br></div><div class="battle-history"><small>The opposing Scrafty knocked off Wormadam's Focus Sash!</small><br></div><div class="spacer battle-history"><br></div><div class="battle-history">Wormadam fainted!<br></div><div class="battle-history"><small>[The opposing Scrafty's Moxie]</small><br></div><div class="battle-history"><small>The opposing Scrafty's Attack rose!</small><br></div><div class="spacer battle-history"><br></div><div class="battle-history"><small>HEHHHO forfeited.</small><br></div><div class="chat"><small>HEHHHO left.</small></div><div class="spacer battle-history"><br></div><div class="battle-history">Go! <strong>Flygon</strong>!<br></div><div class="spacer battle-history"><br></div><h2 class="battle-history">Turn 31</h2><div class="spacer battle-history"><br></div><div class="battle-history"><strong>ParnStar</strong> won the battle!<br></div><div class="chat">HEHHHO's rating: 1000 → <strong>1000</strong><br>(+0 for losing)</div><div class="chat">ParnStar's rating: 1104 → <strong>1122</strong><br>(+18 for winning)</div></div><div class="inner-preempt"></div></div></div>
</div>
<script>
let daily = Math.floor(Date.now()/1000/60/60/24);document.write('<script src="https://play.pokemonshowdown.com/js/replay-embed.js?version'+daily+'"></'+'script>');
</script>
