<!DOCTYPE html>
<meta charset="utf-8" />
<!-- version 1 -->
<title>RU replay: lilac.maj vs. shut fuck</title>
<style>
html,body {font-family:Verdana, sans-serif;font-size:10pt;margin:0;padding:0;}body{padding:12px 0;} .battle-log {font-family:Verdana, sans-serif;font-size:10pt;} .battle-log-inline {border:1px solid #AAAAAA;background:#EEF2F5;color:black;max-width:640px;margin:0 auto 80px;padding-bottom:5px;} .battle-log .inner {padding:4px 8px 0px 8px;} .battle-log .inner-preempt {padding:0 8px 4px 8px;} .battle-log .inner-after {margin-top:0.5em;} .battle-log h2 {margin:0.5em -8px;padding:4px 8px;border:1px solid #AAAAAA;background:#E0E7EA;border-left:0;border-right:0;font-family:Verdana, sans-serif;font-size:13pt;} .battle-log .chat {vertical-align:middle;padding:3px 0 3px 0;font-size:8pt;} .battle-log .chat strong {color:#40576A;} .battle-log .chat em {padding:1px 4px 1px 3px;color:#000000;font-style:normal;} .chat.mine {background:rgba(0,0,0,0.05);margin-left:-8px;margin-right:-8px;padding-left:8px;padding-right:8px;} .spoiler {color:#BBBBBB;background:#BBBBBB;padding:0px 3px;} .spoiler:hover, .spoiler:active, .spoiler-shown {color:#000000;background:#E2E2E2;padding:0px 3px;} .spoiler a {color:#BBBBBB;} .spoiler:hover a, .spoiler:active a, .spoiler-shown a {color:#2288CC;} .chat code, .chat .spoiler:hover code, .chat .spoiler:active code, .chat .spoiler-shown code {border:1px solid #C0C0C0;background:#EEEEEE;color:black;padding:0 2px;} .chat .spoiler code {border:1px solid #CCCCCC;background:#CCCCCC;color:#CCCCCC;} .battle-log .rated {padding:3px 4px;} .battle-log .rated strong {color:white;background:#89A;padding:1px 4px;border-radius:4px;} .spacer {margin-top:0.5em;} .message-announce {background:#6688AA;color:white;padding:1px 4px 2px;} .message-announce a, .broadcast-green a, .broadcast-blue a, .broadcast-red a {color:#DDEEFF;} .broadcast-green {background-color:#559955;color:white;padding:2px 4px;} .broadcast-blue {background-color:#6688AA;color:white;padding:2px 4px;} .infobox {border:1px solid #6688AA;padding:2px 4px;} .infobox-limited {max-height:200px;overflow:auto;overflow-x:hidden;} .broadcast-red {background-color:#AA5544;color:white;padding:2px 4px;} .message-learn-canlearn {font-weight:bold;color:#228822;text-decoration:underline;} .message-learn-cannotlearn {font-weight:bold;color:#CC2222;text-decoration:underline;} .message-effect-weak {font-weight:bold;color:#CC2222;} .message-effect-resist {font-weight:bold;color:#6688AA;} .message-effect-immune {font-weight:bold;color:#666666;} .message-learn-list {margin-top:0;margin-bottom:0;} .message-throttle-notice, .message-error {color:#992222;} .message-overflow, .chat small.message-overflow {font-size:0pt;} .message-overflow::before {font-size:9pt;content:'...';} .subtle {color:#3A4A66;}
</style>
<div class="wrapper replay-wrapper" style="max-width:1180px;margin:0 auto">
<input type="hidden" name="replayid" value="ru-511251393" />
<div class="battle"></div><div class="battle-log"></div><div class="replay-controls"></div><div class="replay-controls-2"></div>
<h1 style="font-weight:normal;text-align:center"><strong>RU</strong><br /><a href="http://pokemonshowdown.com/users/lilacmaj" class="subtle" target="_blank">lilac.maj</a> vs. <a href="http://pokemonshowdown.com/users/shutfuck" class="subtle" target="_blank">shut fuck</a></h1>
<script type="text/plain" class="battle-log-data">|j|lilac.maj
|j|shut fuck
|player|p1|lilac.maj|216
|player|p2|shut fuck|249
|gametype|singles
|gen|6
|tier|RU
|seed|22821,12818,20521,29577
|rule|Sleep Clause Mod: Limit one foe put to sleep
|rule|Species Clause: Limit one of each Pokémon
|rule|OHKO Clause: OHKO moves are banned
|rule|Moody Clause: Moody is banned
|rule|Evasion Moves Clause: Evasion moves are banned
|rule|Endless Battle Clause: Forcing endless battles is banned
|rule|HP Percentage Mod: HP is shown in percentages
|clearpoke
|poke|p1|Drapion, M, shiny|item
|poke|p1|Hoopa|item
|poke|p1|Registeel|item
|poke|p1|Hitmonlee, M|item
|poke|p1|Rotom-Mow, shiny|item
|poke|p1|Flygon, M|item
|poke|p2|Uxie|item
|poke|p2|Sneasel, M|item
|poke|p2|Cofagrigus, M|item
|poke|p2|Scrafty, F|item
|poke|p2|Registeel|item
|poke|p2|Blastoise, M|item
|rule|Swagger Clause: Swagger is banned
|rule|Baton Pass Clause: Limit one Baton Passer, can't pass Spe and other stats simultaneously
|teampreview
|c|★shut fuck|e
|choice|team 1, team 2, team 3, team 4, team 5, team 6|team 1, team 2, team 3, team 4, team 5, team 6
|
|start
|switch|p1a: Drapion|Drapion, M, shiny|344\/344
|switch|p2a: Uxie|Uxie|354\/354
|turn|1
|choice|move toxicspikes|move stealthrock
|
|move|p2a: Uxie|Stealth Rock|p1a: Drapion
|-sidestart|p1: lilac.maj|move: Stealth Rock
|move|p1a: Drapion|Toxic Spikes|p2a: Uxie
|-sidestart|p2: shut fuck|move: Toxic Spikes
|
|upkeep
|turn|2
|choice|move toxicspikes|move thunderwave
|
|move|p2a: Uxie|Thunder Wave|p1a: Drapion
|-status|p1a: Drapion|par
|cant|p1a: Drapion|par
|
|upkeep
|turn|3
|choice|move toxicspikes|switch 4
|
|switch|p2a: Scrafty|Scrafty, F|334\/334
|-status|p2a: Scrafty|psn
|move|p1a: Drapion|Toxic Spikes|p2a: Scrafty
|-sidestart|p2: shut fuck|move: Toxic Spikes
|
|-damage|p2a: Scrafty|293\/334 psn|[from] psn
|upkeep
|turn|4
|choice|move taunt|move taunt
|
|move|p2a: Scrafty|Taunt|p1a: Drapion
|-start|p1a: Drapion|move: Taunt
|cant|p1a: Drapion|move: Taunt|Taunt
|
|-activate|p2a: Scrafty|ability: Shed Skin
|-curestatus|p2a: Scrafty|psn|[msg]
|upkeep
|turn|5
|c|★lilac.maj|excuse me
|c|★shut fuck|heh,,,
|choice|switch 5|move roar
|
|switch|p1a: Rotom|Rotom-Mow, shiny|304\/304
|-damage|p1a: Rotom|266\/304|[from] Stealth Rock
|move|p2a: Scrafty|Roar|p1a: Rotom
|drag|p1a: Hitmonlee|Hitmonlee, M|241\/241
|-damage|p1a: Hitmonlee|226\/241|[from] Stealth Rock
|
|upkeep
|turn|6
|c|★lilac.maj|yo can i get a rawr xd
|choice|move highjumpkick|switch 6
|
|switch|p2a: Blastoise|Blastoise, M|362\/362
|-status|p2a: Blastoise|tox
|move|p1a: Hitmonlee|High Jump Kick|p2a: Blastoise
|-damage|p2a: Blastoise|123\/362 tox
|-damage|p1a: Hitmonlee|202\/241|[from] item: Life Orb
|
|-heal|p2a: Blastoise|145\/362 tox|[from] item: Leftovers
|-damage|p2a: Blastoise|123\/362 tox|[from] psn
|upkeep
|turn|7
|choice|move knockoff|switch 3
|
|switch|p2a: Cofagrigus|Cofagrigus, M|319\/319
|-status|p2a: Cofagrigus|tox
|move|p1a: Hitmonlee|Knock Off|p2a: Cofagrigus
|-supereffective|p2a: Cofagrigus
|-damage|p2a: Cofagrigus|160\/319 tox
|-activate|p2a: Cofagrigus|ability: Mummy|Reckless|[of] p1a: Hitmonlee
|-enditem|p2a: Cofagrigus|Leftovers|[from] move: Knock Off|[of] p1a: Hitmonlee
|-damage|p1a: Hitmonlee|178\/241|[from] item: Life Orb
|
|-damage|p2a: Cofagrigus|141\/319 tox|[from] psn
|upkeep
|turn|8
|c|★shut fuck|wuhqehfdjklv;cnm,
|c|★shut fuck|sdfgcvznmb l;d
|choice|switch 5|move painsplit
|
|switch|p1a: Drapion|Drapion, M, shiny|344\/344 par
|-damage|p1a: Drapion|301\/344 par|[from] Stealth Rock
|move|p2a: Cofagrigus|Pain Split|p1a: Drapion
|-sethp|p1a: Drapion|221\/344 par|p2a: Cofagrigus|221\/319 tox|[from] move: Pain Split
|
|-heal|p1a: Drapion|242\/344 par|[from] item: Black Sludge
|-damage|p2a: Cofagrigus|183\/319 tox|[from] psn
|upkeep
|turn|9
|choice|move taunt|switch 6
|
|switch|p2a: Scrafty|Scrafty, F|293\/334
|-status|p2a: Scrafty|tox
|move|p1a: Drapion|Taunt|p2a: Scrafty
|-start|p2a: Scrafty|move: Taunt
|
|-heal|p1a: Drapion|263\/344 par|[from] item: Black Sludge
|-damage|p2a: Scrafty|273\/334 tox|[from] psn
|upkeep
|turn|10
|c|★shut fuck|!dt drapion
|c|~|\/data-pokemon Drapion
|raw|<font size="1"><font color="#686868">Dex#:<\/font> 452&nbsp;|&ThickSpace;<font color="#686868">Gen:<\/font> 4&nbsp;|&ThickSpace;<font color="#686868">Height:<\/font> 1.3 m&nbsp;|&ThickSpace;<font color="#686868">Weight:<\/font> 61.5 kg <em>(80 BP)<\/em>&nbsp;|&ThickSpace;<font color="#686868">Dex Colour:<\/font> Purple&nbsp;|&ThickSpace;<font color="#686868">Egg Group(s):<\/font> Bug, Water 3&nbsp;|&ThickSpace;<font color="#686868">Does Not Evolve<\/font><\/font>
|choice|move poisonjab|move knockoff
|
|move|p2a: Scrafty|Knock Off|p1a: Drapion
|-resisted|p1a: Drapion
|-damage|p1a: Drapion|211\/344 par
|-enditem|p1a: Drapion|Black Sludge|[from] move: Knock Off|[of] p2a: Scrafty
|move|p1a: Drapion|Poison Jab|p2a: Scrafty
|-damage|p2a: Scrafty|192\/334 tox
|-damage|p1a: Drapion|154\/344 par|[from] item: Rocky Helmet|[of] p2a: Scrafty
|
|-activate|p2a: Scrafty|ability: Shed Skin
|-curestatus|p2a: Scrafty|tox|[msg]
|upkeep
|turn|11
|c|★shut fuck|why does this thing have so much defense
|c|★shut fuck|the fuck
|choice|switch 3|move drainpunch
|
|switch|p1a: Registeel|Registeel|364\/364
|-damage|p1a: Registeel|342\/364|[from] Stealth Rock
|move|p2a: Scrafty|Drain Punch|p1a: Registeel
|-supereffective|p1a: Registeel
|-damage|p1a: Registeel|246\/364
|-heal|p2a: Scrafty|240\/334|[from] drain|[of] p1a: Registeel
|
|-heal|p1a: Registeel|268\/364|[from] item: Leftovers
|-end|p2a: Scrafty|move: Taunt
|upkeep
|turn|12
|choice|move stealthrock|move taunt
|
|move|p2a: Scrafty|Taunt|p1a: Registeel
|-start|p1a: Registeel|move: Taunt
|cant|p1a: Registeel|move: Taunt|Stealth Rock
|
|-heal|p1a: Registeel|290\/364|[from] item: Leftovers
|upkeep
|turn|13
|c|★lilac.maj|drain ounch me xd
|choice|switch 3|move drainpunch
|
|switch|p1a: Drapion|Drapion, M, shiny|154\/344 par
|-damage|p1a: Drapion|111\/344 par|[from] Stealth Rock
|move|p2a: Scrafty|Drain Punch|p1a: Drapion
|-damage|p1a: Drapion|41\/344 par
|-heal|p2a: Scrafty|275\/334|[from] drain|[of] p1a: Drapion
|
|upkeep
|turn|14
|choice|move poisonjab|move knockoff
|
|move|p2a: Scrafty|Knock Off|p1a: Drapion
|-resisted|p1a: Drapion
|-damage|p1a: Drapion|9\/344 par
|move|p1a: Drapion|Poison Jab|p2a: Scrafty
|-damage|p2a: Scrafty|202\/334
|-damage|p1a: Drapion|0 fnt|[from] item: Rocky Helmet|[of] p2a: Scrafty
|faint|p1a: Drapion
|-status|p2a: Scrafty|psn
|
|-damage|p2a: Scrafty|161\/334 psn|[from] psn
|upkeep
|choice|switch 3|
|
|switch|p1a: Registeel|Registeel|290\/364
|-damage|p1a: Registeel|268\/364|[from] Stealth Rock
|turn|15
|c|★shut fuck|WHY DONT U SWITCH INTO HOOPA AAAAAAA
|choice|move ironhead|move drainpunch
|
|move|p2a: Scrafty|Drain Punch|p1a: Registeel
|-supereffective|p1a: Registeel
|-damage|p1a: Registeel|176\/364
|-heal|p2a: Scrafty|207\/334 psn|[from] drain|[of] p1a: Registeel
|move|p1a: Registeel|Iron Head|p2a: Scrafty
|-damage|p2a: Scrafty|140\/334 psn
|-damage|p1a: Registeel|116\/364|[from] item: Rocky Helmet|[of] p2a: Scrafty
|
|-heal|p1a: Registeel|138\/364|[from] item: Leftovers
|-damage|p2a: Scrafty|99\/334 psn|[from] psn
|upkeep
|turn|16
|c|★lilac.maj|THAT WAS MY PLAY BUT I SAW THE KNOCJ OFF
|c|★shut fuck|FUCK
|choice|move protect|move knockoff
|
|move|p1a: Registeel|Protect|p1a: Registeel
|-singleturn|p1a: Registeel|Protect
|move|p2a: Scrafty|Knock Off|p1a: Registeel
|-activate|p1a: Registeel|move: Protect
|
|-heal|p1a: Registeel|160\/364|[from] item: Leftovers
|-damage|p2a: Scrafty|58\/334 psn|[from] psn
|upkeep
|turn|17
|choice|move stealthrock|move drainpunch
|
|move|p2a: Scrafty|Drain Punch|p1a: Registeel
|-supereffective|p1a: Registeel
|-damage|p1a: Registeel|58\/364
|-heal|p2a: Scrafty|109\/334 psn|[from] drain|[of] p1a: Registeel
|move|p1a: Registeel|Stealth Rock|p2a: Scrafty
|-sidestart|p2: shut fuck|move: Stealth Rock
|
|-heal|p1a: Registeel|80\/364|[from] item: Leftovers
|-damage|p2a: Scrafty|68\/334 psn|[from] psn
|upkeep
|turn|18
|c|★shut fuck|BITCJ
|choice|move protect|move roar
|
|move|p1a: Registeel|Protect|p1a: Registeel
|-singleturn|p1a: Registeel|Protect
|move|p2a: Scrafty|Roar|p1a: Registeel
|drag|p1a: Rotom|Rotom-Mow, shiny|266\/304
|-damage|p1a: Rotom|228\/304|[from] Stealth Rock
|
|-heal|p1a: Rotom|247\/304|[from] item: Leftovers
|-activate|p2a: Scrafty|ability: Shed Skin
|-curestatus|p2a: Scrafty|psn|[msg]
|upkeep
|turn|19
|c|★lilac.maj|dont taunt me either
|choice|move voltswitch|move drainpunch
|
|move|p1a: Rotom|Volt Switch|p2a: Scrafty
|-damage|p2a: Scrafty|0 fnt
|faint|p2a: Scrafty
|choice|switch 6|
|
|switch|p1a: Flygon|Flygon, M|301\/301
|-damage|p1a: Flygon|283\/301|[from] Stealth Rock
|
|upkeep
|choice||switch 3
|
|switch|p2a: Blastoise|Blastoise, M|123\/362 tox
|-damage|p2a: Blastoise|78\/362 tox|[from] Stealth Rock
|turn|20
|c|★shut fuck|hold this
|c|★shut fuck|scarfed ice beam
|c|★shut fuck|heh,,,,
|choice|move boomburst|move rapidspin
|
|move|p1a: Flygon|Boomburst|p2a: Blastoise
|-damage|p2a: Blastoise|0 fnt
|-damage|p1a: Flygon|253\/301|[from] item: Life Orb
|faint|p2a: Blastoise
|
|upkeep
|c|★shut fuck|FAGOT
|c|★shut fuck|ok
|c|★shut fuck|ok
|c|★shut fuck|icu
|choice||switch 2
|
|switch|p2a: Sneasel|Sneasel, M|251\/251
|-damage|p2a: Sneasel|189\/251|[from] Stealth Rock
|-status|p2a: Sneasel|tox
|turn|21
|choice|switch 5|move iciclecrash
|
|switch|p1a: Hitmonlee|Hitmonlee, M|178\/241
|-damage|p1a: Hitmonlee|163\/241|[from] Stealth Rock
|move|p2a: Sneasel|Icicle Crash|p1a: Hitmonlee
|-damage|p1a: Hitmonlee|0 fnt
|-damage|p2a: Sneasel|164\/251 tox|[from] item: Life Orb
|faint|p1a: Hitmonlee
|
|-damage|p2a: Sneasel|149\/251 tox|[from] psn
|upkeep
|choice|switch 2|
|
|switch|p1a: Hoopa|Hoopa|301\/301
|-damage|p1a: Hoopa|264\/301|[from] Stealth Rock
|turn|22
|choice|move shadowball|switch 6
|
|switch|p2a: Cofagrigus|Cofagrigus, M|183\/319 tox
|-damage|p2a: Cofagrigus|144\/319 tox|[from] Stealth Rock
|move|p1a: Hoopa|Shadow Ball|p2a: Cofagrigus
|-supereffective|p2a: Cofagrigus
|-damage|p2a: Cofagrigus|0 fnt
|faint|p2a: Cofagrigus
|
|upkeep
|choice||switch 5
|
|switch|p2a: Registeel|Registeel|364\/364
|-damage|p2a: Registeel|342\/364|[from] Stealth Rock
|turn|23
|choice|switch 4|move toxic
|
|switch|p1a: Registeel|Registeel|80\/364
|-damage|p1a: Registeel|58\/364|[from] Stealth Rock
|move|p2a: Registeel|Toxic|p1a: Registeel
|-immune|p1a: Registeel|[msg]
|
|-heal|p1a: Registeel|80\/364|[from] item: Leftovers
|-heal|p2a: Registeel|364\/364|[from] item: Leftovers
|upkeep
|turn|24
|c|★lilac.maj|hurry up i have school
|choice|move thunderwave|move seismictoss
|
|move|p1a: Registeel|Thunder Wave|p2a: Registeel
|-status|p2a: Registeel|par
|move|p2a: Registeel|Seismic Toss|p1a: Registeel
|-damage|p1a: Registeel|0 fnt
|faint|p1a: Registeel
|
|upkeep
|choice|switch 5|
|
|switch|p1a: Flygon|Flygon, M|253\/301
|-damage|p1a: Flygon|235\/301|[from] Stealth Rock
|turn|25
|choice|move earthpower|move toxic
|
|move|p1a: Flygon|Earth Power|p2a: Registeel
|-supereffective|p2a: Registeel
|-damage|p2a: Registeel|213\/364 par
|-damage|p1a: Flygon|205\/301|[from] item: Life Orb
|move|p2a: Registeel|Toxic|p1a: Flygon
|-status|p1a: Flygon|tox
|
|-heal|p2a: Registeel|235\/364 par|[from] item: Leftovers
|-damage|p1a: Flygon|187\/301 tox|[from] psn
|upkeep
|turn|26
|choice|move earthpower|move protect
|
|move|p2a: Registeel|Protect|p2a: Registeel
|-singleturn|p2a: Registeel|Protect
|move|p1a: Flygon|Earth Power|p2a: Registeel
|-activate|p2a: Registeel|move: Protect
|
|-heal|p2a: Registeel|257\/364 par|[from] item: Leftovers
|-damage|p1a: Flygon|151\/301 tox|[from] psn
|upkeep
|turn|27
|choice|move earthpower|move seismictoss
|
|move|p1a: Flygon|Earth Power|p2a: Registeel
|-supereffective|p2a: Registeel
|-damage|p2a: Registeel|98\/364 par
|-damage|p1a: Flygon|121\/301 tox|[from] item: Life Orb
|cant|p2a: Registeel|par
|
|-heal|p2a: Registeel|120\/364 par|[from] item: Leftovers
|-damage|p1a: Flygon|67\/301 tox|[from] psn
|upkeep
|turn|28
|choice|switch 6|move protect
|
|switch|p1a: Rotom|Rotom-Mow, shiny|247\/304
|-damage|p1a: Rotom|209\/304|[from] Stealth Rock
|move|p2a: Registeel|Protect|p2a: Registeel
|-fail|p2a: Registeel
|
|-heal|p1a: Rotom|228\/304|[from] item: Leftovers
|-heal|p2a: Registeel|142\/364 par|[from] item: Leftovers
|upkeep
|turn|29
|choice|move voltswitch|move seismictoss
|
|move|p1a: Rotom|Volt Switch|p2a: Registeel
|-damage|p2a: Registeel|81\/364 par
|choice|switch 6|
|
|switch|p1a: Flygon|Flygon, M|67\/301 tox
|-damage|p1a: Flygon|49\/301 tox|[from] Stealth Rock
|move|p2a: Registeel|Seismic Toss|p1a: Flygon
|-damage|p1a: Flygon|0 fnt
|faint|p1a: Flygon
|
|-heal|p2a: Registeel|103\/364 par|[from] item: Leftovers
|upkeep
|choice|switch 4|
|
|switch|p1a: Hoopa|Hoopa|264\/301
|-damage|p1a: Hoopa|227\/301|[from] Stealth Rock
|turn|30
|c|★lilac.maj|ok
|c|★lilac.maj|heres the money
|choice|move focusblast|move toxic
|
|move|p1a: Hoopa|Focus Blast|p2a: Registeel
|-supereffective|p2a: Registeel
|-damage|p2a: Registeel|0 fnt
|faint|p2a: Registeel
|
|upkeep
|choice||switch 4
|
|switch|p2a: Uxie|Uxie|354\/354
|-damage|p2a: Uxie|310\/354|[from] Stealth Rock
|turn|31
|choice|switch 6|move thunderwave
|
|switch|p1a: Rotom|Rotom-Mow, shiny|228\/304
|-damage|p1a: Rotom|190\/304|[from] Stealth Rock
|move|p2a: Uxie|Thunder Wave|p1a: Rotom
|-immune|p1a: Rotom|[msg]
|
|-heal|p2a: Uxie|332\/354|[from] item: Leftovers
|-heal|p1a: Rotom|209\/304|[from] item: Leftovers
|upkeep
|turn|32
|choice|move shadowball|move psyshock
|
|move|p2a: Uxie|Psyshock|p1a: Rotom
|-damage|p1a: Rotom|134\/304
|move|p1a: Rotom|Shadow Ball|p2a: Uxie
|-supereffective|p2a: Uxie
|-damage|p2a: Uxie|188\/354
|
|-heal|p2a: Uxie|210\/354|[from] item: Leftovers
|-heal|p1a: Rotom|153\/304|[from] item: Leftovers
|upkeep
|turn|33
|choice|move shadowball|move psyshock
|
|move|p2a: Uxie|Psyshock|p1a: Rotom
|-damage|p1a: Rotom|78\/304
|move|p1a: Rotom|Shadow Ball|p2a: Uxie
|-supereffective|p2a: Uxie
|-damage|p2a: Uxie|70\/354
|
|-heal|p2a: Uxie|92\/354|[from] item: Leftovers
|-heal|p1a: Rotom|97\/304|[from] item: Leftovers
|upkeep
|turn|34
|choice|move shadowball|move psyshock
|
|move|p2a: Uxie|Psyshock|p1a: Rotom
|-damage|p1a: Rotom|28\/304
|move|p1a: Rotom|Shadow Ball|p2a: Uxie
|-supereffective|p2a: Uxie
|-damage|p2a: Uxie|0 fnt
|faint|p2a: Uxie
|
|-heal|p1a: Rotom|47\/304|[from] item: Leftovers
|upkeep
|choice||switch 6
|
|switch|p2a: Sneasel|Sneasel, M|149\/251 tox
|-damage|p2a: Sneasel|87\/251 tox|[from] Stealth Rock
|turn|35
|choice|move voltswitch|move knockoff
|
|move|p2a: Sneasel|Knock Off|p1a: Rotom
|-damage|p1a: Rotom|0 fnt
|-enditem|p1a: Rotom|Leftovers|[from] move: Knock Off|[of] p2a: Sneasel
|-damage|p2a: Sneasel|62\/251 tox|[from] item: Life Orb
|faint|p1a: Rotom
|
|-damage|p2a: Sneasel|47\/251 tox|[from] psn
|upkeep
|choice|switch 6|
|
|switch|p1a: Hoopa|Hoopa|227\/301
|-damage|p1a: Hoopa|190\/301|[from] Stealth Rock
|turn|36
|c|★lilac.maj|paypal me a 50 and ill focus blast
|choice|move shadowball|move knockoff
|
|move|p1a: Hoopa|Shadow Ball|p2a: Sneasel
|-resisted|p2a: Sneasel
|-damage|p2a: Sneasel|0 fnt
|faint|p2a: Sneasel
|
|win|lilac.maj
|player|p1
|player|p2
|c|★shut fuck|g</script>
</div>
<div class="battle-log battle-log-inline"><div class="inner"><div class="battle-options"></div><div class="inner"><div class="chat"><small>lilac.maj joined.</small></div><div class="chat"><small>shut fuck joined.</small></div><div class=""><small>Format:</small> <br><strong>RU</strong></div><div class=""><small><em>Sleep Clause Mod:</em> Limit one foe put to sleep</small></div><div class=""><small><em>Species Clause:</em> Limit one of each Pokémon</small></div><div class=""><small><em>OHKO Clause:</em> OHKO moves are banned</small></div><div class=""><small><em>Moody Clause:</em> Moody is banned</small></div><div class=""><small><em>Evasion Moves Clause:</em> Evasion moves are banned</small></div><div class=""><small><em>Endless Battle Clause:</em> Forcing endless battles is banned</small></div><div class=""><small><em>HP Percentage Mod:</em> HP is shown in percentages</small></div><div class=""><small><em>Swagger Clause:</em> Swagger is banned</small></div><div class=""><small><em>Baton Pass Clause:</em> Limit one Baton Passer, can't pass Spe and other stats simultaneously</small></div><div class="chat battle-history"><strong>lilac.maj's team:</strong> <em style="color:#445566;display:block;">Drapion / Hoopa / Registeel / Hitmonlee / Rotom-Mow / Flygon</em></div><div class="chat battle-history"><strong>shut fuck's team:</strong> <em style="color:#445566;display:block;">Uxie / Sneasel / Cofagrigus / Scrafty / Registeel / Blastoise</em></div><div class="chat chatmessage-shutfuck"><strong style="color:hsl(111,83%,35.93066356368873%)"><small>★</small><span class="username" data-name="shut fuck">shut fuck</span>:</strong> <em>e</em></div><div class="spacer battle-history"><br></div><div class="battle-history">Battle started between lilac.maj and shut fuck!<br></div><div class="spacer battle-history"><br></div><div class="battle-history">Go! <strong>Drapion</strong>!<br></div><div class="spacer battle-history"><br></div><div class="battle-history">shut fuck sent out <strong>Uxie</strong>!<br></div><div class="spacer battle-history"><br></div><h2 class="battle-history">Turn 1</h2><div class="spacer battle-history"><br></div><div class="battle-history">The opposing Uxie used <strong>Stealth Rock</strong>!<br></div><div class="battle-history"><small>Pointed stones float in the air around your team!</small><br></div><div class="spacer battle-history"><br></div><div class="battle-history">Drapion used <strong>Toxic Spikes</strong>!<br></div><div class="battle-history"><small>Poison spikes were scattered on the ground all around the opposing team!</small><br></div><div class="spacer battle-history"><br></div><h2 class="battle-history">Turn 2</h2><div class="spacer battle-history"><br></div><div class="battle-history">The opposing Uxie used <strong>Thunder Wave</strong>!<br></div><div class="battle-history"><small>Drapion is paralyzed! It may be unable to move!</small><br></div><div class="spacer battle-history"><br></div><div class="battle-history">Drapion is paralyzed! It can't move!<br></div><div class="spacer battle-history"><br></div><h2 class="battle-history">Turn 3</h2><div class="spacer battle-history"><br></div><div class="battle-history">shut fuck withdrew Uxie!<br></div><div class="battle-history">shut fuck sent out <strong>Scrafty</strong>!<br></div><div class="battle-history"><small>The opposing Scrafty was poisoned!</small><br></div><div class="spacer battle-history"><br></div><div class="battle-history">Drapion used <strong>Toxic Spikes</strong>!<br></div><div class="battle-history"><small>Poison spikes were scattered on the ground all around the opposing team!</small><br></div><div class="spacer battle-history"><br></div><div class="battle-history"><small>The opposing Scrafty was hurt by poison!</small><br></div><div class="spacer battle-history"><br></div><h2 class="battle-history">Turn 4</h2><div class="spacer battle-history"><br></div><div class="battle-history">The opposing Scrafty used <strong>Taunt</strong>!<br></div><div class="battle-history"><small>Drapion fell for the taunt!</small><br></div><div class="spacer battle-history"><br></div><div class="battle-history">Drapion can't use Taunt after the taunt!<br></div><div class="spacer battle-history"><br></div><div class="battle-history"><small>[The opposing Scrafty's Shed Skin]</small><br></div><div class="battle-history"><small>The opposing Scrafty was cured of its poisoning.</small><br></div><div class="spacer battle-history"><br></div><h2 class="battle-history">Turn 5</h2><div class="chat chatmessage-lilacmaj"><strong style="color:hsl(171,40%,46%)"><small>★</small><span class="username" data-name="lilac.maj">lilac.maj</span>:</strong> <em>excuse me</em></div><div class="chat chatmessage-shutfuck"><strong style="color:hsl(111,83%,35.93066356368873%)"><small>★</small><span class="username" data-name="shut fuck">shut fuck</span>:</strong> <em>heh,,,</em></div><div class="spacer battle-history"><br></div><div class="battle-history">Drapion, come back!<br></div><div class="battle-history">Go! Rotom (<strong>Rotom-Mow</strong>)!<br></div><div class="battle-history"><small>Pointed stones dug into Rotom!</small><br></div><div class="spacer battle-history"><br></div><div class="battle-history">The opposing Scrafty used <strong>Roar</strong>!<br></div><div class="spacer battle-history"><br></div><div class="battle-history"><strong>Hitmonlee</strong> was dragged out!<br></div><div class="battle-history"><small>Pointed stones dug into Hitmonlee!</small><br></div><div class="spacer battle-history"><br></div><h2 class="battle-history">Turn 6</h2><div class="chat chatmessage-lilacmaj"><strong style="color:hsl(171,40%,46%)"><small>★</small><span class="username" data-name="lilac.maj">lilac.maj</span>:</strong> <em>yo can i get a rawr xd</em></div><div class="spacer battle-history"><br></div><div class="battle-history">shut fuck withdrew Scrafty!<br></div><div class="battle-history">shut fuck sent out <strong>Blastoise</strong>!<br></div><div class="battle-history"><small>The opposing Blastoise was badly poisoned!</small><br></div><div class="spacer battle-history"><br></div><div class="battle-history">Hitmonlee used <strong>High Jump Kick</strong>!<br></div><div class="battle-history"><small>(The opposing Blastoise lost <abbr title="−239/362">66.0%</abbr> of its health!)</small><br></div><div class="battle-history"><small>Hitmonlee lost some of its HP!</small><br></div><div class="spacer battle-history"><br></div><div class="battle-history"><small>The opposing Blastoise restored a little HP using its Leftovers!</small><br></div><div class="battle-history"><small>The opposing Blastoise was hurt by poison!</small><br></div><div class="spacer battle-history"><br></div><h2 class="battle-history">Turn 7</h2><div class="spacer battle-history"><br></div><div class="battle-history">shut fuck withdrew Blastoise!<br></div><div class="battle-history">shut fuck sent out <strong>Cofagrigus</strong>!<br></div><div class="battle-history"><small>The opposing Cofagrigus was badly poisoned!</small><br></div><div class="spacer battle-history"><br></div><div class="battle-history">Hitmonlee used <strong>Knock Off</strong>!<br></div><div class="battle-history"><small>It's super effective!</small><br></div><div class="battle-history"><small>(The opposing Cofagrigus lost <abbr title="−159/319">49.8%</abbr> of its health!)</small><br></div><div class="battle-history"><small>[The opposing Cofagrigus's Mummy]</small><br><small>[Hitmonlee's Reckless]</small><br><small>[Hitmonlee's Mummy]</small><br><small>Hitmonlee's Ability became Mummy!</small><br></div><div class="battle-history"><small>Hitmonlee knocked off the opposing Cofagrigus's Leftovers!</small><br></div><div class="battle-history"><small>Hitmonlee lost some of its HP!</small><br></div><div class="spacer battle-history"><br></div><div class="battle-history"><small>The opposing Cofagrigus was hurt by poison!</small><br></div><div class="spacer battle-history"><br></div><h2 class="battle-history">Turn 8</h2><div class="chat chatmessage-shutfuck"><strong style="color:hsl(111,83%,35.93066356368873%)"><small>★</small><span class="username" data-name="shut fuck">shut fuck</span>:</strong> <em>wuhqehfdjklv;cnm,</em></div><div class="chat chatmessage-shutfuck"><strong style="color:hsl(111,83%,35.93066356368873%)"><small>★</small><span class="username" data-name="shut fuck">shut fuck</span>:</strong> <em>sdfgcvznmb l;d</em></div><div class="spacer battle-history"><br></div><div class="battle-history">Hitmonlee, come back!<br></div><div class="battle-history">Go! <strong>Drapion</strong>!<br></div><div class="battle-history"><small>Pointed stones dug into Drapion!</small><br></div><div class="spacer battle-history"><br></div><div class="battle-history">The opposing Cofagrigus used <strong>Pain Split</strong>!<br></div><div class="battle-history"><small>The battlers shared their pain!</small><br></div><div class="spacer battle-history"><br></div><div class="battle-history"><small>Drapion restored a little HP using its Black Sludge!</small><br></div><div class="battle-history"><small>The opposing Cofagrigus was hurt by poison!</small><br></div><div class="spacer battle-history"><br></div><h2 class="battle-history">Turn 9</h2><div class="spacer battle-history"><br></div><div class="battle-history">shut fuck withdrew Cofagrigus!<br></div><div class="battle-history">shut fuck sent out <strong>Scrafty</strong>!<br></div><div class="battle-history"><small>The opposing Scrafty was badly poisoned!</small><br></div><div class="spacer battle-history"><br></div><div class="battle-history">Drapion used <strong>Taunt</strong>!<br></div><div class="battle-history"><small>The opposing Scrafty fell for the taunt!</small><br></div><div class="spacer battle-history"><br></div><div class="battle-history"><small>Drapion restored a little HP using its Black Sludge!</small><br></div><div class="battle-history"><small>The opposing Scrafty was hurt by poison!</small><br></div><div class="spacer battle-history"><br></div><h2 class="battle-history">Turn 10</h2><div class="chat chatmessage-shutfuck"><strong style="color:hsl(111,83%,35.93066356368873%)"><small>★</small><span class="username" data-name="shut fuck">shut fuck</span>:</strong> <em>!dt drapion</em></div><div class="chat message-error">[outdated code no longer supported]</div><div class="chat"><font size="1"><font color="#686868">Dex#:</font> 452&nbsp;|  <font color="#686868">Gen:</font> 4&nbsp;|  <font color="#686868">Height:</font> 1.3 m&nbsp;|  <font color="#686868">Weight:</font> 61.5 kg <em>(80 BP)</em>&nbsp;|  <font color="#686868">Dex Colour:</font> Purple&nbsp;|  <font color="#686868">Egg Group(s):</font> Bug, Water 3&nbsp;|  <font color="#686868">Does Not Evolve</font></font></div><div class="spacer battle-history"><br></div><div class="battle-history">The opposing Scrafty used <strong>Knock Off</strong>!<br></div><div class="battle-history"><small>It's not very effective...</small><br></div><div class="battle-history"><small>(Drapion lost <abbr title="−52/344">15.1%</abbr> of its health!)</small><br></div><div class="battle-history"><small>The opposing Scrafty knocked off Drapion's Black Sludge!</small><br></div><div class="spacer battle-history"><br></div><div class="battle-history">Drapion used <strong>Poison Jab</strong>!<br></div><div class="battle-history"><small>(The opposing Scrafty lost <abbr title="−81/334">24.3%</abbr> of its health!)</small><br></div><div class="battle-history"><small>Drapion was hurt by the Rocky Helmet!</small><br></div><div class="spacer battle-history"><br></div><div class="battle-history"><small>[The opposing Scrafty's Shed Skin]</small><br></div><div class="battle-history"><small>The opposing Scrafty was cured of its poisoning.</small><br></div><div class="spacer battle-history"><br></div><h2 class="battle-history">Turn 11</h2><div class="chat chatmessage-shutfuck"><strong style="color:hsl(111,83%,35.93066356368873%)"><small>★</small><span class="username" data-name="shut fuck">shut fuck</span>:</strong> <em>why does this thing have so much defense</em></div><div class="chat chatmessage-shutfuck"><strong style="color:hsl(111,83%,35.93066356368873%)"><small>★</small><span class="username" data-name="shut fuck">shut fuck</span>:</strong> <em>the fuck</em></div><div class="spacer battle-history"><br></div><div class="battle-history">Drapion, come back!<br></div><div class="battle-history">Go! <strong>Registeel</strong>!<br></div><div class="battle-history"><small>Pointed stones dug into Registeel!</small><br></div><div class="spacer battle-history"><br></div><div class="battle-history">The opposing Scrafty used <strong>Drain Punch</strong>!<br></div><div class="battle-history"><small>It's super effective!</small><br></div><div class="battle-history"><small>(Registeel lost <abbr title="−96/364">26.4%</abbr> of its health!)</small><br></div><div class="battle-history"><small>Registeel had its energy drained!</small><br></div><div class="spacer battle-history"><br></div><div class="battle-history"><small>Registeel restored a little HP using its Leftovers!</small><br></div><div class="battle-history"><small>The opposing Scrafty's taunt wore off!</small><br></div><div class="spacer battle-history"><br></div><h2 class="battle-history">Turn 12</h2><div class="spacer battle-history"><br></div><div class="battle-history">The opposing Scrafty used <strong>Taunt</strong>!<br></div><div class="battle-history"><small>Registeel fell for the taunt!</small><br></div><div class="spacer battle-history"><br></div><div class="battle-history">Registeel can't use Stealth Rock after the taunt!<br></div><div class="spacer battle-history"><br></div><div class="battle-history"><small>Registeel restored a little HP using its Leftovers!</small><br></div><div class="spacer battle-history"><br></div><h2 class="battle-history">Turn 13</h2><div class="chat chatmessage-lilacmaj"><strong style="color:hsl(171,40%,46%)"><small>★</small><span class="username" data-name="lilac.maj">lilac.maj</span>:</strong> <em>drain ounch me xd</em></div><div class="spacer battle-history"><br></div><div class="battle-history">Registeel, come back!<br></div><div class="battle-history">Go! <strong>Drapion</strong>!<br></div><div class="battle-history"><small>Pointed stones dug into Drapion!</small><br></div><div class="spacer battle-history"><br></div><div class="battle-history">The opposing Scrafty used <strong>Drain Punch</strong>!<br></div><div class="battle-history"><small>(Drapion lost <abbr title="−70/344">20.3%</abbr> of its health!)</small><br></div><div class="battle-history"><small>Drapion had its energy drained!</small><br></div><div class="spacer battle-history"><br></div><h2 class="battle-history">Turn 14</h2><div class="spacer battle-history"><br></div><div class="battle-history">The opposing Scrafty used <strong>Knock Off</strong>!<br></div><div class="battle-history"><small>It's not very effective...</small><br></div><div class="battle-history"><small>(Drapion lost <abbr title="−32/344">9.3%</abbr> of its health!)</small><br></div><div class="spacer battle-history"><br></div><div class="battle-history">Drapion used <strong>Poison Jab</strong>!<br></div><div class="battle-history"><small>(The opposing Scrafty lost <abbr title="−73/334">21.9%</abbr> of its health!)</small><br></div><div class="battle-history"><small>Drapion was hurt by the Rocky Helmet!</small><br></div><div class="spacer battle-history"><br></div><div class="battle-history">Drapion fainted!<br></div><div class="battle-history"><small>The opposing Scrafty was poisoned!</small><br></div><div class="spacer battle-history"><br></div><div class="battle-history"><small>The opposing Scrafty was hurt by poison!</small><br></div><div class="spacer battle-history"><br></div><div class="battle-history">Go! <strong>Registeel</strong>!<br></div><div class="battle-history"><small>Pointed stones dug into Registeel!</small><br></div><div class="spacer battle-history"><br></div><h2 class="battle-history">Turn 15</h2><div class="chat chatmessage-shutfuck"><strong style="color:hsl(111,83%,35.93066356368873%)"><small>★</small><span class="username" data-name="shut fuck">shut fuck</span>:</strong> <em>WHY DONT U SWITCH INTO HOOPA AAAAAAA</em></div><div class="spacer battle-history"><br></div><div class="battle-history">The opposing Scrafty used <strong>Drain Punch</strong>!<br></div><div class="battle-history"><small>It's super effective!</small><br></div><div class="battle-history"><small>(Registeel lost <abbr title="−92/364">25.3%</abbr> of its health!)</small><br></div><div class="battle-history"><small>Registeel had its energy drained!</small><br></div><div class="spacer battle-history"><br></div><div class="battle-history">Registeel used <strong>Iron Head</strong>!<br></div><div class="battle-history"><small>(The opposing Scrafty lost <abbr title="−67/334">20.1%</abbr> of its health!)</small><br></div><div class="battle-history"><small>Registeel was hurt by the Rocky Helmet!</small><br></div><div class="spacer battle-history"><br></div><div class="battle-history"><small>Registeel restored a little HP using its Leftovers!</small><br></div><div class="battle-history"><small>The opposing Scrafty was hurt by poison!</small><br></div><div class="spacer battle-history"><br></div><h2 class="battle-history">Turn 16</h2><div class="chat chatmessage-lilacmaj"><strong style="color:hsl(171,40%,46%)"><small>★</small><span class="username" data-name="lilac.maj">lilac.maj</span>:</strong> <em>THAT WAS MY PLAY BUT I SAW THE KNOCJ OFF</em></div><div class="chat chatmessage-shutfuck"><strong style="color:hsl(111,83%,35.93066356368873%)"><small>★</small><span class="username" data-name="shut fuck">shut fuck</span>:</strong> <em>FUCK</em></div><div class="spacer battle-history"><br></div><div class="battle-history">Registeel used <strong>Protect</strong>!<br></div><div class="battle-history"><small>Registeel protected itself!</small><br></div><div class="spacer battle-history"><br></div><div class="battle-history">The opposing Scrafty used <strong>Knock Off</strong>!<br></div><div class="battle-history"><small>Registeel protected itself!</small><br></div><div class="spacer battle-history"><br></div><div class="battle-history"><small>Registeel restored a little HP using its Leftovers!</small><br></div><div class="battle-history"><small>The opposing Scrafty was hurt by poison!</small><br></div><div class="spacer battle-history"><br></div><h2 class="battle-history">Turn 17</h2><div class="spacer battle-history"><br></div><div class="battle-history">The opposing Scrafty used <strong>Drain Punch</strong>!<br></div><div class="battle-history"><small>It's super effective!</small><br></div><div class="battle-history"><small>(Registeel lost <abbr title="−102/364">28.0%</abbr> of its health!)</small><br></div><div class="battle-history"><small>Registeel had its energy drained!</small><br></div><div class="spacer battle-history"><br></div><div class="battle-history">Registeel used <strong>Stealth Rock</strong>!<br></div><div class="battle-history"><small>Pointed stones float in the air around the opposing team!</small><br></div><div class="spacer battle-history"><br></div><div class="battle-history"><small>Registeel restored a little HP using its Leftovers!</small><br></div><div class="battle-history"><small>The opposing Scrafty was hurt by poison!</small><br></div><div class="spacer battle-history"><br></div><h2 class="battle-history">Turn 18</h2><div class="chat chatmessage-shutfuck"><strong style="color:hsl(111,83%,35.93066356368873%)"><small>★</small><span class="username" data-name="shut fuck">shut fuck</span>:</strong> <em>BITCJ</em></div><div class="spacer battle-history"><br></div><div class="battle-history">Registeel used <strong>Protect</strong>!<br></div><div class="battle-history"><small>Registeel protected itself!</small><br></div><div class="spacer battle-history"><br></div><div class="battle-history">The opposing Scrafty used <strong>Roar</strong>!<br></div><div class="spacer battle-history"><br></div><div class="battle-history">Rotom (<strong>Rotom-Mow</strong>) was dragged out!<br></div><div class="battle-history"><small>Pointed stones dug into Rotom!</small><br></div><div class="spacer battle-history"><br></div><div class="battle-history"><small>Rotom restored a little HP using its Leftovers!</small><br></div><div class="battle-history"><small>[The opposing Scrafty's Shed Skin]</small><br></div><div class="battle-history"><small>The opposing Scrafty was cured of its poisoning.</small><br></div><div class="spacer battle-history"><br></div><h2 class="battle-history">Turn 19</h2><div class="chat chatmessage-lilacmaj"><strong style="color:hsl(171,40%,46%)"><small>★</small><span class="username" data-name="lilac.maj">lilac.maj</span>:</strong> <em>dont taunt me either</em></div><div class="spacer battle-history"><br></div><div class="battle-history">Rotom used <strong>Volt Switch</strong>!<br></div><div class="battle-history"><small>(The opposing Scrafty lost <abbr title="−68/334">20.4%</abbr> of its health!)</small><br></div><div class="spacer battle-history"><br></div><div class="battle-history">The opposing Scrafty fainted!<br></div><div class="spacer battle-history"><br></div><div class="battle-history">Rotom went back to lilac.maj!<br></div><div class="battle-history">Go! <strong>Flygon</strong>!<br></div><div class="battle-history"><small>Pointed stones dug into Flygon!</small><br></div><div class="spacer battle-history"><br></div><div class="battle-history">shut fuck sent out <strong>Blastoise</strong>!<br></div><div class="battle-history"><small>Pointed stones dug into the opposing Blastoise!</small><br></div><div class="spacer battle-history"><br></div><h2 class="battle-history">Turn 20</h2><div class="chat chatmessage-shutfuck"><strong style="color:hsl(111,83%,35.93066356368873%)"><small>★</small><span class="username" data-name="shut fuck">shut fuck</span>:</strong> <em>hold this</em></div><div class="chat chatmessage-shutfuck"><strong style="color:hsl(111,83%,35.93066356368873%)"><small>★</small><span class="username" data-name="shut fuck">shut fuck</span>:</strong> <em>scarfed ice beam</em></div><div class="chat chatmessage-shutfuck"><strong style="color:hsl(111,83%,35.93066356368873%)"><small>★</small><span class="username" data-name="shut fuck">shut fuck</span>:</strong> <em>heh,,,,</em></div><div class="spacer battle-history"><br></div><div class="battle-history">Flygon used <strong>Boomburst</strong>!<br></div><div class="battle-history"><small>(The opposing Blastoise lost <abbr title="−78/362">21.5%</abbr> of its health!)</small><br></div><div class="battle-history"><small>Flygon lost some of its HP!</small><br></div><div class="spacer battle-history"><br></div><div class="battle-history">The opposing Blastoise fainted!<br></div><div class="chat chatmessage-shutfuck"><strong style="color:hsl(111,83%,35.93066356368873%)"><small>★</small><span class="username" data-name="shut fuck">shut fuck</span>:</strong> <em>FAGOT</em></div><div class="chat chatmessage-shutfuck"><strong style="color:hsl(111,83%,35.93066356368873%)"><small>★</small><span class="username" data-name="shut fuck">shut fuck</span>:</strong> <em>ok</em></div><div class="chat chatmessage-shutfuck"><strong style="color:hsl(111,83%,35.93066356368873%)"><small>★</small><span class="username" data-name="shut fuck">shut fuck</span>:</strong> <em>ok</em></div><div class="chat chatmessage-shutfuck"><strong style="color:hsl(111,83%,35.93066356368873%)"><small>★</small><span class="username" data-name="shut fuck">shut fuck</span>:</strong> <em>icu</em></div><div class="spacer battle-history"><br></div><div class="battle-history">shut fuck sent out <strong>Sneasel</strong>!<br></div><div class="battle-history"><small>Pointed stones dug into the opposing Sneasel!</small><br></div><div class="battle-history"><small>The opposing Sneasel was badly poisoned!</small><br></div><div class="spacer battle-history"><br></div><h2 class="battle-history">Turn 21</h2><div class="spacer battle-history"><br></div><div class="battle-history">Flygon, come back!<br></div><div class="battle-history">Go! <strong>Hitmonlee</strong>!<br></div><div class="battle-history"><small>Pointed stones dug into Hitmonlee!</small><br></div><div class="spacer battle-history"><br></div><div class="battle-history">The opposing Sneasel used <strong>Icicle Crash</strong>!<br></div><div class="battle-history"><small>(Hitmonlee lost <abbr title="−163/241">67.6%</abbr> of its health!)</small><br></div><div class="battle-history"><small>The opposing Sneasel lost some of its HP!</small><br></div><div class="spacer battle-history"><br></div><div class="battle-history">Hitmonlee fainted!<br></div><div class="spacer battle-history"><br></div><div class="battle-history"><small>The opposing Sneasel was hurt by poison!</small><br></div><div class="spacer battle-history"><br></div><div class="battle-history">Go! <strong>Hoopa</strong>!<br></div><div class="battle-history"><small>Pointed stones dug into Hoopa!</small><br></div><div class="spacer battle-history"><br></div><h2 class="battle-history">Turn 22</h2><div class="spacer battle-history"><br></div><div class="battle-history">shut fuck withdrew Sneasel!<br></div><div class="battle-history">shut fuck sent out <strong>Cofagrigus</strong>!<br></div><div class="battle-history"><small>Pointed stones dug into the opposing Cofagrigus!</small><br></div><div class="spacer battle-history"><br></div><div class="battle-history">Hoopa used <strong>Shadow Ball</strong>!<br></div><div class="battle-history"><small>It's super effective!</small><br></div><div class="battle-history"><small>(The opposing Cofagrigus lost <abbr title="−144/319">45.1%</abbr> of its health!)</small><br></div><div class="spacer battle-history"><br></div><div class="battle-history">The opposing Cofagrigus fainted!<br></div><div class="spacer battle-history"><br></div><div class="battle-history">shut fuck sent out <strong>Registeel</strong>!<br></div><div class="battle-history"><small>Pointed stones dug into the opposing Registeel!</small><br></div><div class="spacer battle-history"><br></div><h2 class="battle-history">Turn 23</h2><div class="spacer battle-history"><br></div><div class="battle-history">Hoopa, come back!<br></div><div class="battle-history">Go! <strong>Registeel</strong>!<br></div><div class="battle-history"><small>Pointed stones dug into Registeel!</small><br></div><div class="spacer battle-history"><br></div><div class="battle-history">The opposing Registeel used <strong>Toxic</strong>!<br></div><div class="battle-history"><small>It doesn't affect Registeel...</small><br></div><div class="spacer battle-history"><br></div><div class="battle-history"><small>Registeel restored a little HP using its Leftovers!</small><br></div><div class="battle-history"><small>The opposing Registeel restored a little HP using its Leftovers!</small><br></div><div class="spacer battle-history"><br></div><h2 class="battle-history">Turn 24</h2><div class="chat chatmessage-lilacmaj"><strong style="color:hsl(171,40%,46%)"><small>★</small><span class="username" data-name="lilac.maj">lilac.maj</span>:</strong> <em>hurry up i have school</em></div><div class="spacer battle-history"><br></div><div class="battle-history">Registeel used <strong>Thunder Wave</strong>!<br></div><div class="battle-history"><small>The opposing Registeel is paralyzed! It may be unable to move!</small><br></div><div class="spacer battle-history"><br></div><div class="battle-history">The opposing Registeel used <strong>Seismic Toss</strong>!<br></div><div class="battle-history"><small>(Registeel lost <abbr title="−80/364">22.0%</abbr> of its health!)</small><br></div><div class="spacer battle-history"><br></div><div class="battle-history">Registeel fainted!<br></div><div class="spacer battle-history"><br></div><div class="battle-history">Go! <strong>Flygon</strong>!<br></div><div class="battle-history"><small>Pointed stones dug into Flygon!</small><br></div><div class="spacer battle-history"><br></div><h2 class="battle-history">Turn 25</h2><div class="spacer battle-history"><br></div><div class="battle-history">Flygon used <strong>Earth Power</strong>!<br></div><div class="battle-history"><small>It's super effective!</small><br></div><div class="battle-history"><small>(The opposing Registeel lost <abbr title="−151/364">41.5%</abbr> of its health!)</small><br></div><div class="battle-history"><small>Flygon lost some of its HP!</small><br></div><div class="spacer battle-history"><br></div><div class="battle-history">The opposing Registeel used <strong>Toxic</strong>!<br></div><div class="battle-history"><small>Flygon was badly poisoned!</small><br></div><div class="spacer battle-history"><br></div><div class="battle-history"><small>The opposing Registeel restored a little HP using its Leftovers!</small><br></div><div class="battle-history"><small>Flygon was hurt by poison!</small><br></div><div class="spacer battle-history"><br></div><h2 class="battle-history">Turn 26</h2><div class="spacer battle-history"><br></div><div class="battle-history">The opposing Registeel used <strong>Protect</strong>!<br></div><div class="battle-history"><small>The opposing Registeel protected itself!</small><br></div><div class="spacer battle-history"><br></div><div class="battle-history">Flygon used <strong>Earth Power</strong>!<br></div><div class="battle-history"><small>The opposing Registeel protected itself!</small><br></div><div class="spacer battle-history"><br></div><div class="battle-history"><small>The opposing Registeel restored a little HP using its Leftovers!</small><br></div><div class="battle-history"><small>Flygon was hurt by poison!</small><br></div><div class="spacer battle-history"><br></div><h2 class="battle-history">Turn 27</h2><div class="spacer battle-history"><br></div><div class="battle-history">Flygon used <strong>Earth Power</strong>!<br></div><div class="battle-history"><small>It's super effective!</small><br></div><div class="battle-history"><small>(The opposing Registeel lost <abbr title="−159/364">43.7%</abbr> of its health!)</small><br></div><div class="battle-history"><small>Flygon lost some of its HP!</small><br></div><div class="spacer battle-history"><br></div><div class="battle-history">The opposing Registeel is paralyzed! It can't move!<br></div><div class="spacer battle-history"><br></div><div class="battle-history"><small>The opposing Registeel restored a little HP using its Leftovers!</small><br></div><div class="battle-history"><small>Flygon was hurt by poison!</small><br></div><div class="spacer battle-history"><br></div><h2 class="battle-history">Turn 28</h2><div class="spacer battle-history"><br></div><div class="battle-history">Flygon, come back!<br></div><div class="battle-history">Go! Rotom (<strong>Rotom-Mow</strong>)!<br></div><div class="battle-history"><small>Pointed stones dug into Rotom!</small><br></div><div class="spacer battle-history"><br></div><div class="battle-history">The opposing Registeel used <strong>Protect</strong>!<br></div><div class="battle-history"><small>But it failed!</small><br></div><div class="spacer battle-history"><br></div><div class="battle-history"><small>Rotom restored a little HP using its Leftovers!</small><br></div><div class="battle-history"><small>The opposing Registeel restored a little HP using its Leftovers!</small><br></div><div class="spacer battle-history"><br></div><h2 class="battle-history">Turn 29</h2><div class="spacer battle-history"><br></div><div class="battle-history">Rotom used <strong>Volt Switch</strong>!<br></div><div class="battle-history"><small>(The opposing Registeel lost <abbr title="−61/364">16.8%</abbr> of its health!)</small><br></div><div class="spacer battle-history"><br></div><div class="battle-history">Rotom went back to lilac.maj!<br></div><div class="battle-history">Go! <strong>Flygon</strong>!<br></div><div class="battle-history"><small>Pointed stones dug into Flygon!</small><br></div><div class="spacer battle-history"><br></div><div class="battle-history">The opposing Registeel used <strong>Seismic Toss</strong>!<br></div><div class="battle-history"><small>(Flygon lost <abbr title="−49/301">16.3%</abbr> of its health!)</small><br></div><div class="spacer battle-history"><br></div><div class="battle-history">Flygon fainted!<br></div><div class="spacer battle-history"><br></div><div class="battle-history"><small>The opposing Registeel restored a little HP using its Leftovers!</small><br></div><div class="spacer battle-history"><br></div><div class="battle-history">Go! <strong>Hoopa</strong>!<br></div><div class="battle-history"><small>Pointed stones dug into Hoopa!</small><br></div><div class="spacer battle-history"><br></div><h2 class="battle-history">Turn 30</h2><div class="chat chatmessage-lilacmaj"><strong style="color:hsl(171,40%,46%)"><small>★</small><span class="username" data-name="lilac.maj">lilac.maj</span>:</strong> <em>ok</em></div><div class="chat chatmessage-lilacmaj"><strong style="color:hsl(171,40%,46%)"><small>★</small><span class="username" data-name="lilac.maj">lilac.maj</span>:</strong> <em>heres the money</em></div><div class="spacer battle-history"><br></div><div class="battle-history">Hoopa used <strong>Focus Blast</strong>!<br></div><div class="battle-history"><small>It's super effective!</small><br></div><div class="battle-history"><small>(The opposing Registeel lost <abbr title="−103/364">28.3%</abbr> of its health!)</small><br></div><div class="spacer battle-history"><br></div><div class="battle-history">The opposing Registeel fainted!<br></div><div class="spacer battle-history"><br></div><div class="battle-history">shut fuck sent out <strong>Uxie</strong>!<br></div><div class="battle-history"><small>Pointed stones dug into the opposing Uxie!</small><br></div><div class="spacer battle-history"><br></div><h2 class="battle-history">Turn 31</h2><div class="spacer battle-history"><br></div><div class="battle-history">Hoopa, come back!<br></div><div class="battle-history">Go! Rotom (<strong>Rotom-Mow</strong>)!<br></div><div class="battle-history"><small>Pointed stones dug into Rotom!</small><br></div><div class="spacer battle-history"><br></div><div class="battle-history">The opposing Uxie used <strong>Thunder Wave</strong>!<br></div><div class="battle-history"><small>It doesn't affect Rotom...</small><br></div><div class="spacer battle-history"><br></div><div class="battle-history"><small>The opposing Uxie restored a little HP using its Leftovers!</small><br></div><div class="battle-history"><small>Rotom restored a little HP using its Leftovers!</small><br></div><div class="spacer battle-history"><br></div><h2 class="battle-history">Turn 32</h2><div class="spacer battle-history"><br></div><div class="battle-history">The opposing Uxie used <strong>Psyshock</strong>!<br></div><div class="battle-history"><small>(Rotom lost <abbr title="−75/304">24.7%</abbr> of its health!)</small><br></div><div class="spacer battle-history"><br></div><div class="battle-history">Rotom used <strong>Shadow Ball</strong>!<br></div><div class="battle-history"><small>It's super effective!</small><br></div><div class="battle-history"><small>(The opposing Uxie lost <abbr title="−144/354">40.7%</abbr> of its health!)</small><br></div><div class="spacer battle-history"><br></div><div class="battle-history"><small>The opposing Uxie restored a little HP using its Leftovers!</small><br></div><div class="battle-history"><small>Rotom restored a little HP using its Leftovers!</small><br></div><div class="spacer battle-history"><br></div><h2 class="battle-history">Turn 33</h2><div class="spacer battle-history"><br></div><div class="battle-history">The opposing Uxie used <strong>Psyshock</strong>!<br></div><div class="battle-history"><small>(Rotom lost <abbr title="−75/304">24.7%</abbr> of its health!)</small><br></div><div class="spacer battle-history"><br></div><div class="battle-history">Rotom used <strong>Shadow Ball</strong>!<br></div><div class="battle-history"><small>It's super effective!</small><br></div><div class="battle-history"><small>(The opposing Uxie lost <abbr title="−140/354">39.5%</abbr> of its health!)</small><br></div><div class="spacer battle-history"><br></div><div class="battle-history"><small>The opposing Uxie restored a little HP using its Leftovers!</small><br></div><div class="battle-history"><small>Rotom restored a little HP using its Leftovers!</small><br></div><div class="spacer battle-history"><br></div><h2 class="battle-history">Turn 34</h2><div class="spacer battle-history"><br></div><div class="battle-history">The opposing Uxie used <strong>Psyshock</strong>!<br></div><div class="battle-history"><small>(Rotom lost <abbr title="−69/304">22.7%</abbr> of its health!)</small><br></div><div class="spacer battle-history"><br></div><div class="battle-history">Rotom used <strong>Shadow Ball</strong>!<br></div><div class="battle-history"><small>It's super effective!</small><br></div><div class="battle-history"><small>(The opposing Uxie lost <abbr title="−92/354">26.0%</abbr> of its health!)</small><br></div><div class="spacer battle-history"><br></div><div class="battle-history">The opposing Uxie fainted!<br></div><div class="spacer battle-history"><br></div><div class="battle-history"><small>Rotom restored a little HP using its Leftovers!</small><br></div><div class="spacer battle-history"><br></div><div class="battle-history">shut fuck sent out <strong>Sneasel</strong>!<br></div><div class="battle-history"><small>Pointed stones dug into the opposing Sneasel!</small><br></div><div class="spacer battle-history"><br></div><h2 class="battle-history">Turn 35</h2><div class="spacer battle-history"><br></div><div class="battle-history">The opposing Sneasel used <strong>Knock Off</strong>!<br></div><div class="battle-history"><small>(Rotom lost <abbr title="−47/304">15.5%</abbr> of its health!)</small><br></div><div class="battle-history"><small>The opposing Sneasel knocked off Rotom's Leftovers!</small><br></div><div class="battle-history"><small>The opposing Sneasel lost some of its HP!</small><br></div><div class="spacer battle-history"><br></div><div class="battle-history">Rotom fainted!<br></div><div class="spacer battle-history"><br></div><div class="battle-history"><small>The opposing Sneasel was hurt by poison!</small><br></div><div class="spacer battle-history"><br></div><div class="battle-history">Go! <strong>Hoopa</strong>!<br></div><div class="battle-history"><small>Pointed stones dug into Hoopa!</small><br></div><div class="spacer battle-history"><br></div><h2 class="battle-history">Turn 36</h2><div class="chat chatmessage-lilacmaj"><strong style="color:hsl(171,40%,46%)"><small>★</small><span class="username" data-name="lilac.maj">lilac.maj</span>:</strong> <em>paypal me a 50 and ill focus blast</em></div><div class="spacer battle-history"><br></div><div class="battle-history">Hoopa used <strong>Shadow Ball</strong>!<br></div><div class="battle-history"><small>It's not very effective...</small><br></div><div class="battle-history"><small>(The opposing Sneasel lost <abbr title="−47/251">18.7%</abbr> of its health!)</small><br></div><div class="spacer battle-history"><br></div><div class="battle-history">The opposing Sneasel fainted!<br></div><div class="spacer battle-history"><br></div><div class="battle-history"><strong>lilac.maj</strong> won the battle!<br></div><div class="chat chatmessage-shutfuck"><strong style="color:hsl(111,83%,35.93066356368873%)"><small>★</small><span class="username" data-name="shut fuck">shut fuck</span>:</strong> <em>g</em></div></div><div class="inner-preempt"></div></div></div>
</div>
<script>
let daily = Math.floor(Date.now()/1000/60/60/24);document.write('<script src="https://play.pokemonshowdown.com/js/replay-embed.js?version'+daily+'"></'+'script>');
</script>
