<!DOCTYPE html>
<meta charset="utf-8" />
<!-- version 1 -->
<title>RU replay: SilentVerse vs. Eren 乇乂</title>
<style>
html,body {font-family:Verdana, sans-serif;font-size:10pt;margin:0;padding:0;}body{padding:12px 0;} .battle-log {font-family:Verdana, sans-serif;font-size:10pt;} .battle-log-inline {border:1px solid #AAAAAA;background:#EEF2F5;color:black;max-width:640px;margin:0 auto 80px;padding-bottom:5px;} .battle-log .inner {padding:4px 8px 0px 8px;} .battle-log .inner-preempt {padding:0 8px 4px 8px;} .battle-log .inner-after {margin-top:0.5em;} .battle-log h2 {margin:0.5em -8px;padding:4px 8px;border:1px solid #AAAAAA;background:#E0E7EA;border-left:0;border-right:0;font-family:Verdana, sans-serif;font-size:13pt;} .battle-log .chat {vertical-align:middle;padding:3px 0 3px 0;font-size:8pt;} .battle-log .chat strong {color:#40576A;} .battle-log .chat em {padding:1px 4px 1px 3px;color:#000000;font-style:normal;} .chat.mine {background:rgba(0,0,0,0.05);margin-left:-8px;margin-right:-8px;padding-left:8px;padding-right:8px;} .spoiler {color:#BBBBBB;background:#BBBBBB;padding:0px 3px;} .spoiler:hover, .spoiler:active, .spoiler-shown {color:#000000;background:#E2E2E2;padding:0px 3px;} .spoiler a {color:#BBBBBB;} .spoiler:hover a, .spoiler:active a, .spoiler-shown a {color:#2288CC;} .chat code, .chat .spoiler:hover code, .chat .spoiler:active code, .chat .spoiler-shown code {border:1px solid #C0C0C0;background:#EEEEEE;color:black;padding:0 2px;} .chat .spoiler code {border:1px solid #CCCCCC;background:#CCCCCC;color:#CCCCCC;} .battle-log .rated {padding:3px 4px;} .battle-log .rated strong {color:white;background:#89A;padding:1px 4px;border-radius:4px;} .spacer {margin-top:0.5em;} .message-announce {background:#6688AA;color:white;padding:1px 4px 2px;} .message-announce a, .broadcast-green a, .broadcast-blue a, .broadcast-red a {color:#DDEEFF;} .broadcast-green {background-color:#559955;color:white;padding:2px 4px;} .broadcast-blue {background-color:#6688AA;color:white;padding:2px 4px;} .infobox {border:1px solid #6688AA;padding:2px 4px;} .infobox-limited {max-height:200px;overflow:auto;overflow-x:hidden;} .broadcast-red {background-color:#AA5544;color:white;padding:2px 4px;} .message-learn-canlearn {font-weight:bold;color:#228822;text-decoration:underline;} .message-learn-cannotlearn {font-weight:bold;color:#CC2222;text-decoration:underline;} .message-effect-weak {font-weight:bold;color:#CC2222;} .message-effect-resist {font-weight:bold;color:#6688AA;} .message-effect-immune {font-weight:bold;color:#666666;} .message-learn-list {margin-top:0;margin-bottom:0;} .message-throttle-notice, .message-error {color:#992222;} .message-overflow, .chat small.message-overflow {font-size:0pt;} .message-overflow::before {font-size:9pt;content:'...';} .subtle {color:#3A4A66;}
</style>
<div class="wrapper replay-wrapper" style="max-width:1180px;margin:0 auto">
<input type="hidden" name="replayid" value="ru-594474470" />
<div class="battle"></div><div class="battle-log"></div><div class="replay-controls"></div><div class="replay-controls-2"></div>
<h1 style="font-weight:normal;text-align:center"><strong>RU</strong><br /><a href="http://pokemonshowdown.com/users/silentverse" class="subtle" target="_blank">SilentVerse</a> vs. <a href="http://pokemonshowdown.com/users/eren" class="subtle" target="_blank">Eren 乇乂</a></h1>
<script type="text/plain" class="battle-log-data">|j|SilentVerse
|j|Eren 乇乂
|player|p1|SilentVerse|27
|teamsize|p1|6
|player|p2|Eren 乇乂|73
|teamsize|p2|6
|gametype|singles
|gen|6
|tier|RU
|seed|42812,38844,10616,26640
|rule|Sleep Clause Mod: Limit one foe put to sleep
|rule|Species Clause: Limit one of each Pokémon
|rule|OHKO Clause: OHKO moves are banned
|rule|Moody Clause: Moody is banned
|rule|Evasion Moves Clause: Evasion moves are banned
|rule|Endless Battle Clause: Forcing endless battles is banned
|rule|HP Percentage Mod: HP is shown in percentages
|clearpoke
|poke|p1|Flygon, F|item
|poke|p1|Alomomola, F|item
|poke|p1|Registeel|item
|poke|p1|Diancie|item
|poke|p1|Venusaur, M|item
|poke|p1|Spiritomb, M|item
|poke|p2|Scrafty, M|item
|poke|p2|Camerupt, M, shiny|item
|poke|p2|Jellicent, M|item
|poke|p2|Xatu, M|item
|poke|p2|Escavalier, M|item
|poke|p2|Venusaur, M|item
|rule|Swagger Clause: Swagger is banned
|rule|Baton Pass Clause: Limit one Baton Passer, can't pass Spe and other stats simultaneously
|teampreview
|j|tko
|j|lax
|c|☆SilentVerse|ah
|c|☆SilentVerse|shud we wait
|c|☆SilentVerse|for the circlejerk
|j|ThatRandomPerson42
|j|Flimsy Man
|j|never gonna change
|c|☆Eren 乇乂|hf
|c| never gonna change|regimola
|c| Flimsy Man|what's that supposed to mean
|j|Mr. Aldo
|choice|team 2, team 1, team 3, team 4, team 5, team 6|team 2, team 1, team 3, team 4, team 5, team 6
|
|start
|switch|p1a: Alomomola|Alomomola, F|497\/497
|switch|p2a: Camerupt|Camerupt, M, shiny|343\/343
|turn|1
|c| Flimsy Man|wait for the circle jirk
|choice|move knockoff|switch 6
|
|switch|p2a: Venusaur|Venusaur, M|363\/363
|move|p1a: Alomomola|Knock Off|p2a: Venusaur
|-damage|p2a: Venusaur|311\/363
|-enditem|p2a: Venusaur|Black Sludge|[from] move: Knock Off|[of] p1a: Alomomola
|
|upkeep
|turn|2
|c| Flimsy Man|*jerk
|choice|switch 3|switch 6
|
|switch|p2a: Camerupt|Camerupt, M, shiny|343\/343
|switch|p1a: Registeel|Registeel|364\/364
|
|upkeep
|turn|3
|choice|switch 3|move stealthrock mega
|
|switch|p1a: Alomomola|Alomomola, F|497\/497
|detailschange|p2a: Camerupt|Camerupt-Mega, M, shiny
|-mega|p2a: Camerupt|Camerupt|Cameruptite
|move|p2a: Camerupt|Stealth Rock|p1a: Alomomola
|-sidestart|p1: SilentVerse|move: Stealth Rock
|
|upkeep
|turn|4
|j|Arifeen
|choice|move knockoff|switch 3
|
|switch|p2a: Jellicent|Jellicent, M|404\/404
|move|p1a: Alomomola|Knock Off|p2a: Jellicent
|-supereffective|p2a: Jellicent
|-enditem|p2a: Jellicent|Colbur Berry|[eat]
|-enditem|p2a: Jellicent|Colbur Berry|[weaken]
|-damage|p2a: Jellicent|344\/404
|
|upkeep
|turn|5
|j|EviGaro
|choice|move protect|move scald
|
|move|p1a: Alomomola|Protect|p1a: Alomomola
|-singleturn|p1a: Alomomola|Protect
|move|p2a: Jellicent|Scald|p1a: Alomomola
|-activate|p1a: Alomomola|move: Protect
|
|upkeep
|turn|6
|choice|move knockoff|move scald
|
|move|p2a: Jellicent|Scald|p1a: Alomomola
|-resisted|p1a: Alomomola
|-damage|p1a: Alomomola|452\/497
|move|p1a: Alomomola|Knock Off|p2a: Jellicent
|-supereffective|p2a: Jellicent
|-damage|p2a: Jellicent|252\/404
|
|-heal|p1a: Alomomola|483\/497|[from] item: Leftovers
|upkeep
|turn|7
|choice|switch 2|move recover
|
|switch|p1a: Flygon|Flygon, F|364\/364
|-damage|p1a: Flygon|342\/364|[from] Stealth Rock
|move|p2a: Jellicent|Recover|p2a: Jellicent
|-heal|p2a: Jellicent|404\/404
|
|-heal|p1a: Flygon|364\/364|[from] item: Leftovers
|upkeep
|turn|8
|choice|move defog|move scald
|
|move|p1a: Flygon|Defog|p2a: Jellicent
|-unboost|p2a: Jellicent|evasion|1
|-sideend|p1: SilentVerse|Stealth Rock|[from] move: Defog|[of] p1a: Flygon
|move|p2a: Jellicent|Scald|p1a: Flygon
|-damage|p1a: Flygon|265\/364
|
|-heal|p1a: Flygon|287\/364|[from] item: Leftovers
|upkeep
|turn|9
|c|+Arifeen|whats the score
|c|☆Eren 乇乂|0-0
|choice|move toxic|switch 4
|
|switch|p2a: Xatu|Xatu, M|333\/333
|move|p1a: Flygon|Toxic|p2a: Xatu
|move|p2a: Xatu|Toxic|p1a: Flygon|[from]Magic Bounce
|-status|p1a: Flygon|tox
|
|-heal|p1a: Flygon|309\/364 tox|[from] item: Leftovers
|-damage|p1a: Flygon|287\/364 tox|[from] psn
|upkeep
|turn|10
|choice|switch 3|move uturn
|
|switch|p1a: Registeel|Registeel|364\/364
|move|p2a: Xatu|U-turn|p1a: Registeel
|-resisted|p1a: Registeel
|-damage|p1a: Registeel|350\/364
|choice||switch 3
|
|switch|p2a: Camerupt|Camerupt-Mega, M, shiny|343\/343
|
|-heal|p1a: Registeel|364\/364|[from] item: Leftovers
|upkeep
|turn|11
|choice|move toxic|move stealthrock
|
|move|p1a: Registeel|Toxic|p2a: Camerupt
|-status|p2a: Camerupt|tox
|move|p2a: Camerupt|Stealth Rock|p1a: Registeel
|-sidestart|p1: SilentVerse|move: Stealth Rock
|
|-damage|p2a: Camerupt|322\/343 tox|[from] psn
|upkeep
|turn|12
|choice|move protect|switch 2
|
|switch|p2a: Scrafty|Scrafty, M|273\/273
|move|p1a: Registeel|Protect|p1a: Registeel
|-fail|p1a: Registeel
|
|upkeep
|turn|13
|choice|switch 4|switch 3
|
|switch|p2a: Xatu|Xatu, M|333\/333
|switch|p1a: Diancie|Diancie|304\/304
|-damage|p1a: Diancie|266\/304|[from] Stealth Rock
|
|-heal|p1a: Diancie|285\/304|[from] item: Leftovers
|upkeep
|turn|14
|choice|switch 4|move toxic
|
|switch|p1a: Registeel|Registeel|364\/364
|-damage|p1a: Registeel|342\/364|[from] Stealth Rock
|move|p2a: Xatu|Toxic|p1a: Registeel
|-immune|p1a: Registeel|[msg]
|
|-heal|p1a: Registeel|364\/364|[from] item: Leftovers
|upkeep
|turn|15
|choice|move toxic|move nightshade
|
|move|p2a: Xatu|Night Shade|p1a: Registeel
|-damage|p1a: Registeel|264\/364
|move|p1a: Registeel|Toxic|p2a: Xatu
|move|p2a: Xatu|Toxic|p1a: Registeel|[from]Magic Bounce
|-immune|p1a: Registeel|[msg]
|
|-heal|p1a: Registeel|286\/364|[from] item: Leftovers
|upkeep
|turn|16
|choice|move protect|move uturn
|
|move|p1a: Registeel|Protect|p1a: Registeel
|-singleturn|p1a: Registeel|Protect
|move|p2a: Xatu|U-turn|p1a: Registeel
|-activate|p1a: Registeel|move: Protect
|
|-heal|p1a: Registeel|308\/364|[from] item: Leftovers
|upkeep
|turn|17
|choice|switch 2|move nightshade
|
|switch|p1a: Alomomola|Alomomola, F|497\/497
|-damage|p1a: Alomomola|435\/497|[from] Stealth Rock
|move|p2a: Xatu|Night Shade|p1a: Alomomola
|-damage|p1a: Alomomola|335\/497
|
|-heal|p1a: Alomomola|366\/497|[from] item: Leftovers
|upkeep
|turn|18
|choice|move protect|move toxic
|
|move|p1a: Alomomola|Protect|p1a: Alomomola
|-singleturn|p1a: Alomomola|Protect
|move|p2a: Xatu|Toxic|p1a: Alomomola
|-activate|p1a: Alomomola|move: Protect
|
|-heal|p1a: Alomomola|397\/497|[from] item: Leftovers
|upkeep
|turn|19
|choice|move knockoff|move uturn
|
|move|p2a: Xatu|U-turn|p1a: Alomomola
|-damage|p1a: Alomomola|356\/497
|choice||switch 6
|
|switch|p2a: Venusaur|Venusaur, M|311\/363
|move|p1a: Alomomola|Knock Off|p2a: Venusaur
|-crit|p2a: Venusaur
|-damage|p2a: Venusaur|256\/363
|
|-heal|p1a: Alomomola|387\/497|[from] item: Leftovers
|upkeep
|turn|20
|choice|switch 2|move leechseed
|
|switch|p1a: Registeel|Registeel|308\/364
|-damage|p1a: Registeel|286\/364|[from] Stealth Rock
|move|p2a: Venusaur|Leech Seed|p1a: Registeel
|-start|p1a: Registeel|move: Leech Seed
|
|-heal|p1a: Registeel|308\/364|[from] item: Leftovers
|-damage|p1a: Registeel|263\/364|[from] Leech Seed|[of] p2a: Venusaur
|-heal|p2a: Venusaur|301\/363|[silent]
|upkeep
|turn|21
|j|TSR
|choice|switch 5|move gigadrain
|
|switch|p1a: Venusaur|Venusaur, M|364\/364
|-damage|p1a: Venusaur|319\/364|[from] Stealth Rock
|move|p2a: Venusaur|Giga Drain|p1a: Venusaur
|-resisted|p1a: Venusaur
|-damage|p1a: Venusaur|300\/364
|-heal|p2a: Venusaur|311\/363|[from] drain|[of] p1a: Venusaur
|
|-heal|p1a: Venusaur|322\/364|[from] item: Black Sludge
|upkeep
|turn|22
|choice|switch 6|switch 5
|
|switch|p2a: Escavalier|Escavalier, M|343\/343
|switch|p1a: Spiritomb|Spiritomb, M|304\/304
|-damage|p1a: Spiritomb|266\/304|[from] Stealth Rock
|
|-heal|p1a: Spiritomb|285\/304|[from] item: Leftovers
|upkeep
|turn|23
|choice|move foulplay|move megahorn
|
|move|p1a: Spiritomb|Foul Play|p2a: Escavalier
|-damage|p2a: Escavalier|204\/343
|move|p2a: Escavalier|Megahorn|p1a: Spiritomb
|-damage|p1a: Spiritomb|155\/304
|
|-heal|p1a: Spiritomb|174\/304|[from] item: Leftovers
|-heal|p2a: Escavalier|225\/343|[from] item: Leftovers
|upkeep
|turn|24
|choice|move willowisp|move megahorn
|
|move|p1a: Spiritomb|Will-O-Wisp|p2a: Escavalier|[miss]
|-miss|p1a: Spiritomb|p2a: Escavalier
|move|p2a: Escavalier|Megahorn|p1a: Spiritomb|[miss]
|-miss|p2a: Escavalier|p1a: Spiritomb
|
|-heal|p1a: Spiritomb|193\/304|[from] item: Leftovers
|-heal|p2a: Escavalier|246\/343|[from] item: Leftovers
|upkeep
|turn|25
|c|☆Eren 乇乂|sorry
|c|☆Eren 乇乂|o
|c|☆Eren 乇乂|nvm
|c|☆SilentVerse|good turn
|choice|move willowisp|switch 5
|
|switch|p2a: Venusaur|Venusaur, M|311\/363
|move|p1a: Spiritomb|Will-O-Wisp|p2a: Venusaur
|-status|p2a: Venusaur|brn
|
|-heal|p1a: Spiritomb|212\/304|[from] item: Leftovers
|-damage|p2a: Venusaur|266\/363 brn|[from] brn
|upkeep
|turn|26
|j|silver aurum
|choice|switch 6|move sludgebomb
|
|switch|p1a: Venusaur|Venusaur, M|322\/364
|-damage|p1a: Venusaur|277\/364|[from] Stealth Rock
|move|p2a: Venusaur|Sludge Bomb|p1a: Venusaur
|-damage|p1a: Venusaur|169\/364
|
|-heal|p1a: Venusaur|191\/364|[from] item: Black Sludge
|-damage|p2a: Venusaur|221\/363 brn|[from] brn
|upkeep
|turn|27
|choice|move synthesis|switch 2
|
|switch|p2a: Camerupt|Camerupt-Mega, M, shiny|322\/343 tox
|move|p1a: Venusaur|Synthesis|p1a: Venusaur
|-heal|p1a: Venusaur|364\/364
|
|-damage|p2a: Camerupt|301\/343 tox|[from] psn
|upkeep
|turn|28
|choice|switch 2|move toxic
|
|switch|p1a: Alomomola|Alomomola, F|497\/497
|-damage|p1a: Alomomola|435\/497|[from] Stealth Rock
|move|p2a: Camerupt|Toxic|p1a: Alomomola
|-status|p1a: Alomomola|tox
|
|-heal|p1a: Alomomola|466\/497 tox|[from] item: Leftovers
|-damage|p1a: Alomomola|435\/497 tox|[from] psn
|-damage|p2a: Camerupt|259\/343 tox|[from] psn
|upkeep
|turn|29
|c| lax|...
|choice|move wish|switch 2
|
|switch|p2a: Venusaur|Venusaur, M|221\/363 brn
|move|p1a: Alomomola|Wish|p1a: Alomomola
|
|-heal|p1a: Alomomola|466\/497 tox|[from] item: Leftovers
|-damage|p2a: Venusaur|176\/363 brn|[from] brn
|-damage|p1a: Alomomola|404\/497 tox|[from] psn
|upkeep
|turn|30
|choice|switch 6|move synthesis
|
|switch|p1a: Spiritomb|Spiritomb, M|212\/304
|-damage|p1a: Spiritomb|174\/304|[from] Stealth Rock
|move|p2a: Venusaur|Synthesis|p2a: Venusaur
|-heal|p2a: Venusaur|357\/363 brn
|
|-heal|p1a: Spiritomb|304\/304|[from] move: Wish|[wisher] Alomomola
|-damage|p2a: Venusaur|312\/363 brn|[from] brn
|upkeep
|turn|31
|choice|switch 2|move leechseed
|
|switch|p1a: Venusaur|Venusaur, M|364\/364
|-damage|p1a: Venusaur|319\/364|[from] Stealth Rock
|move|p2a: Venusaur|Leech Seed|p1a: Venusaur
|-immune|p1a: Venusaur|[msg]
|
|-heal|p1a: Venusaur|341\/364|[from] item: Black Sludge
|-damage|p2a: Venusaur|267\/363 brn|[from] brn
|upkeep
|turn|32
|j|irk'd
|choice|switch 6|switch 3
|
|switch|p2a: Scrafty|Scrafty, M|273\/273
|switch|p1a: Alomomola|Alomomola, F|497\/497 tox
|-damage|p1a: Alomomola|435\/497 tox|[from] Stealth Rock
|
|-heal|p1a: Alomomola|466\/497 tox|[from] item: Leftovers
|-damage|p1a: Alomomola|435\/497 tox|[from] psn
|upkeep
|turn|33
|choice|switch 4|move dragondance
|
|switch|p1a: Diancie|Diancie|285\/304
|-damage|p1a: Diancie|247\/304|[from] Stealth Rock
|move|p2a: Scrafty|Dragon Dance|p2a: Scrafty
|-boost|p2a: Scrafty|atk|1
|-boost|p2a: Scrafty|spe|1
|
|-heal|p1a: Diancie|266\/304|[from] item: Leftovers
|upkeep
|turn|34
|choice|move moonblast|switch 4
|
|switch|p2a: Jellicent|Jellicent, M|404\/404
|move|p1a: Diancie|Moonblast|p2a: Jellicent
|-damage|p2a: Jellicent|299\/404
|-unboost|p2a: Jellicent|spa|1
|
|-heal|p1a: Diancie|285\/304|[from] item: Leftovers
|upkeep
|turn|35
|choice|move stealthrock|switch 6
|
|switch|p2a: Xatu|Xatu, M|333\/333
|move|p1a: Diancie|Stealth Rock|p2a: Xatu
|move|p2a: Xatu|Stealth Rock|p1a: Diancie|[from]Magic Bounce
|-fail|p1a: Diancie
|
|-heal|p1a: Diancie|304\/304|[from] item: Leftovers
|upkeep
|turn|36
|choice|move diamondstorm|move toxic
|
|move|p2a: Xatu|Toxic|p1a: Diancie
|-status|p1a: Diancie|tox
|move|p1a: Diancie|Diamond Storm|p2a: Xatu
|-supereffective|p2a: Xatu
|-damage|p2a: Xatu|99\/333
|
|-damage|p1a: Diancie|285\/304 tox|[from] psn
|upkeep
|turn|37
|choice|move healbell|move roost
|
|move|p2a: Xatu|Roost|p2a: Xatu
|-heal|p2a: Xatu|266\/333
|move|p1a: Diancie|Heal Bell|p1a: Diancie
|-activate|p1a: Diancie|move: Heal Bell
|-curestatus|p1a: Diancie|tox|[msg]
|-curestatus|p1: Flygon|tox|[msg]
|-curestatus|p1: Alomomola|tox|[msg]
|
|-heal|p1a: Diancie|304\/304|[from] item: Leftovers
|upkeep
|turn|38
|choice|move diamondstorm|move toxic
|
|move|p2a: Xatu|Toxic|p1a: Diancie
|-status|p1a: Diancie|tox
|move|p1a: Diancie|Diamond Storm|p2a: Xatu
|-supereffective|p2a: Xatu
|-damage|p2a: Xatu|62\/333
|-boost|p1a: Diancie|def|1
|
|-damage|p1a: Diancie|285\/304 tox|[from] psn
|upkeep
|turn|39
|choice|switch 4|move roost
|
|switch|p1a: Alomomola|Alomomola, F|497\/497
|-damage|p1a: Alomomola|435\/497|[from] Stealth Rock
|move|p2a: Xatu|Roost|p2a: Xatu
|-heal|p2a: Xatu|229\/333
|
|-heal|p1a: Alomomola|466\/497|[from] item: Leftovers
|upkeep
|turn|40
|choice|move knockoff|move toxic
|
|move|p2a: Xatu|Toxic|p1a: Alomomola
|-status|p1a: Alomomola|tox
|move|p1a: Alomomola|Knock Off|p2a: Xatu
|-supereffective|p2a: Xatu
|-damage|p2a: Xatu|123\/333
|-damage|p1a: Alomomola|384\/497 tox|[from] item: Rocky Helmet|[of] p2a: Xatu
|-enditem|p2a: Xatu|Rocky Helmet|[from] move: Knock Off|[of] p1a: Alomomola
|
|-heal|p1a: Alomomola|415\/497 tox|[from] item: Leftovers
|-damage|p1a: Alomomola|384\/497 tox|[from] psn
|upkeep
|turn|41
|choice|move wish|move roost
|
|move|p2a: Xatu|Roost|p2a: Xatu
|-heal|p2a: Xatu|290\/333
|move|p1a: Alomomola|Wish|p1a: Alomomola
|
|-heal|p1a: Alomomola|415\/497 tox|[from] item: Leftovers
|-damage|p1a: Alomomola|353\/497 tox|[from] psn
|upkeep
|turn|42
|choice|switch 5|move uturn
|
|switch|p1a: Registeel|Registeel|263\/364
|-damage|p1a: Registeel|241\/364|[from] Stealth Rock
|move|p2a: Xatu|U-turn|p1a: Registeel
|-resisted|p1a: Registeel
|-damage|p1a: Registeel|226\/364
|choice||switch 4
|
|switch|p2a: Scrafty|Scrafty, M|273\/273
|
|-heal|p1a: Registeel|364\/364|[from] move: Wish|[wisher] Alomomola
|upkeep
|turn|43
|choice|switch 6|switch 4
|
|switch|p2a: Xatu|Xatu, M|290\/333
|switch|p1a: Venusaur|Venusaur, M|341\/364
|-damage|p1a: Venusaur|296\/364|[from] Stealth Rock
|
|-heal|p1a: Venusaur|318\/364|[from] item: Black Sludge
|upkeep
|turn|44
|choice|switch 5|move nightshade
|
|switch|p1a: Alomomola|Alomomola, F|497\/497 tox
|-damage|p1a: Alomomola|435\/497 tox|[from] Stealth Rock
|move|p2a: Xatu|Night Shade|p1a: Alomomola
|-damage|p1a: Alomomola|335\/497 tox
|
|-heal|p1a: Alomomola|366\/497 tox|[from] item: Leftovers
|-damage|p1a: Alomomola|335\/497 tox|[from] psn
|upkeep
|turn|45
|choice|move wish|move uturn
|
|move|p2a: Xatu|U-turn|p1a: Alomomola
|-damage|p1a: Alomomola|287\/497 tox
|choice||switch 4
|
|switch|p2a: Scrafty|Scrafty, M|273\/273
|move|p1a: Alomomola|Wish|p1a: Alomomola
|
|-heal|p1a: Alomomola|318\/497 tox|[from] item: Leftovers
|-damage|p1a: Alomomola|256\/497 tox|[from] psn
|upkeep
|turn|46
|choice|switch 4|move knockoff
|
|switch|p1a: Diancie|Diancie|285\/304 tox
|-damage|p1a: Diancie|247\/304 tox|[from] Stealth Rock
|move|p2a: Scrafty|Knock Off|p1a: Diancie
|-resisted|p1a: Diancie
|-damage|p1a: Diancie|210\/304 tox
|-enditem|p1a: Diancie|Leftovers|[from] move: Knock Off|[of] p2a: Scrafty
|
|-heal|p1a: Diancie|304\/304 tox|[from] move: Wish|[wisher] Alomomola
|-damage|p1a: Diancie|285\/304 tox|[from] psn
|upkeep
|turn|47
|choice|move healbell|switch 6
|
|switch|p2a: Jellicent|Jellicent, M|299\/404
|move|p1a: Diancie|Heal Bell|p1a: Diancie
|-activate|p1a: Diancie|move: Heal Bell
|-curestatus|p1a: Diancie|tox|[msg]
|-curestatus|p1: Alomomola|tox|[msg]
|
|upkeep
|turn|48
|choice|switch 5|move scald
|
|switch|p1a: Venusaur|Venusaur, M|318\/364
|-damage|p1a: Venusaur|273\/364|[from] Stealth Rock
|move|p2a: Jellicent|Scald|p1a: Venusaur
|-resisted|p1a: Venusaur
|-damage|p1a: Venusaur|232\/364
|
|-heal|p1a: Venusaur|254\/364|[from] item: Black Sludge
|upkeep
|turn|49
|choice|switch 6|switch 5
|
|switch|p1a: Registeel|Registeel|364\/364
|-damage|p1a: Registeel|342\/364|[from] Stealth Rock
|switch|p2a: Escavalier|Escavalier, M|246\/343
|
|-heal|p1a: Registeel|364\/364|[from] item: Leftovers
|-heal|p2a: Escavalier|267\/343|[from] item: Leftovers
|upkeep
|turn|50
|choice|switch 4|switch 4
|
|switch|p1a: Alomomola|Alomomola, F|421\/497
|-damage|p1a: Alomomola|359\/497|[from] Stealth Rock
|switch|p2a: Xatu|Xatu, M|290\/333
|
|-heal|p1a: Alomomola|390\/497|[from] item: Leftovers
|upkeep
|turn|51
|choice|move protect|move uturn
|
|move|p1a: Alomomola|Protect|p1a: Alomomola
|-singleturn|p1a: Alomomola|Protect
|move|p2a: Xatu|U-turn|p1a: Alomomola
|-activate|p1a: Alomomola|move: Protect
|
|-heal|p1a: Alomomola|421\/497|[from] item: Leftovers
|upkeep
|turn|52
|choice|switch 4|move toxic
|
|switch|p1a: Registeel|Registeel|364\/364
|-damage|p1a: Registeel|342\/364|[from] Stealth Rock
|move|p2a: Xatu|Toxic|p1a: Registeel
|-immune|p1a: Registeel|[msg]
|
|-heal|p1a: Registeel|364\/364|[from] item: Leftovers
|upkeep
|turn|53
|choice|move protect|switch 6
|
|switch|p2a: Scrafty|Scrafty, M|273\/273
|move|p1a: Registeel|Protect|p1a: Registeel
|-fail|p1a: Registeel
|
|upkeep
|turn|54
|choice|move toxic|move highjumpkick
|
|move|p2a: Scrafty|High Jump Kick|p1a: Registeel
|-supereffective|p1a: Registeel
|-damage|p1a: Registeel|106\/364
|move|p1a: Registeel|Toxic|p2a: Scrafty|[miss]
|-miss|p1a: Registeel|p2a: Scrafty
|
|-heal|p1a: Registeel|128\/364|[from] item: Leftovers
|upkeep
|turn|55
|c|☆Eren 乇乂|sorry
|choice|switch 4|switch 6
|
|switch|p2a: Xatu|Xatu, M|290\/333
|switch|p1a: Alomomola|Alomomola, F|497\/497
|-damage|p1a: Alomomola|435\/497|[from] Stealth Rock
|
|-heal|p1a: Alomomola|466\/497|[from] item: Leftovers
|upkeep
|turn|56
|c| Flimsy Man|i've never used any of these mons in this teir before
|c|☆SilentVerse|same tbh
|choice|move wish|switch 5
|
|switch|p2a: Jellicent|Jellicent, M|299\/404
|move|p1a: Alomomola|Wish|p1a: Alomomola
|
|-heal|p1a: Alomomola|497\/497|[from] item: Leftovers
|upkeep
|turn|57
|choice|switch 4|move scald
|
|switch|p1a: Registeel|Registeel|128\/364
|-damage|p1a: Registeel|106\/364|[from] Stealth Rock
|move|p2a: Jellicent|Scald|p1a: Registeel
|-damage|p1a: Registeel|61\/364
|-status|p1a: Registeel|brn
|
|-heal|p1a: Registeel|309\/364 brn|[from] move: Wish|[wisher] Alomomola
|-heal|p1a: Registeel|331\/364 brn|[from] item: Leftovers
|-damage|p1a: Registeel|286\/364 brn|[from] brn
|upkeep
|turn|58
|choice|switch 4|move taunt
|
|switch|p1a: Alomomola|Alomomola, F|497\/497
|-damage|p1a: Alomomola|435\/497|[from] Stealth Rock
|move|p2a: Jellicent|Taunt|p1a: Alomomola
|-start|p1a: Alomomola|move: Taunt
|
|-heal|p1a: Alomomola|466\/497|[from] item: Leftovers
|upkeep
|turn|59
|choice|switch 3|move scald
|
|switch|p1a: Flygon|Flygon, F|287\/364
|-damage|p1a: Flygon|265\/364|[from] Stealth Rock
|move|p2a: Jellicent|Scald|p1a: Flygon
|-damage|p1a: Flygon|160\/364
|
|-heal|p1a: Flygon|182\/364|[from] item: Leftovers
|upkeep
|turn|60
|c| Flimsy Man|but i've used ambipom
|choice|move defog|move scald
|
|move|p1a: Flygon|Defog|p2a: Jellicent
|-unboost|p2a: Jellicent|evasion|1
|-sideend|p1: SilentVerse|Stealth Rock|[from] move: Defog|[of] p1a: Flygon
|move|p2a: Jellicent|Scald|p1a: Flygon
|-damage|p1a: Flygon|83\/364
|-status|p1a: Flygon|brn
|
|-heal|p1a: Flygon|105\/364 brn|[from] item: Leftovers
|-damage|p1a: Flygon|60\/364 brn|[from] brn
|upkeep
|turn|61
|choice|move roost|switch 5
|
|switch|p2a: Xatu|Xatu, M|290\/333
|move|p1a: Flygon|Roost|p1a: Flygon
|-heal|p1a: Flygon|242\/364 brn
|
|-heal|p1a: Flygon|264\/364 brn|[from] item: Leftovers
|-damage|p1a: Flygon|219\/364 brn|[from] brn
|upkeep
|turn|62
|c| Flimsy Man|and banded heracross
|choice|switch 3|move uturn
|
|switch|p1a: Alomomola|Alomomola, F|497\/497
|move|p2a: Xatu|U-turn|p1a: Alomomola
|-damage|p1a: Alomomola|455\/497
|c| Flimsy Man|is that a curse registeel
|choice||switch 3
|
|switch|p2a: Venusaur|Venusaur, M|267\/363 brn
|
|-heal|p1a: Alomomola|486\/497|[from] item: Leftovers
|-damage|p2a: Venusaur|222\/363 brn|[from] brn
|upkeep
|turn|63
|choice|switch 6|switch 4
|
|switch|p2a: Escavalier|Escavalier, M|267\/343
|switch|p1a: Venusaur|Venusaur, M|254\/364
|
|-heal|p1a: Venusaur|276\/364|[from] item: Black Sludge
|-heal|p2a: Escavalier|288\/343|[from] item: Leftovers
|upkeep
|turn|64
|choice|switch 6|move megahorn
|
|switch|p1a: Alomomola|Alomomola, F|497\/497
|move|p2a: Escavalier|Megahorn|p1a: Alomomola|[miss]
|-miss|p2a: Escavalier|p1a: Alomomola
|
|-heal|p2a: Escavalier|309\/343|[from] item: Leftovers
|upkeep
|turn|65
|choice|move knockoff|move swordsdance
|
|move|p1a: Alomomola|Knock Off|p2a: Escavalier
|-damage|p2a: Escavalier|249\/343
|-enditem|p2a: Escavalier|Leftovers|[from] move: Knock Off|[of] p1a: Alomomola
|move|p2a: Escavalier|Swords Dance|p2a: Escavalier
|-boost|p2a: Escavalier|atk|2
|
|upkeep
|turn|66
|choice|move waterfall|move megahorn
|
|move|p1a: Alomomola|Waterfall|p2a: Escavalier
|-damage|p2a: Escavalier|179\/343
|move|p2a: Escavalier|Megahorn|p1a: Alomomola
|-damage|p1a: Alomomola|106\/497
|
|-heal|p1a: Alomomola|137\/497|[from] item: Leftovers
|upkeep
|turn|67
|j|spookysocialist
|choice|switch 4|move swordsdance
|
|switch|p1a: Registeel|Registeel|286\/364 brn
|move|p2a: Escavalier|Swords Dance|p2a: Escavalier
|-boost|p2a: Escavalier|atk|2
|
|-heal|p1a: Registeel|308\/364 brn|[from] item: Leftovers
|-damage|p1a: Registeel|263\/364 brn|[from] brn
|upkeep
|turn|68
|choice|move seismictoss|move rest
|
|move|p1a: Registeel|Seismic Toss|p2a: Escavalier
|-damage|p2a: Escavalier|79\/343
|move|p2a: Escavalier|Rest|p2a: Escavalier
|-status|p2a: Escavalier|slp
|-heal|p2a: Escavalier|343\/343 slp|[silent]
|-status|p2a: Escavalier|slp|[from] move: Rest
|
|-heal|p1a: Registeel|285\/364 brn|[from] item: Leftovers
|-damage|p1a: Registeel|240\/364 brn|[from] brn
|upkeep
|turn|69
|choice|switch 2|move sleeptalk
|
|switch|p1a: Spiritomb|Spiritomb, M|304\/304
|cant|p2a: Escavalier|slp
|move|p2a: Escavalier|Sleep Talk|p2a: Escavalier
|move|p2a: Escavalier|Swords Dance|p2a: Escavalier|[from]Sleep Talk
|-boost|p2a: Escavalier|atk|2
|
|upkeep
|turn|70
|j|Syl♥ie Lyyneheym
|choice|move foulplay|switch 6
|
|switch|p2a: Scrafty|Scrafty, M|273\/273
|move|p1a: Spiritomb|Foul Play|p2a: Scrafty
|-resisted|p2a: Scrafty
|-damage|p2a: Scrafty|246\/273
|
|-heal|p2a: Scrafty|263\/273|[from] item: Leftovers
|upkeep
|turn|71
|choice|switch 6|move dragondance
|
|switch|p1a: Venusaur|Venusaur, M|276\/364
|move|p2a: Scrafty|Dragon Dance|p2a: Scrafty
|-boost|p2a: Scrafty|atk|1
|-boost|p2a: Scrafty|spe|1
|
|-heal|p2a: Scrafty|273\/273|[from] item: Leftovers
|-heal|p1a: Venusaur|298\/364|[from] item: Black Sludge
|upkeep
|turn|72
|choice|move roar|move knockoff
|
|move|p2a: Scrafty|Knock Off|p1a: Venusaur
|-damage|p1a: Venusaur|127\/364
|-enditem|p1a: Venusaur|Black Sludge|[from] move: Knock Off|[of] p2a: Scrafty
|move|p1a: Venusaur|Roar|p2a: Scrafty
|drag|p2a: Xatu|Xatu, M|290\/333
|
|upkeep
|turn|73
|choice|move synthesis|move uturn
|
|move|p2a: Xatu|U-turn|p1a: Venusaur
|-damage|p1a: Venusaur|88\/364
|choice||switch 6
|
|switch|p2a: Escavalier|Escavalier, M|343\/343 slp
|move|p1a: Venusaur|Synthesis|p1a: Venusaur
|-heal|p1a: Venusaur|270\/364
|
|upkeep
|turn|74
|choice|switch 5|move sleeptalk
|
|switch|p1a: Diancie|Diancie|285\/304
|cant|p2a: Escavalier|slp
|move|p2a: Escavalier|Sleep Talk|p2a: Escavalier
|move|p2a: Escavalier|Megahorn|p1a: Diancie|[from]Sleep Talk
|-resisted|p1a: Diancie
|-damage|p1a: Diancie|231\/304
|
|upkeep
|turn|75
|j|Kableye ½
|choice|move diamondstorm|move swordsdance
|
|move|p1a: Diancie|Diamond Storm|p2a: Escavalier
|-crit|p2a: Escavalier
|-damage|p2a: Escavalier|183\/343 slp
|-boost|p1a: Diancie|def|1
|-curestatus|p2a: Escavalier|slp|[msg]
|move|p2a: Escavalier|Swords Dance|p2a: Escavalier
|-boost|p2a: Escavalier|atk|2
|
|upkeep
|turn|76
|choice|move stealthrock|switch 6
|
|switch|p2a: Xatu|Xatu, M|290\/333
|move|p1a: Diancie|Stealth Rock|p2a: Xatu
|move|p2a: Xatu|Stealth Rock|p1a: Diancie|[from]Magic Bounce
|-sidestart|p1: SilentVerse|move: Stealth Rock
|
|upkeep
|turn|77
|choice|move diamondstorm|move uturn
|
|move|p2a: Xatu|U-turn|p1a: Diancie
|-resisted|p1a: Diancie
|-damage|p1a: Diancie|224\/304
|choice||switch 5
|
|switch|p2a: Jellicent|Jellicent, M|299\/404
|move|p1a: Diancie|Diamond Storm|p2a: Jellicent
|-damage|p2a: Jellicent|178\/404
|-boost|p1a: Diancie|def|1
|
|upkeep
|turn|78
|choice|switch 3|move taunt
|
|switch|p1a: Flygon|Flygon, F|219\/364 brn
|-damage|p1a: Flygon|197\/364 brn|[from] Stealth Rock
|move|p2a: Jellicent|Taunt|p1a: Flygon
|-start|p1a: Flygon|move: Taunt
|
|-heal|p1a: Flygon|219\/364 brn|[from] item: Leftovers
|-damage|p1a: Flygon|174\/364 brn|[from] brn
|upkeep
|turn|79
|choice|move earthquake|move recover
|
|move|p1a: Flygon|Earthquake|p2a: Jellicent
|-damage|p2a: Jellicent|117\/404
|move|p2a: Jellicent|Recover|p2a: Jellicent
|-heal|p2a: Jellicent|319\/404
|
|-heal|p1a: Flygon|196\/364 brn|[from] item: Leftovers
|-damage|p1a: Flygon|151\/364 brn|[from] brn
|upkeep
|turn|80
|choice|switch 5|move hex
|
|switch|p1a: Venusaur|Venusaur, M|270\/364
|-damage|p1a: Venusaur|225\/364|[from] Stealth Rock
|move|p2a: Jellicent|Hex|p1a: Venusaur
|-damage|p1a: Venusaur|165\/364
|
|upkeep
|turn|81
|choice|move synthesis|switch 6
|
|switch|p2a: Escavalier|Escavalier, M|183\/343
|move|p1a: Venusaur|Synthesis|p1a: Venusaur
|-heal|p1a: Venusaur|347\/364
|
|upkeep
|turn|82
|choice|move roar|move rest
|
|move|p2a: Escavalier|Rest|p2a: Escavalier
|-status|p2a: Escavalier|slp
|-heal|p2a: Escavalier|343\/343 slp|[silent]
|-status|p2a: Escavalier|slp|[from] move: Rest
|move|p1a: Venusaur|Roar|p2a: Escavalier
|drag|p2a: Jellicent|Jellicent, M|319\/404
|
|upkeep
|turn|83
|choice|move gigadrain|switch 6
|
|switch|p2a: Escavalier|Escavalier, M|343\/343 slp
|move|p1a: Venusaur|Giga Drain|p2a: Escavalier
|-resisted|p2a: Escavalier
|-damage|p2a: Escavalier|327\/343 slp
|-heal|p1a: Venusaur|355\/364|[from] drain|[of] p2a: Escavalier
|
|upkeep
|turn|84
|c| Flimsy Man|the prediction
|c| Flimsy Man|this game
|c| Flimsy Man|is so long
|choice|switch 4|switch 4
|
|switch|p1a: Alomomola|Alomomola, F|302\/497
|-damage|p1a: Alomomola|240\/497|[from] Stealth Rock
|switch|p2a: Venusaur|Venusaur, M|222\/363 brn
|
|-heal|p1a: Alomomola|271\/497|[from] item: Leftovers
|-damage|p2a: Venusaur|177\/363 brn|[from] brn
|upkeep
|turn|85
|c| Flimsy Man|how many games have you two played against eachother
|choice|switch 4|move synthesis
|
|switch|p1a: Venusaur|Venusaur, M|355\/364
|-damage|p1a: Venusaur|310\/364|[from] Stealth Rock
|move|p2a: Venusaur|Synthesis|p2a: Venusaur
|-heal|p2a: Venusaur|358\/363 brn
|
|-damage|p2a: Venusaur|313\/363 brn|[from] brn
|upkeep
|turn|86
|c|☆Eren 乇乂|0
|j|North
|c| Flimsy Man|what
|choice|switch 4|switch 4
|
|switch|p2a: Escavalier|Escavalier, M|327\/343 slp
|switch|p1a: Alomomola|Alomomola, F|436\/497
|-damage|p1a: Alomomola|374\/497|[from] Stealth Rock
|
|-heal|p1a: Alomomola|405\/497|[from] item: Leftovers
|upkeep
|turn|87
|choice|move wish|move sleeptalk
|
|move|p1a: Alomomola|Wish|p1a: Alomomola
|cant|p2a: Escavalier|slp
|move|p2a: Escavalier|Sleep Talk|p2a: Escavalier
|move|p2a: Escavalier|Rest|p2a: Escavalier|[from]Sleep Talk
|-fail|p2a: Escavalier
|
|-heal|p1a: Alomomola|436\/497|[from] item: Leftovers
|upkeep
|turn|88
|c| Flimsy Man|there are still 12 mons on the feild
|c| Flimsy Man|and these aren't really that stally of teams
|choice|switch 3|move swordsdance
|
|switch|p1a: Diancie|Diancie|224\/304
|-damage|p1a: Diancie|186\/304|[from] Stealth Rock
|cant|p2a: Escavalier|slp
|
|-heal|p1a: Diancie|304\/304|[from] move: Wish|[wisher] Alomomola
|upkeep
|turn|89
|c|☆SilentVerse|buddy
|j|Feliburn
|choice|move stealthrock|switch 5
|
|switch|p2a: Xatu|Xatu, M|290\/333
|move|p1a: Diancie|Stealth Rock|p2a: Xatu
|move|p2a: Xatu|Stealth Rock|p1a: Diancie|[from]Magic Bounce
|-fail|p1a: Diancie
|
|upkeep
|turn|90
|c| Flimsy Man|what
|choice|move healbell|move toxic
|
|move|p2a: Xatu|Toxic|p1a: Diancie
|-status|p1a: Diancie|tox
|move|p1a: Diancie|Heal Bell|p1a: Diancie
|-activate|p1a: Diancie|move: Heal Bell
|-curestatus|p1a: Diancie|tox|[msg]
|-curestatus|p1: Registeel|brn|[msg]
|-curestatus|p1: Flygon|brn|[msg]
|
|upkeep
|turn|91
|choice|switch 5|move uturn
|
|switch|p1a: Flygon|Flygon, F|151\/364
|-damage|p1a: Flygon|129\/364|[from] Stealth Rock
|move|p2a: Xatu|U-turn|p1a: Flygon
|-damage|p1a: Flygon|76\/364
|c| Flimsy Man|buddy
|choice||switch 3
|
|switch|p2a: Scrafty|Scrafty, M|273\/273
|
|-heal|p1a: Flygon|98\/364|[from] item: Leftovers
|upkeep
|turn|92
|c| Flimsy Man|what
|choice|switch 4|move dragondance
|
|switch|p1a: Venusaur|Venusaur, M|310\/364
|-damage|p1a: Venusaur|265\/364|[from] Stealth Rock
|move|p2a: Scrafty|Dragon Dance|p2a: Scrafty
|-boost|p2a: Scrafty|atk|1
|-boost|p2a: Scrafty|spe|1
|
|upkeep
|turn|93
|j|pancake
|choice|move roar|move knockoff
|
|move|p2a: Scrafty|Knock Off|p1a: Venusaur
|-damage|p1a: Venusaur|135\/364
|move|p1a: Venusaur|Roar|p2a: Scrafty
|drag|p2a: Jellicent|Jellicent, M|319\/404
|
|upkeep
|turn|94
|choice|move synthesis|move taunt
|
|move|p1a: Venusaur|Synthesis|p1a: Venusaur
|-heal|p1a: Venusaur|317\/364
|move|p2a: Jellicent|Taunt|p1a: Venusaur
|-start|p1a: Venusaur|move: Taunt
|
|upkeep
|turn|95
|choice|switch 3|switch 5
|
|switch|p1a: Alomomola|Alomomola, F|497\/497
|-damage|p1a: Alomomola|435\/497|[from] Stealth Rock
|switch|p2a: Escavalier|Escavalier, M|327\/343 slp
|
|-heal|p1a: Alomomola|466\/497|[from] item: Leftovers
|upkeep
|turn|96
|l|North
|choice|move wish|move swordsdance
|
|move|p1a: Alomomola|Wish|p1a: Alomomola
|-curestatus|p2a: Escavalier|slp|[msg]
|move|p2a: Escavalier|Swords Dance|p2a: Escavalier
|-boost|p2a: Escavalier|atk|2
|
|-heal|p1a: Alomomola|497\/497|[from] item: Leftovers
|upkeep
|turn|97
|choice|switch 2|move swordsdance
|
|switch|p1a: Registeel|Registeel|240\/364
|-damage|p1a: Registeel|218\/364|[from] Stealth Rock
|move|p2a: Escavalier|Swords Dance|p2a: Escavalier
|-boost|p2a: Escavalier|atk|2
|
|-heal|p1a: Registeel|364\/364|[from] move: Wish|[wisher] Alomomola
|upkeep
|turn|98
|choice|move seismictoss|move megahorn
|
|move|p1a: Registeel|Seismic Toss|p2a: Escavalier
|-damage|p2a: Escavalier|227\/343
|move|p2a: Escavalier|Megahorn|p1a: Registeel
|-resisted|p1a: Registeel
|-damage|p1a: Registeel|175\/364
|
|-heal|p1a: Registeel|197\/364|[from] item: Leftovers
|upkeep
|turn|99
|choice|move seismictoss|move swordsdance
|
|move|p1a: Registeel|Seismic Toss|p2a: Escavalier
|-damage|p2a: Escavalier|127\/343
|move|p2a: Escavalier|Swords Dance|p2a: Escavalier
|-boost|p2a: Escavalier|atk|2
|
|-heal|p1a: Registeel|219\/364|[from] item: Leftovers
|upkeep
|turn|100
|choice|switch 6|move megahorn
|
|switch|p1a: Spiritomb|Spiritomb, M|304\/304
|-damage|p1a: Spiritomb|266\/304|[from] Stealth Rock
|move|p2a: Escavalier|Megahorn|p1a: Spiritomb|[miss]
|-miss|p2a: Escavalier|p1a: Spiritomb
|
|-heal|p1a: Spiritomb|285\/304|[from] item: Leftovers
|upkeep
|turn|101
|c|☆SilentVerse|predicted
|c|☆Eren 乇乂|fuck
|c|☆SilentVerse|tbh
|c|☆Eren 乇乂|me
|choice|move foulplay|switch 6
|
|switch|p2a: Scrafty|Scrafty, M|273\/273
|move|p1a: Spiritomb|Foul Play|p2a: Scrafty
|-resisted|p2a: Scrafty
|-damage|p2a: Scrafty|244\/273
|
|-heal|p2a: Scrafty|261\/273|[from] item: Leftovers
|-heal|p1a: Spiritomb|304\/304|[from] item: Leftovers
|upkeep
|turn|102
|c| Flimsy Man|the luck
|choice|switch 3|move dragondance
|
|switch|p1a: Venusaur|Venusaur, M|317\/364
|-damage|p1a: Venusaur|272\/364|[from] Stealth Rock
|move|p2a: Scrafty|Dragon Dance|p2a: Scrafty
|-boost|p2a: Scrafty|atk|1
|-boost|p2a: Scrafty|spe|1
|
|-heal|p2a: Scrafty|273\/273|[from] item: Leftovers
|upkeep
|turn|103
|choice|move roar|move knockoff
|
|move|p2a: Scrafty|Knock Off|p1a: Venusaur
|-damage|p1a: Venusaur|157\/364
|move|p1a: Venusaur|Roar|p2a: Scrafty
|drag|p2a: Xatu|Xatu, M|290\/333
|
|upkeep
|turn|104
|choice|move synthesis|move uturn
|
|move|p2a: Xatu|U-turn|p1a: Venusaur
|-damage|p1a: Venusaur|115\/364
|choice||switch 6
|
|switch|p2a: Escavalier|Escavalier, M|127\/343
|move|p1a: Venusaur|Synthesis|p1a: Venusaur
|-heal|p1a: Venusaur|297\/364
|
|upkeep
|turn|105
|choice|switch 5|move rest
|
|switch|p1a: Diancie|Diancie|304\/304
|-damage|p1a: Diancie|266\/304|[from] Stealth Rock
|move|p2a: Escavalier|Rest|p2a: Escavalier
|-status|p2a: Escavalier|slp
|-heal|p2a: Escavalier|343\/343 slp|[silent]
|-status|p2a: Escavalier|slp|[from] move: Rest
|
|upkeep
|turn|106
|choice|move stealthrock|switch 6
|
|switch|p2a: Xatu|Xatu, M|290\/333
|move|p1a: Diancie|Stealth Rock|p2a: Xatu
|move|p2a: Xatu|Stealth Rock|p1a: Diancie|[from]Magic Bounce
|-fail|p1a: Diancie
|
|upkeep
|turn|107
|choice|move diamondstorm|move uturn
|
|move|p2a: Xatu|U-turn|p1a: Diancie
|-resisted|p1a: Diancie
|-damage|p1a: Diancie|254\/304
|choice||switch 5
|
|switch|p2a: Jellicent|Jellicent, M|319\/404
|move|p1a: Diancie|Diamond Storm|p2a: Jellicent
|-damage|p2a: Jellicent|196\/404
|
|upkeep
|turn|108
|choice|switch 5|switch 5
|
|switch|p2a: Xatu|Xatu, M|290\/333
|switch|p1a: Venusaur|Venusaur, M|297\/364
|-damage|p1a: Venusaur|252\/364|[from] Stealth Rock
|
|upkeep
|turn|109
|choice|move sludgebomb|move uturn
|
|move|p2a: Xatu|U-turn|p1a: Venusaur
|-damage|p1a: Venusaur|214\/364
|choice||switch 6
|
|switch|p2a: Escavalier|Escavalier, M|343\/343 slp
|move|p1a: Venusaur|Sludge Bomb|p2a: Escavalier
|-immune|p2a: Escavalier|[msg]
|
|upkeep
|turn|110
|choice|switch 5|move sleeptalk
|
|switch|p1a: Diancie|Diancie|254\/304
|-damage|p1a: Diancie|216\/304|[from] Stealth Rock
|cant|p2a: Escavalier|slp
|move|p2a: Escavalier|Sleep Talk|p2a: Escavalier
|move|p2a: Escavalier|Rest|p2a: Escavalier|[from]Sleep Talk
|-fail|p2a: Escavalier
|
|upkeep
|turn|111
|choice|move stealthrock|switch 6
|
|switch|p2a: Xatu|Xatu, M|290\/333
|move|p1a: Diancie|Stealth Rock|p2a: Xatu
|move|p2a: Xatu|Stealth Rock|p1a: Diancie|[from]Magic Bounce
|-fail|p1a: Diancie
|
|upkeep
|turn|112
|choice|move diamondstorm|move toxic
|
|move|p2a: Xatu|Toxic|p1a: Diancie
|-status|p1a: Diancie|tox
|move|p1a: Diancie|Diamond Storm|p2a: Xatu
|-supereffective|p2a: Xatu
|-damage|p2a: Xatu|62\/333
|-boost|p1a: Diancie|def|1
|
|-damage|p1a: Diancie|197\/304 tox|[from] psn
|upkeep
|turn|113
|choice|switch 2|move roost
|
|switch|p1a: Alomomola|Alomomola, F|497\/497
|-damage|p1a: Alomomola|435\/497|[from] Stealth Rock
|move|p2a: Xatu|Roost|p2a: Xatu
|-heal|p2a: Xatu|229\/333
|
|-heal|p1a: Alomomola|466\/497|[from] item: Leftovers
|upkeep
|turn|114
|c|+Arifeen|see slurmz
|choice|move wish|move toxic
|
|move|p2a: Xatu|Toxic|p1a: Alomomola
|-status|p1a: Alomomola|tox
|move|p1a: Alomomola|Wish|p1a: Alomomola
|
|-heal|p1a: Alomomola|497\/497 tox|[from] item: Leftovers
|-damage|p1a: Alomomola|466\/497 tox|[from] psn
|upkeep
|turn|115
|choice|switch 2|move uturn
|
|switch|p1a: Diancie|Diancie|197\/304 tox
|-damage|p1a: Diancie|159\/304 tox|[from] Stealth Rock
|move|p2a: Xatu|U-turn|p1a: Diancie
|-resisted|p1a: Diancie
|-damage|p1a: Diancie|148\/304 tox
|c| Flimsy Man|you will never get rocks up as long as xatu is alive
|c|+Arifeen|if u used my esca set
|c|+Arifeen|u won
|c|☆Eren 乇乂|what is
|c|☆Eren 乇乂|ur esca set
|c|+Arifeen|....
|c|+Arifeen|u called it out
|choice||switch 5
|
|switch|p2a: Jellicent|Jellicent, M|196\/404
|
|-heal|p1a: Diancie|304\/304 tox|[from] move: Wish|[wisher] Alomomola
|-damage|p1a: Diancie|285\/304 tox|[from] psn
|upkeep
|turn|116
|c|+Arifeen|back during ltpl
|choice|switch 5|move recover
|
|switch|p1a: Venusaur|Venusaur, M|214\/364
|-damage|p1a: Venusaur|169\/364|[from] Stealth Rock
|move|p2a: Jellicent|Recover|p2a: Jellicent
|-heal|p2a: Jellicent|398\/404
|
|upkeep
|turn|117
|choice|switch 5|move scald
|
|switch|p1a: Diancie|Diancie|285\/304 tox
|-damage|p1a: Diancie|247\/304 tox|[from] Stealth Rock
|move|p2a: Jellicent|Scald|p1a: Diancie
|-supereffective|p1a: Diancie
|-damage|p1a: Diancie|137\/304 tox
|
|-damage|p1a: Diancie|118\/304 tox|[from] psn
|upkeep
|turn|118
|c|+Arifeen|its sd 3 atks
|c|☆Eren 乇乂|oh
|c|+Arifeen|with fuckton of speed
|c|☆Eren 乇乂|no it didnt win
|c|☆Eren 乇乂|eh
|c|+Arifeen|???
|c|+Arifeen|it did
|choice|switch 5|move scald
|
|switch|p1a: Venusaur|Venusaur, M|169\/364
|-damage|p1a: Venusaur|124\/364|[from] Stealth Rock
|move|p2a: Jellicent|Scald|p1a: Venusaur
|-resisted|p1a: Venusaur
|-damage|p1a: Venusaur|88\/364
|
|upkeep
|turn|119
|c|+Arifeen|outsped everything
|c|+Arifeen|well
|choice|move synthesis|move scald
|
|move|p1a: Venusaur|Synthesis|p1a: Venusaur
|-heal|p1a: Venusaur|270\/364
|move|p2a: Jellicent|Scald|p1a: Venusaur
|-resisted|p1a: Venusaur
|-damage|p1a: Venusaur|232\/364
|
|upkeep
|turn|120
|c|+Arifeen|outsped the checks
|c|+Arifeen|regi and tomb
|choice|move gigadrain|switch 6
|
|switch|p2a: Escavalier|Escavalier, M|343\/343 slp
|move|p1a: Venusaur|Giga Drain|p2a: Escavalier
|-resisted|p2a: Escavalier
|-damage|p2a: Escavalier|328\/343 slp
|-heal|p1a: Venusaur|240\/364|[from] drain|[of] p2a: Escavalier
|
|upkeep
|turn|121
|c|+Arifeen|so u just kill them
|choice|switch 2|switch 6
|
|switch|p1a: Alomomola|Alomomola, F|497\/497 tox
|-damage|p1a: Alomomola|435\/497 tox|[from] Stealth Rock
|switch|p2a: Jellicent|Jellicent, M|398\/404
|
|-heal|p1a: Alomomola|466\/497 tox|[from] item: Leftovers
|-damage|p1a: Alomomola|435\/497 tox|[from] psn
|upkeep
|turn|122
|c|+Arifeen|and avoid burn
|choice|switch 2|move hex
|
|switch|p1a: Venusaur|Venusaur, M|240\/364
|-damage|p1a: Venusaur|195\/364|[from] Stealth Rock
|move|p2a: Jellicent|Hex|p1a: Venusaur
|-damage|p1a: Venusaur|132\/364
|
|upkeep
|turn|123
|choice|move synthesis|move scald
|
|move|p1a: Venusaur|Synthesis|p1a: Venusaur
|-heal|p1a: Venusaur|314\/364
|move|p2a: Jellicent|Scald|p1a: Venusaur
|-resisted|p1a: Venusaur
|-damage|p1a: Venusaur|278\/364
|-status|p1a: Venusaur|brn
|
|-damage|p1a: Venusaur|233\/364 brn|[from] brn
|upkeep
|turn|124
|c|☆SilentVerse|hm
|c|☆SilentVerse|unlucky
|choice|move gigadrain|switch 4
|
|switch|p2a: Venusaur|Venusaur, M|313\/363 brn
|move|p1a: Venusaur|Giga Drain|p2a: Venusaur
|-resisted|p2a: Venusaur
|-crit|p2a: Venusaur
|-damage|p2a: Venusaur|281\/363 brn
|-heal|p1a: Venusaur|249\/364 brn|[from] drain|[of] p2a: Venusaur
|
|-damage|p2a: Venusaur|236\/363 brn|[from] brn
|-damage|p1a: Venusaur|204\/364 brn|[from] brn
|upkeep
|turn|125
|c|☆SilentVerse|i think this is
|c|☆SilentVerse|ogre
|c|☆SilentVerse|tee bee aych
|choice|switch 6|switch 6
|
|switch|p2a: Escavalier|Escavalier, M|328\/343 slp
|switch|p1a: Registeel|Registeel|219\/364
|-damage|p1a: Registeel|197\/364|[from] Stealth Rock
|
|-heal|p1a: Registeel|219\/364|[from] item: Leftovers
|upkeep
|turn|126
|choice|move seismictoss|switch 3
|
|switch|p2a: Scrafty|Scrafty, M|273\/273
|move|p1a: Registeel|Seismic Toss|p2a: Scrafty
|-damage|p2a: Scrafty|173\/273
|
|-heal|p2a: Scrafty|190\/273|[from] item: Leftovers
|-heal|p1a: Registeel|241\/364|[from] item: Leftovers
|upkeep
|turn|127
|j|kamisama_no49
|choice|move toxic|move highjumpkick
|
|move|p2a: Scrafty|High Jump Kick|p1a: Registeel
|-supereffective|p1a: Registeel
|-damage|p1a: Registeel|0 fnt
|faint|p1a: Registeel
|
|-heal|p2a: Scrafty|207\/273|[from] item: Leftovers
|upkeep
|c|+Arifeen|damn
|c|+pancake|tfw you get burned by scald
|-message|SilentVerse forfeited.
|
|win|Eren 乇乂
|l|SilentVerse
|c|+Arifeen|x
|l|EviGaro
|l|kamisama_no49
|l|silver aurum
|l|Feliburn
|l|pancake
|c| Flimsy Man|OMG
|l|Arifeen
|l|lax
|l|Flimsy Man</script>
</div>
<div class="battle-log battle-log-inline"><div class="inner"><div class="battle-options"></div><div class="inner"><div class="chat"><small>SilentVerse joined.</small></div><div class="chat"><small>Eren 乇乂 joined.</small></div><div class=""><small>Format:</small> <br><strong>RU</strong></div><div class=""><small><em>Sleep Clause Mod:</em> Limit one foe put to sleep</small></div><div class=""><small><em>Species Clause:</em> Limit one of each Pokémon</small></div><div class=""><small><em>OHKO Clause:</em> OHKO moves are banned</small></div><div class=""><small><em>Moody Clause:</em> Moody is banned</small></div><div class=""><small><em>Evasion Moves Clause:</em> Evasion moves are banned</small></div><div class=""><small><em>Endless Battle Clause:</em> Forcing endless battles is banned</small></div><div class=""><small><em>HP Percentage Mod:</em> HP is shown in percentages</small></div><div class=""><small><em>Swagger Clause:</em> Swagger is banned</small></div><div class=""><small><em>Baton Pass Clause:</em> Limit one Baton Passer, can't pass Spe and other stats simultaneously</small></div><div class="chat battle-history"><strong>SilentVerse's team:</strong> <em style="color:#445566;display:block;">Flygon / Alomomola / Registeel / Diancie / Venusaur / Spiritomb</em></div><div class="chat battle-history"><strong>Eren 乇乂's team:</strong> <em style="color:#445566;display:block;">Scrafty / Camerupt / Jellicent / Xatu / Escavalier / Venusaur</em></div><div class="chat"><small>tko joined.</small></div><div class="chat"><small>lax joined.</small></div><div class="chat chatmessage-silentverse"><strong style="color:hsl(83,82%,33.26463036148518%)"><small>☆</small><span class="username" data-name="SilentVerse">SilentVerse</span>:</strong> <em>ah</em></div><div class="chat chatmessage-silentverse"><strong style="color:hsl(83,82%,33.26463036148518%)"><small>☆</small><span class="username" data-name="SilentVerse">SilentVerse</span>:</strong> <em>shud we wait</em></div><div class="chat chatmessage-silentverse"><strong style="color:hsl(83,82%,33.26463036148518%)"><small>☆</small><span class="username" data-name="SilentVerse">SilentVerse</span>:</strong> <em>for the circlejerk</em></div><div class="chat"><small>ThatRandomPerson42 joined.</small></div><div class="chat"><small>Flimsy Man joined.</small></div><div class="chat"><small>never gonna change joined.</small></div><div class="chat chatmessage-eren"><strong style="color:hsl(283,71%,48%)"><small>☆</small><span class="username" data-name="Eren 乇乂">Eren 乇乂</span>:</strong> <em>hf</em></div><div class="chat chatmessage-nevergonnachange"><strong style="color:hsl(312,68%,45.1750421088896%)"><small> </small><span class="username" data-name="never gonna change">never gonna change</span>:</strong> <em>regimola</em></div><div class="chat chatmessage-flimsyman"><strong style="color:hsl(332,41%,50.576996913572984%)"><small> </small><span class="username" data-name="Flimsy Man">Flimsy Man</span>:</strong> <em>what's that supposed to mean</em></div><div class="chat"><small>Mr. Aldo joined.</small></div><div class="spacer battle-history"><br></div><div class="battle-history">Battle started between SilentVerse and Eren 乇乂!<br></div><div class="spacer battle-history"><br></div><div class="battle-history">Go! <strong>Alomomola</strong>!<br></div><div class="spacer battle-history"><br></div><div class="battle-history">Eren 乇乂 sent out <strong>Camerupt</strong>!<br></div><div class="spacer battle-history"><br></div><h2 class="battle-history">Turn 1</h2><div class="chat chatmessage-flimsyman"><strong style="color:hsl(332,41%,50.576996913572984%)"><small> </small><span class="username" data-name="Flimsy Man">Flimsy Man</span>:</strong> <em>wait for the circle jirk</em></div><div class="spacer battle-history"><br></div><div class="battle-history">Eren 乇乂 withdrew Camerupt!<br></div><div class="battle-history">Eren 乇乂 sent out <strong>Venusaur</strong>!<br></div><div class="spacer battle-history"><br></div><div class="battle-history">Alomomola used <strong>Knock Off</strong>!<br></div><div class="battle-history"><small>(The opposing Venusaur lost <abbr title="−52/363">14.3%</abbr> of its health!)</small><br></div><div class="battle-history"><small>Alomomola knocked off the opposing Venusaur's Black Sludge!</small><br></div><div class="spacer battle-history"><br></div><h2 class="battle-history">Turn 2</h2><div class="chat chatmessage-flimsyman"><strong style="color:hsl(332,41%,50.576996913572984%)"><small> </small><span class="username" data-name="Flimsy Man">Flimsy Man</span>:</strong> <em>*jerk</em></div><div class="spacer battle-history"><br></div><div class="battle-history">Eren 乇乂 withdrew Venusaur!<br></div><div class="battle-history">Eren 乇乂 sent out <strong>Camerupt</strong>!<br></div><div class="spacer battle-history"><br></div><div class="battle-history">Alomomola, come back!<br></div><div class="battle-history">Go! <strong>Registeel</strong>!<br></div><div class="spacer battle-history"><br></div><h2 class="battle-history">Turn 3</h2><div class="spacer battle-history"><br></div><div class="battle-history">Registeel, come back!<br></div><div class="battle-history">Go! <strong>Alomomola</strong>!<br></div><div class="spacer battle-history"><br></div><div class="battle-history"><small>The opposing Camerupt's Cameruptite is reacting to Eren 乇乂's Mega Bracelet!</small><br>The opposing Camerupt has Mega Evolved into Mega Camerupt!<br></div><div class="spacer battle-history"><br></div><div class="battle-history">The opposing Camerupt used <strong>Stealth Rock</strong>!<br></div><div class="battle-history"><small>Pointed stones float in the air around your team!</small><br></div><div class="spacer battle-history"><br></div><h2 class="battle-history">Turn 4</h2><div class="chat"><small>Arifeen joined.</small></div><div class="spacer battle-history"><br></div><div class="battle-history">Eren 乇乂 withdrew Camerupt!<br></div><div class="battle-history">Eren 乇乂 sent out <strong>Jellicent</strong>!<br></div><div class="spacer battle-history"><br></div><div class="battle-history">Alomomola used <strong>Knock Off</strong>!<br></div><div class="battle-history"><small>It's super effective!</small><br></div><div class="battle-history"><small>The opposing Jellicent ate its Colbur Berry!</small><br></div><div class="battle-history"><small>The Colbur Berry weakened the damage to the opposing Jellicent!</small><br></div><div class="battle-history"><small>(The opposing Jellicent lost <abbr title="−60/404">14.9%</abbr> of its health!)</small><br></div><div class="spacer battle-history"><br></div><h2 class="battle-history">Turn 5</h2><div class="chat"><small>EviGaro joined.</small></div><div class="spacer battle-history"><br></div><div class="battle-history">Alomomola used <strong>Protect</strong>!<br></div><div class="battle-history"><small>Alomomola protected itself!</small><br></div><div class="spacer battle-history"><br></div><div class="battle-history">The opposing Jellicent used <strong>Scald</strong>!<br></div><div class="battle-history"><small>Alomomola protected itself!</small><br></div><div class="spacer battle-history"><br></div><h2 class="battle-history">Turn 6</h2><div class="spacer battle-history"><br></div><div class="battle-history">The opposing Jellicent used <strong>Scald</strong>!<br></div><div class="battle-history"><small>It's not very effective...</small><br></div><div class="battle-history"><small>(Alomomola lost <abbr title="−45/497">9.1%</abbr> of its health!)</small><br></div><div class="spacer battle-history"><br></div><div class="battle-history">Alomomola used <strong>Knock Off</strong>!<br></div><div class="battle-history"><small>It's super effective!</small><br></div><div class="battle-history"><small>(The opposing Jellicent lost <abbr title="−92/404">22.8%</abbr> of its health!)</small><br></div><div class="spacer battle-history"><br></div><div class="battle-history"><small>Alomomola restored a little HP using its Leftovers!</small><br></div><div class="spacer battle-history"><br></div><h2 class="battle-history">Turn 7</h2><div class="spacer battle-history"><br></div><div class="battle-history">Alomomola, come back!<br></div><div class="battle-history">Go! <strong>Flygon</strong>!<br></div><div class="battle-history"><small>Pointed stones dug into Flygon!</small><br></div><div class="spacer battle-history"><br></div><div class="battle-history">The opposing Jellicent used <strong>Recover</strong>!<br></div><div class="battle-history"><small>The opposing Jellicent restored its HP.</small><br></div><div class="spacer battle-history"><br></div><div class="battle-history"><small>Flygon restored a little HP using its Leftovers!</small><br></div><div class="spacer battle-history"><br></div><h2 class="battle-history">Turn 8</h2><div class="spacer battle-history"><br></div><div class="battle-history">Flygon used <strong>Defog</strong>!<br></div><div class="battle-history"><small>The opposing Jellicent's evasiveness fell!</small><br></div><div class="battle-history"><small>The pointed stones disappeared from around your team!</small><br></div><div class="spacer battle-history"><br></div><div class="battle-history">The opposing Jellicent used <strong>Scald</strong>!<br></div><div class="battle-history"><small>(Flygon lost <abbr title="−99/364">27.2%</abbr> of its health!)</small><br></div><div class="spacer battle-history"><br></div><div class="battle-history"><small>Flygon restored a little HP using its Leftovers!</small><br></div><div class="spacer battle-history"><br></div><h2 class="battle-history">Turn 9</h2><div class="chat chatmessage-arifeen"><strong style="color:hsl(351,68%,47.77101180383878%)"><small>+</small><span class="username" data-name="Arifeen">Arifeen</span>:</strong> <em>whats the score</em></div><div class="chat chatmessage-eren"><strong style="color:hsl(283,71%,48%)"><small>☆</small><span class="username" data-name="Eren 乇乂">Eren 乇乂</span>:</strong> <em>0-0</em></div><div class="spacer battle-history"><br></div><div class="battle-history">Eren 乇乂 withdrew Jellicent!<br></div><div class="battle-history">Eren 乇乂 sent out <strong>Xatu</strong>!<br></div><div class="spacer battle-history"><br></div><div class="battle-history">Flygon used <strong>Toxic</strong>!<br></div><div class="spacer battle-history"><br></div><div class="battle-history"><small>[The opposing Xatu's Magic Bounce]</small><br>The opposing Xatu bounced the Toxic back!<br></div><div class="battle-history"><small>Flygon was badly poisoned!</small><br></div><div class="spacer battle-history"><br></div><div class="battle-history"><small>Flygon restored a little HP using its Leftovers!</small><br></div><div class="battle-history"><small>Flygon was hurt by poison!</small><br></div><div class="spacer battle-history"><br></div><h2 class="battle-history">Turn 10</h2><div class="spacer battle-history"><br></div><div class="battle-history">Flygon, come back!<br></div><div class="battle-history">Go! <strong>Registeel</strong>!<br></div><div class="spacer battle-history"><br></div><div class="battle-history">The opposing Xatu used <strong>U-turn</strong>!<br></div><div class="battle-history"><small>It's not very effective...</small><br></div><div class="battle-history"><small>(Registeel lost <abbr title="−14/364">3.8%</abbr> of its health!)</small><br></div><div class="spacer battle-history"><br></div><div class="battle-history">The opposing Xatu went back to Eren 乇乂!<br></div><div class="battle-history">Eren 乇乂 sent out Camerupt (<strong>Camerupt-Mega</strong>)!<br></div><div class="spacer battle-history"><br></div><div class="battle-history"><small>Registeel restored a little HP using its Leftovers!</small><br></div><div class="spacer battle-history"><br></div><h2 class="battle-history">Turn 11</h2><div class="spacer battle-history"><br></div><div class="battle-history">Registeel used <strong>Toxic</strong>!<br></div><div class="battle-history"><small>The opposing Camerupt was badly poisoned!</small><br></div><div class="spacer battle-history"><br></div><div class="battle-history">The opposing Camerupt used <strong>Stealth Rock</strong>!<br></div><div class="battle-history"><small>Pointed stones float in the air around your team!</small><br></div><div class="spacer battle-history"><br></div><div class="battle-history"><small>The opposing Camerupt was hurt by poison!</small><br></div><div class="spacer battle-history"><br></div><h2 class="battle-history">Turn 12</h2><div class="spacer battle-history"><br></div><div class="battle-history">Eren 乇乂 withdrew Camerupt!<br></div><div class="battle-history">Eren 乇乂 sent out <strong>Scrafty</strong>!<br></div><div class="spacer battle-history"><br></div><div class="battle-history">Registeel used <strong>Protect</strong>!<br></div><div class="battle-history"><small>But it failed!</small><br></div><div class="spacer battle-history"><br></div><h2 class="battle-history">Turn 13</h2><div class="spacer battle-history"><br></div><div class="battle-history">Eren 乇乂 withdrew Scrafty!<br></div><div class="battle-history">Eren 乇乂 sent out <strong>Xatu</strong>!<br></div><div class="spacer battle-history"><br></div><div class="battle-history">Registeel, come back!<br></div><div class="battle-history">Go! <strong>Diancie</strong>!<br></div><div class="battle-history"><small>Pointed stones dug into Diancie!</small><br></div><div class="spacer battle-history"><br></div><div class="battle-history"><small>Diancie restored a little HP using its Leftovers!</small><br></div><div class="spacer battle-history"><br></div><h2 class="battle-history">Turn 14</h2><div class="spacer battle-history"><br></div><div class="battle-history">Diancie, come back!<br></div><div class="battle-history">Go! <strong>Registeel</strong>!<br></div><div class="battle-history"><small>Pointed stones dug into Registeel!</small><br></div><div class="spacer battle-history"><br></div><div class="battle-history">The opposing Xatu used <strong>Toxic</strong>!<br></div><div class="battle-history"><small>It doesn't affect Registeel...</small><br></div><div class="spacer battle-history"><br></div><div class="battle-history"><small>Registeel restored a little HP using its Leftovers!</small><br></div><div class="spacer battle-history"><br></div><h2 class="battle-history">Turn 15</h2><div class="spacer battle-history"><br></div><div class="battle-history">The opposing Xatu used <strong>Night Shade</strong>!<br></div><div class="battle-history"><small>(Registeel lost <abbr title="−100/364">27.5%</abbr> of its health!)</small><br></div><div class="spacer battle-history"><br></div><div class="battle-history">Registeel used <strong>Toxic</strong>!<br></div><div class="spacer battle-history"><br></div><div class="battle-history"><small>[The opposing Xatu's Magic Bounce]</small><br>The opposing Xatu bounced the Toxic back!<br></div><div class="battle-history"><small>It doesn't affect Registeel...</small><br></div><div class="spacer battle-history"><br></div><div class="battle-history"><small>Registeel restored a little HP using its Leftovers!</small><br></div><div class="spacer battle-history"><br></div><h2 class="battle-history">Turn 16</h2><div class="spacer battle-history"><br></div><div class="battle-history">Registeel used <strong>Protect</strong>!<br></div><div class="battle-history"><small>Registeel protected itself!</small><br></div><div class="spacer battle-history"><br></div><div class="battle-history">The opposing Xatu used <strong>U-turn</strong>!<br></div><div class="battle-history"><small>Registeel protected itself!</small><br></div><div class="spacer battle-history"><br></div><div class="battle-history"><small>Registeel restored a little HP using its Leftovers!</small><br></div><div class="spacer battle-history"><br></div><h2 class="battle-history">Turn 17</h2><div class="spacer battle-history"><br></div><div class="battle-history">Registeel, come back!<br></div><div class="battle-history">Go! <strong>Alomomola</strong>!<br></div><div class="battle-history"><small>Pointed stones dug into Alomomola!</small><br></div><div class="spacer battle-history"><br></div><div class="battle-history">The opposing Xatu used <strong>Night Shade</strong>!<br></div><div class="battle-history"><small>(Alomomola lost <abbr title="−100/497">20.1%</abbr> of its health!)</small><br></div><div class="spacer battle-history"><br></div><div class="battle-history"><small>Alomomola restored a little HP using its Leftovers!</small><br></div><div class="spacer battle-history"><br></div><h2 class="battle-history">Turn 18</h2><div class="spacer battle-history"><br></div><div class="battle-history">Alomomola used <strong>Protect</strong>!<br></div><div class="battle-history"><small>Alomomola protected itself!</small><br></div><div class="spacer battle-history"><br></div><div class="battle-history">The opposing Xatu used <strong>Toxic</strong>!<br></div><div class="battle-history"><small>Alomomola protected itself!</small><br></div><div class="spacer battle-history"><br></div><div class="battle-history"><small>Alomomola restored a little HP using its Leftovers!</small><br></div><div class="spacer battle-history"><br></div><h2 class="battle-history">Turn 19</h2><div class="spacer battle-history"><br></div><div class="battle-history">The opposing Xatu used <strong>U-turn</strong>!<br></div><div class="battle-history"><small>(Alomomola lost <abbr title="−41/497">8.2%</abbr> of its health!)</small><br></div><div class="spacer battle-history"><br></div><div class="battle-history">The opposing Xatu went back to Eren 乇乂!<br></div><div class="battle-history">Eren 乇乂 sent out <strong>Venusaur</strong>!<br></div><div class="spacer battle-history"><br></div><div class="battle-history">Alomomola used <strong>Knock Off</strong>!<br></div><div class="battle-history"><small>A critical hit!</small><br></div><div class="battle-history"><small>(The opposing Venusaur lost <abbr title="−55/363">15.2%</abbr> of its health!)</small><br></div><div class="spacer battle-history"><br></div><div class="battle-history"><small>Alomomola restored a little HP using its Leftovers!</small><br></div><div class="spacer battle-history"><br></div><h2 class="battle-history">Turn 20</h2><div class="spacer battle-history"><br></div><div class="battle-history">Alomomola, come back!<br></div><div class="battle-history">Go! <strong>Registeel</strong>!<br></div><div class="battle-history"><small>Pointed stones dug into Registeel!</small><br></div><div class="spacer battle-history"><br></div><div class="battle-history">The opposing Venusaur used <strong>Leech Seed</strong>!<br></div><div class="battle-history"><small>Registeel was seeded!</small><br></div><div class="spacer battle-history"><br></div><div class="battle-history"><small>Registeel restored a little HP using its Leftovers!</small><br></div><div class="battle-history"><small>Registeel's health is sapped by Leech Seed!</small><br></div><div class="spacer battle-history"><br></div><h2 class="battle-history">Turn 21</h2><div class="chat"><small>TSR joined.</small></div><div class="spacer battle-history"><br></div><div class="battle-history">Registeel, come back!<br></div><div class="battle-history">Go! <strong>Venusaur</strong>!<br></div><div class="battle-history"><small>Pointed stones dug into Venusaur!</small><br></div><div class="spacer battle-history"><br></div><div class="battle-history">The opposing Venusaur used <strong>Giga Drain</strong>!<br></div><div class="battle-history"><small>It's not very effective...</small><br></div><div class="battle-history"><small>(Venusaur lost <abbr title="−19/364">5.2%</abbr> of its health!)</small><br></div><div class="battle-history"><small>Venusaur had its energy drained!</small><br></div><div class="spacer battle-history"><br></div><div class="battle-history"><small>Venusaur restored a little HP using its Black Sludge!</small><br></div><div class="spacer battle-history"><br></div><h2 class="battle-history">Turn 22</h2><div class="spacer battle-history"><br></div><div class="battle-history">Eren 乇乂 withdrew Venusaur!<br></div><div class="battle-history">Eren 乇乂 sent out <strong>Escavalier</strong>!<br></div><div class="spacer battle-history"><br></div><div class="battle-history">Venusaur, come back!<br></div><div class="battle-history">Go! <strong>Spiritomb</strong>!<br></div><div class="battle-history"><small>Pointed stones dug into Spiritomb!</small><br></div><div class="spacer battle-history"><br></div><div class="battle-history"><small>Spiritomb restored a little HP using its Leftovers!</small><br></div><div class="spacer battle-history"><br></div><h2 class="battle-history">Turn 23</h2><div class="spacer battle-history"><br></div><div class="battle-history">Spiritomb used <strong>Foul Play</strong>!<br></div><div class="battle-history"><small>(The opposing Escavalier lost <abbr title="−139/343">40.5%</abbr> of its health!)</small><br></div><div class="spacer battle-history"><br></div><div class="battle-history">The opposing Escavalier used <strong>Megahorn</strong>!<br></div><div class="battle-history"><small>(Spiritomb lost <abbr title="−130/304">42.8%</abbr> of its health!)</small><br></div><div class="spacer battle-history"><br></div><div class="battle-history"><small>Spiritomb restored a little HP using its Leftovers!</small><br></div><div class="battle-history"><small>The opposing Escavalier restored a little HP using its Leftovers!</small><br></div><div class="spacer battle-history"><br></div><h2 class="battle-history">Turn 24</h2><div class="spacer battle-history"><br></div><div class="battle-history">Spiritomb used <strong>Will-O-Wisp</strong>!<br></div><div class="battle-history"><small>The opposing Escavalier avoided the attack!</small><br></div><div class="spacer battle-history"><br></div><div class="battle-history">The opposing Escavalier used <strong>Megahorn</strong>!<br></div><div class="battle-history"><small>Spiritomb avoided the attack!</small><br></div><div class="spacer battle-history"><br></div><div class="battle-history"><small>Spiritomb restored a little HP using its Leftovers!</small><br></div><div class="battle-history"><small>The opposing Escavalier restored a little HP using its Leftovers!</small><br></div><div class="spacer battle-history"><br></div><h2 class="battle-history">Turn 25</h2><div class="chat chatmessage-eren"><strong style="color:hsl(283,71%,48%)"><small>☆</small><span class="username" data-name="Eren 乇乂">Eren 乇乂</span>:</strong> <em>sorry</em></div><div class="chat chatmessage-eren"><strong style="color:hsl(283,71%,48%)"><small>☆</small><span class="username" data-name="Eren 乇乂">Eren 乇乂</span>:</strong> <em>o</em></div><div class="chat chatmessage-eren"><strong style="color:hsl(283,71%,48%)"><small>☆</small><span class="username" data-name="Eren 乇乂">Eren 乇乂</span>:</strong> <em>nvm</em></div><div class="chat chatmessage-silentverse"><strong style="color:hsl(83,82%,33.26463036148518%)"><small>☆</small><span class="username" data-name="SilentVerse">SilentVerse</span>:</strong> <em>good turn</em></div><div class="spacer battle-history"><br></div><div class="battle-history">Eren 乇乂 withdrew Escavalier!<br></div><div class="battle-history">Eren 乇乂 sent out <strong>Venusaur</strong>!<br></div><div class="spacer battle-history"><br></div><div class="battle-history">Spiritomb used <strong>Will-O-Wisp</strong>!<br></div><div class="battle-history"><small>The opposing Venusaur was burned!</small><br></div><div class="spacer battle-history"><br></div><div class="battle-history"><small>Spiritomb restored a little HP using its Leftovers!</small><br></div><div class="battle-history"><small>The opposing Venusaur was hurt by its burn!</small><br></div><div class="spacer battle-history"><br></div><h2 class="battle-history">Turn 26</h2><div class="chat"><small>silver aurum joined.</small></div><div class="spacer battle-history"><br></div><div class="battle-history">Spiritomb, come back!<br></div><div class="battle-history">Go! <strong>Venusaur</strong>!<br></div><div class="battle-history"><small>Pointed stones dug into Venusaur!</small><br></div><div class="spacer battle-history"><br></div><div class="battle-history">The opposing Venusaur used <strong>Sludge Bomb</strong>!<br></div><div class="battle-history"><small>(Venusaur lost <abbr title="−108/364">29.7%</abbr> of its health!)</small><br></div><div class="spacer battle-history"><br></div><div class="battle-history"><small>Venusaur restored a little HP using its Black Sludge!</small><br></div><div class="battle-history"><small>The opposing Venusaur was hurt by its burn!</small><br></div><div class="spacer battle-history"><br></div><h2 class="battle-history">Turn 27</h2><div class="spacer battle-history"><br></div><div class="battle-history">Eren 乇乂 withdrew Venusaur!<br></div><div class="battle-history">Eren 乇乂 sent out Camerupt (<strong>Camerupt-Mega</strong>)!<br></div><div class="spacer battle-history"><br></div><div class="battle-history">Venusaur used <strong>Synthesis</strong>!<br></div><div class="battle-history"><small>Venusaur restored its HP.</small><br></div><div class="spacer battle-history"><br></div><div class="battle-history"><small>The opposing Camerupt was hurt by poison!</small><br></div><div class="spacer battle-history"><br></div><h2 class="battle-history">Turn 28</h2><div class="spacer battle-history"><br></div><div class="battle-history">Venusaur, come back!<br></div><div class="battle-history">Go! <strong>Alomomola</strong>!<br></div><div class="battle-history"><small>Pointed stones dug into Alomomola!</small><br></div><div class="spacer battle-history"><br></div><div class="battle-history">The opposing Camerupt used <strong>Toxic</strong>!<br></div><div class="battle-history"><small>Alomomola was badly poisoned!</small><br></div><div class="spacer battle-history"><br></div><div class="battle-history"><small>Alomomola restored a little HP using its Leftovers!</small><br></div><div class="battle-history"><small>Alomomola was hurt by poison!</small><br></div><div class="battle-history"><small>The opposing Camerupt was hurt by poison!</small><br></div><div class="spacer battle-history"><br></div><h2 class="battle-history">Turn 29</h2><div class="chat chatmessage-lax"><strong style="color:hsl(177,74%,40.86308566089215%)"><small> </small><span class="username" data-name="lax">lax</span>:</strong> <em>...</em></div><div class="spacer battle-history"><br></div><div class="battle-history">Eren 乇乂 withdrew Camerupt!<br></div><div class="battle-history">Eren 乇乂 sent out <strong>Venusaur</strong>!<br></div><div class="spacer battle-history"><br></div><div class="battle-history">Alomomola used <strong>Wish</strong>!<br></div><div class="spacer battle-history"><br></div><div class="battle-history"><small>Alomomola restored a little HP using its Leftovers!</small><br></div><div class="battle-history"><small>The opposing Venusaur was hurt by its burn!</small><br></div><div class="battle-history"><small>Alomomola was hurt by poison!</small><br></div><div class="spacer battle-history"><br></div><h2 class="battle-history">Turn 30</h2><div class="spacer battle-history"><br></div><div class="battle-history">Alomomola, come back!<br></div><div class="battle-history">Go! <strong>Spiritomb</strong>!<br></div><div class="battle-history"><small>Pointed stones dug into Spiritomb!</small><br></div><div class="spacer battle-history"><br></div><div class="battle-history">The opposing Venusaur used <strong>Synthesis</strong>!<br></div><div class="battle-history"><small>The opposing Venusaur restored its HP.</small><br></div><div class="spacer battle-history"><br></div><div class="battle-history"><small>Alomomola's wish came true!</small><br></div><div class="battle-history"><small>The opposing Venusaur was hurt by its burn!</small><br></div><div class="spacer battle-history"><br></div><h2 class="battle-history">Turn 31</h2><div class="spacer battle-history"><br></div><div class="battle-history">Spiritomb, come back!<br></div><div class="battle-history">Go! <strong>Venusaur</strong>!<br></div><div class="battle-history"><small>Pointed stones dug into Venusaur!</small><br></div><div class="spacer battle-history"><br></div><div class="battle-history">The opposing Venusaur used <strong>Leech Seed</strong>!<br></div><div class="battle-history"><small>It doesn't affect Venusaur...</small><br></div><div class="spacer battle-history"><br></div><div class="battle-history"><small>Venusaur restored a little HP using its Black Sludge!</small><br></div><div class="battle-history"><small>The opposing Venusaur was hurt by its burn!</small><br></div><div class="spacer battle-history"><br></div><h2 class="battle-history">Turn 32</h2><div class="chat"><small>irk'd joined.</small></div><div class="spacer battle-history"><br></div><div class="battle-history">Eren 乇乂 withdrew Venusaur!<br></div><div class="battle-history">Eren 乇乂 sent out <strong>Scrafty</strong>!<br></div><div class="spacer battle-history"><br></div><div class="battle-history">Venusaur, come back!<br></div><div class="battle-history">Go! <strong>Alomomola</strong>!<br></div><div class="battle-history"><small>Pointed stones dug into Alomomola!</small><br></div><div class="spacer battle-history"><br></div><div class="battle-history"><small>Alomomola restored a little HP using its Leftovers!</small><br></div><div class="battle-history"><small>Alomomola was hurt by poison!</small><br></div><div class="spacer battle-history"><br></div><h2 class="battle-history">Turn 33</h2><div class="spacer battle-history"><br></div><div class="battle-history">Alomomola, come back!<br></div><div class="battle-history">Go! <strong>Diancie</strong>!<br></div><div class="battle-history"><small>Pointed stones dug into Diancie!</small><br></div><div class="spacer battle-history"><br></div><div class="battle-history">The opposing Scrafty used <strong>Dragon Dance</strong>!<br></div><div class="battle-history"><small>The opposing Scrafty's Attack rose!</small><br></div><div class="battle-history"><small>The opposing Scrafty's Speed rose!</small><br></div><div class="spacer battle-history"><br></div><div class="battle-history"><small>Diancie restored a little HP using its Leftovers!</small><br></div><div class="spacer battle-history"><br></div><h2 class="battle-history">Turn 34</h2><div class="spacer battle-history"><br></div><div class="battle-history">Eren 乇乂 withdrew Scrafty!<br></div><div class="battle-history">Eren 乇乂 sent out <strong>Jellicent</strong>!<br></div><div class="spacer battle-history"><br></div><div class="battle-history">Diancie used <strong>Moonblast</strong>!<br></div><div class="battle-history"><small>(The opposing Jellicent lost <abbr title="−105/404">26.0%</abbr> of its health!)</small><br></div><div class="battle-history"><small>The opposing Jellicent's Special Attack fell!</small><br></div><div class="spacer battle-history"><br></div><div class="battle-history"><small>Diancie restored a little HP using its Leftovers!</small><br></div><div class="spacer battle-history"><br></div><h2 class="battle-history">Turn 35</h2><div class="spacer battle-history"><br></div><div class="battle-history">Eren 乇乂 withdrew Jellicent!<br></div><div class="battle-history">Eren 乇乂 sent out <strong>Xatu</strong>!<br></div><div class="spacer battle-history"><br></div><div class="battle-history">Diancie used <strong>Stealth Rock</strong>!<br></div><div class="spacer battle-history"><br></div><div class="battle-history"><small>[The opposing Xatu's Magic Bounce]</small><br>The opposing Xatu bounced the Stealth Rock back!<br></div><div class="battle-history"><small>But it failed!</small><br></div><div class="spacer battle-history"><br></div><div class="battle-history"><small>Diancie restored a little HP using its Leftovers!</small><br></div><div class="spacer battle-history"><br></div><h2 class="battle-history">Turn 36</h2><div class="spacer battle-history"><br></div><div class="battle-history">The opposing Xatu used <strong>Toxic</strong>!<br></div><div class="battle-history"><small>Diancie was badly poisoned!</small><br></div><div class="spacer battle-history"><br></div><div class="battle-history">Diancie used <strong>Diamond Storm</strong>!<br></div><div class="battle-history"><small>It's super effective!</small><br></div><div class="battle-history"><small>(The opposing Xatu lost <abbr title="−234/333">70.3%</abbr> of its health!)</small><br></div><div class="spacer battle-history"><br></div><div class="battle-history"><small>Diancie was hurt by poison!</small><br></div><div class="spacer battle-history"><br></div><h2 class="battle-history">Turn 37</h2><div class="spacer battle-history"><br></div><div class="battle-history">The opposing Xatu used <strong>Roost</strong>!<br></div><div class="battle-history"><small>The opposing Xatu restored its HP.</small><br></div><div class="spacer battle-history"><br></div><div class="battle-history">Diancie used <strong>Heal Bell</strong>!<br></div><div class="battle-history"><small>A bell chimed!</small><br></div><div class="battle-history"><small>Diancie was cured of its poisoning.</small><br></div><div class="battle-history"><small>Flygon was cured of its poisoning.</small><br></div><div class="battle-history"><small>Alomomola was cured of its poisoning.</small><br></div><div class="spacer battle-history"><br></div><div class="battle-history"><small>Diancie restored a little HP using its Leftovers!</small><br></div><div class="spacer battle-history"><br></div><h2 class="battle-history">Turn 38</h2><div class="spacer battle-history"><br></div><div class="battle-history">The opposing Xatu used <strong>Toxic</strong>!<br></div><div class="battle-history"><small>Diancie was badly poisoned!</small><br></div><div class="spacer battle-history"><br></div><div class="battle-history">Diancie used <strong>Diamond Storm</strong>!<br></div><div class="battle-history"><small>It's super effective!</small><br></div><div class="battle-history"><small>(The opposing Xatu lost <abbr title="−204/333">61.3%</abbr> of its health!)</small><br></div><div class="battle-history"><small>Diancie's Defense rose!</small><br></div><div class="spacer battle-history"><br></div><div class="battle-history"><small>Diancie was hurt by poison!</small><br></div><div class="spacer battle-history"><br></div><h2 class="battle-history">Turn 39</h2><div class="spacer battle-history"><br></div><div class="battle-history">Diancie, come back!<br></div><div class="battle-history">Go! <strong>Alomomola</strong>!<br></div><div class="battle-history"><small>Pointed stones dug into Alomomola!</small><br></div><div class="spacer battle-history"><br></div><div class="battle-history">The opposing Xatu used <strong>Roost</strong>!<br></div><div class="battle-history"><small>The opposing Xatu restored its HP.</small><br></div><div class="spacer battle-history"><br></div><div class="battle-history"><small>Alomomola restored a little HP using its Leftovers!</small><br></div><div class="spacer battle-history"><br></div><h2 class="battle-history">Turn 40</h2><div class="spacer battle-history"><br></div><div class="battle-history">The opposing Xatu used <strong>Toxic</strong>!<br></div><div class="battle-history"><small>Alomomola was badly poisoned!</small><br></div><div class="spacer battle-history"><br></div><div class="battle-history">Alomomola used <strong>Knock Off</strong>!<br></div><div class="battle-history"><small>It's super effective!</small><br></div><div class="battle-history"><small>(The opposing Xatu lost <abbr title="−106/333">31.8%</abbr> of its health!)</small><br></div><div class="battle-history"><small>Alomomola was hurt by the Rocky Helmet!</small><br></div><div class="battle-history"><small>Alomomola knocked off the opposing Xatu's Rocky Helmet!</small><br></div><div class="spacer battle-history"><br></div><div class="battle-history"><small>Alomomola restored a little HP using its Leftovers!</small><br></div><div class="battle-history"><small>Alomomola was hurt by poison!</small><br></div><div class="spacer battle-history"><br></div><h2 class="battle-history">Turn 41</h2><div class="spacer battle-history"><br></div><div class="battle-history">The opposing Xatu used <strong>Roost</strong>!<br></div><div class="battle-history"><small>The opposing Xatu restored its HP.</small><br></div><div class="spacer battle-history"><br></div><div class="battle-history">Alomomola used <strong>Wish</strong>!<br></div><div class="spacer battle-history"><br></div><div class="battle-history"><small>Alomomola restored a little HP using its Leftovers!</small><br></div><div class="battle-history"><small>Alomomola was hurt by poison!</small><br></div><div class="spacer battle-history"><br></div><h2 class="battle-history">Turn 42</h2><div class="spacer battle-history"><br></div><div class="battle-history">Alomomola, come back!<br></div><div class="battle-history">Go! <strong>Registeel</strong>!<br></div><div class="battle-history"><small>Pointed stones dug into Registeel!</small><br></div><div class="spacer battle-history"><br></div><div class="battle-history">The opposing Xatu used <strong>U-turn</strong>!<br></div><div class="battle-history"><small>It's not very effective...</small><br></div><div class="battle-history"><small>(Registeel lost <abbr title="−15/364">4.1%</abbr> of its health!)</small><br></div><div class="spacer battle-history"><br></div><div class="battle-history">The opposing Xatu went back to Eren 乇乂!<br></div><div class="battle-history">Eren 乇乂 sent out <strong>Scrafty</strong>!<br></div><div class="spacer battle-history"><br></div><div class="battle-history"><small>Alomomola's wish came true!</small><br></div><div class="spacer battle-history"><br></div><h2 class="battle-history">Turn 43</h2><div class="spacer battle-history"><br></div><div class="battle-history">Eren 乇乂 withdrew Scrafty!<br></div><div class="battle-history">Eren 乇乂 sent out <strong>Xatu</strong>!<br></div><div class="spacer battle-history"><br></div><div class="battle-history">Registeel, come back!<br></div><div class="battle-history">Go! <strong>Venusaur</strong>!<br></div><div class="battle-history"><small>Pointed stones dug into Venusaur!</small><br></div><div class="spacer battle-history"><br></div><div class="battle-history"><small>Venusaur restored a little HP using its Black Sludge!</small><br></div><div class="spacer battle-history"><br></div><h2 class="battle-history">Turn 44</h2><div class="spacer battle-history"><br></div><div class="battle-history">Venusaur, come back!<br></div><div class="battle-history">Go! <strong>Alomomola</strong>!<br></div><div class="battle-history"><small>Pointed stones dug into Alomomola!</small><br></div><div class="spacer battle-history"><br></div><div class="battle-history">The opposing Xatu used <strong>Night Shade</strong>!<br></div><div class="battle-history"><small>(Alomomola lost <abbr title="−100/497">20.1%</abbr> of its health!)</small><br></div><div class="spacer battle-history"><br></div><div class="battle-history"><small>Alomomola restored a little HP using its Leftovers!</small><br></div><div class="battle-history"><small>Alomomola was hurt by poison!</small><br></div><div class="spacer battle-history"><br></div><h2 class="battle-history">Turn 45</h2><div class="spacer battle-history"><br></div><div class="battle-history">The opposing Xatu used <strong>U-turn</strong>!<br></div><div class="battle-history"><small>(Alomomola lost <abbr title="−48/497">9.7%</abbr> of its health!)</small><br></div><div class="spacer battle-history"><br></div><div class="battle-history">The opposing Xatu went back to Eren 乇乂!<br></div><div class="battle-history">Eren 乇乂 sent out <strong>Scrafty</strong>!<br></div><div class="spacer battle-history"><br></div><div class="battle-history">Alomomola used <strong>Wish</strong>!<br></div><div class="spacer battle-history"><br></div><div class="battle-history"><small>Alomomola restored a little HP using its Leftovers!</small><br></div><div class="battle-history"><small>Alomomola was hurt by poison!</small><br></div><div class="spacer battle-history"><br></div><h2 class="battle-history">Turn 46</h2><div class="spacer battle-history"><br></div><div class="battle-history">Alomomola, come back!<br></div><div class="battle-history">Go! <strong>Diancie</strong>!<br></div><div class="battle-history"><small>Pointed stones dug into Diancie!</small><br></div><div class="spacer battle-history"><br></div><div class="battle-history">The opposing Scrafty used <strong>Knock Off</strong>!<br></div><div class="battle-history"><small>It's not very effective...</small><br></div><div class="battle-history"><small>(Diancie lost <abbr title="−37/304">12.2%</abbr> of its health!)</small><br></div><div class="battle-history"><small>The opposing Scrafty knocked off Diancie's Leftovers!</small><br></div><div class="spacer battle-history"><br></div><div class="battle-history"><small>Alomomola's wish came true!</small><br></div><div class="battle-history"><small>Diancie was hurt by poison!</small><br></div><div class="spacer battle-history"><br></div><h2 class="battle-history">Turn 47</h2><div class="spacer battle-history"><br></div><div class="battle-history">Eren 乇乂 withdrew Scrafty!<br></div><div class="battle-history">Eren 乇乂 sent out <strong>Jellicent</strong>!<br></div><div class="spacer battle-history"><br></div><div class="battle-history">Diancie used <strong>Heal Bell</strong>!<br></div><div class="battle-history"><small>A bell chimed!</small><br></div><div class="battle-history"><small>Diancie was cured of its poisoning.</small><br></div><div class="battle-history"><small>Alomomola was cured of its poisoning.</small><br></div><div class="spacer battle-history"><br></div><h2 class="battle-history">Turn 48</h2><div class="spacer battle-history"><br></div><div class="battle-history">Diancie, come back!<br></div><div class="battle-history">Go! <strong>Venusaur</strong>!<br></div><div class="battle-history"><small>Pointed stones dug into Venusaur!</small><br></div><div class="spacer battle-history"><br></div><div class="battle-history">The opposing Jellicent used <strong>Scald</strong>!<br></div><div class="battle-history"><small>It's not very effective...</small><br></div><div class="battle-history"><small>(Venusaur lost <abbr title="−41/364">11.3%</abbr> of its health!)</small><br></div><div class="spacer battle-history"><br></div><div class="battle-history"><small>Venusaur restored a little HP using its Black Sludge!</small><br></div><div class="spacer battle-history"><br></div><h2 class="battle-history">Turn 49</h2><div class="spacer battle-history"><br></div><div class="battle-history">Venusaur, come back!<br></div><div class="battle-history">Go! <strong>Registeel</strong>!<br></div><div class="battle-history"><small>Pointed stones dug into Registeel!</small><br></div><div class="spacer battle-history"><br></div><div class="battle-history">Eren 乇乂 withdrew Jellicent!<br></div><div class="battle-history">Eren 乇乂 sent out <strong>Escavalier</strong>!<br></div><div class="spacer battle-history"><br></div><div class="battle-history"><small>Registeel restored a little HP using its Leftovers!</small><br></div><div class="battle-history"><small>The opposing Escavalier restored a little HP using its Leftovers!</small><br></div><div class="spacer battle-history"><br></div><h2 class="battle-history">Turn 50</h2><div class="spacer battle-history"><br></div><div class="battle-history">Registeel, come back!<br></div><div class="battle-history">Go! <strong>Alomomola</strong>!<br></div><div class="battle-history"><small>Pointed stones dug into Alomomola!</small><br></div><div class="spacer battle-history"><br></div><div class="battle-history">Eren 乇乂 withdrew Escavalier!<br></div><div class="battle-history">Eren 乇乂 sent out <strong>Xatu</strong>!<br></div><div class="spacer battle-history"><br></div><div class="battle-history"><small>Alomomola restored a little HP using its Leftovers!</small><br></div><div class="spacer battle-history"><br></div><h2 class="battle-history">Turn 51</h2><div class="spacer battle-history"><br></div><div class="battle-history">Alomomola used <strong>Protect</strong>!<br></div><div class="battle-history"><small>Alomomola protected itself!</small><br></div><div class="spacer battle-history"><br></div><div class="battle-history">The opposing Xatu used <strong>U-turn</strong>!<br></div><div class="battle-history"><small>Alomomola protected itself!</small><br></div><div class="spacer battle-history"><br></div><div class="battle-history"><small>Alomomola restored a little HP using its Leftovers!</small><br></div><div class="spacer battle-history"><br></div><h2 class="battle-history">Turn 52</h2><div class="spacer battle-history"><br></div><div class="battle-history">Alomomola, come back!<br></div><div class="battle-history">Go! <strong>Registeel</strong>!<br></div><div class="battle-history"><small>Pointed stones dug into Registeel!</small><br></div><div class="spacer battle-history"><br></div><div class="battle-history">The opposing Xatu used <strong>Toxic</strong>!<br></div><div class="battle-history"><small>It doesn't affect Registeel...</small><br></div><div class="spacer battle-history"><br></div><div class="battle-history"><small>Registeel restored a little HP using its Leftovers!</small><br></div><div class="spacer battle-history"><br></div><h2 class="battle-history">Turn 53</h2><div class="spacer battle-history"><br></div><div class="battle-history">Eren 乇乂 withdrew Xatu!<br></div><div class="battle-history">Eren 乇乂 sent out <strong>Scrafty</strong>!<br></div><div class="spacer battle-history"><br></div><div class="battle-history">Registeel used <strong>Protect</strong>!<br></div><div class="battle-history"><small>But it failed!</small><br></div><div class="spacer battle-history"><br></div><h2 class="battle-history">Turn 54</h2><div class="spacer battle-history"><br></div><div class="battle-history">The opposing Scrafty used <strong>High Jump Kick</strong>!<br></div><div class="battle-history"><small>It's super effective!</small><br></div><div class="battle-history"><small>(Registeel lost <abbr title="−258/364">70.9%</abbr> of its health!)</small><br></div><div class="spacer battle-history"><br></div><div class="battle-history">Registeel used <strong>Toxic</strong>!<br></div><div class="battle-history"><small>The opposing Scrafty avoided the attack!</small><br></div><div class="spacer battle-history"><br></div><div class="battle-history"><small>Registeel restored a little HP using its Leftovers!</small><br></div><div class="spacer battle-history"><br></div><h2 class="battle-history">Turn 55</h2><div class="chat chatmessage-eren"><strong style="color:hsl(283,71%,48%)"><small>☆</small><span class="username" data-name="Eren 乇乂">Eren 乇乂</span>:</strong> <em>sorry</em></div><div class="spacer battle-history"><br></div><div class="battle-history">Eren 乇乂 withdrew Scrafty!<br></div><div class="battle-history">Eren 乇乂 sent out <strong>Xatu</strong>!<br></div><div class="spacer battle-history"><br></div><div class="battle-history">Registeel, come back!<br></div><div class="battle-history">Go! <strong>Alomomola</strong>!<br></div><div class="battle-history"><small>Pointed stones dug into Alomomola!</small><br></div><div class="spacer battle-history"><br></div><div class="battle-history"><small>Alomomola restored a little HP using its Leftovers!</small><br></div><div class="spacer battle-history"><br></div><h2 class="battle-history">Turn 56</h2><div class="chat chatmessage-flimsyman"><strong style="color:hsl(332,41%,50.576996913572984%)"><small> </small><span class="username" data-name="Flimsy Man">Flimsy Man</span>:</strong> <em>i've never used any of these mons in this teir before</em></div><div class="chat chatmessage-silentverse"><strong style="color:hsl(83,82%,33.26463036148518%)"><small>☆</small><span class="username" data-name="SilentVerse">SilentVerse</span>:</strong> <em>same tbh</em></div><div class="spacer battle-history"><br></div><div class="battle-history">Eren 乇乂 withdrew Xatu!<br></div><div class="battle-history">Eren 乇乂 sent out <strong>Jellicent</strong>!<br></div><div class="spacer battle-history"><br></div><div class="battle-history">Alomomola used <strong>Wish</strong>!<br></div><div class="spacer battle-history"><br></div><div class="battle-history"><small>Alomomola restored a little HP using its Leftovers!</small><br></div><div class="spacer battle-history"><br></div><h2 class="battle-history">Turn 57</h2><div class="spacer battle-history"><br></div><div class="battle-history">Alomomola, come back!<br></div><div class="battle-history">Go! <strong>Registeel</strong>!<br></div><div class="battle-history"><small>Pointed stones dug into Registeel!</small><br></div><div class="spacer battle-history"><br></div><div class="battle-history">The opposing Jellicent used <strong>Scald</strong>!<br></div><div class="battle-history"><small>(Registeel lost <abbr title="−45/364">12.4%</abbr> of its health!)</small><br></div><div class="battle-history"><small>Registeel was burned!</small><br></div><div class="spacer battle-history"><br></div><div class="battle-history"><small>Alomomola's wish came true!</small><br></div><div class="battle-history"><small>Registeel restored a little HP using its Leftovers!</small><br></div><div class="battle-history"><small>Registeel was hurt by its burn!</small><br></div><div class="spacer battle-history"><br></div><h2 class="battle-history">Turn 58</h2><div class="spacer battle-history"><br></div><div class="battle-history">Registeel, come back!<br></div><div class="battle-history">Go! <strong>Alomomola</strong>!<br></div><div class="battle-history"><small>Pointed stones dug into Alomomola!</small><br></div><div class="spacer battle-history"><br></div><div class="battle-history">The opposing Jellicent used <strong>Taunt</strong>!<br></div><div class="battle-history"><small>Alomomola fell for the taunt!</small><br></div><div class="spacer battle-history"><br></div><div class="battle-history"><small>Alomomola restored a little HP using its Leftovers!</small><br></div><div class="spacer battle-history"><br></div><h2 class="battle-history">Turn 59</h2><div class="spacer battle-history"><br></div><div class="battle-history">Alomomola, come back!<br></div><div class="battle-history">Go! <strong>Flygon</strong>!<br></div><div class="battle-history"><small>Pointed stones dug into Flygon!</small><br></div><div class="spacer battle-history"><br></div><div class="battle-history">The opposing Jellicent used <strong>Scald</strong>!<br></div><div class="battle-history"><small>(Flygon lost <abbr title="−105/364">28.8%</abbr> of its health!)</small><br></div><div class="spacer battle-history"><br></div><div class="battle-history"><small>Flygon restored a little HP using its Leftovers!</small><br></div><div class="spacer battle-history"><br></div><h2 class="battle-history">Turn 60</h2><div class="chat chatmessage-flimsyman"><strong style="color:hsl(332,41%,50.576996913572984%)"><small> </small><span class="username" data-name="Flimsy Man">Flimsy Man</span>:</strong> <em>but i've used ambipom</em></div><div class="spacer battle-history"><br></div><div class="battle-history">Flygon used <strong>Defog</strong>!<br></div><div class="battle-history"><small>The opposing Jellicent's evasiveness fell!</small><br></div><div class="battle-history"><small>The pointed stones disappeared from around your team!</small><br></div><div class="spacer battle-history"><br></div><div class="battle-history">The opposing Jellicent used <strong>Scald</strong>!<br></div><div class="battle-history"><small>(Flygon lost <abbr title="−99/364">27.2%</abbr> of its health!)</small><br></div><div class="battle-history"><small>Flygon was burned!</small><br></div><div class="spacer battle-history"><br></div><div class="battle-history"><small>Flygon restored a little HP using its Leftovers!</small><br></div><div class="battle-history"><small>Flygon was hurt by its burn!</small><br></div><div class="spacer battle-history"><br></div><h2 class="battle-history">Turn 61</h2><div class="spacer battle-history"><br></div><div class="battle-history">Eren 乇乂 withdrew Jellicent!<br></div><div class="battle-history">Eren 乇乂 sent out <strong>Xatu</strong>!<br></div><div class="spacer battle-history"><br></div><div class="battle-history">Flygon used <strong>Roost</strong>!<br></div><div class="battle-history"><small>Flygon restored its HP.</small><br></div><div class="spacer battle-history"><br></div><div class="battle-history"><small>Flygon restored a little HP using its Leftovers!</small><br></div><div class="battle-history"><small>Flygon was hurt by its burn!</small><br></div><div class="spacer battle-history"><br></div><h2 class="battle-history">Turn 62</h2><div class="chat chatmessage-flimsyman"><strong style="color:hsl(332,41%,50.576996913572984%)"><small> </small><span class="username" data-name="Flimsy Man">Flimsy Man</span>:</strong> <em>and banded heracross</em></div><div class="spacer battle-history"><br></div><div class="battle-history">Flygon, come back!<br></div><div class="battle-history">Go! <strong>Alomomola</strong>!<br></div><div class="spacer battle-history"><br></div><div class="battle-history">The opposing Xatu used <strong>U-turn</strong>!<br></div><div class="battle-history"><small>(Alomomola lost <abbr title="−42/497">8.5%</abbr> of its health!)</small><br></div><div class="chat chatmessage-flimsyman"><strong style="color:hsl(332,41%,50.576996913572984%)"><small> </small><span class="username" data-name="Flimsy Man">Flimsy Man</span>:</strong> <em>is that a curse registeel</em></div><div class="spacer battle-history"><br></div><div class="battle-history">The opposing Xatu went back to Eren 乇乂!<br></div><div class="battle-history">Eren 乇乂 sent out <strong>Venusaur</strong>!<br></div><div class="spacer battle-history"><br></div><div class="battle-history"><small>Alomomola restored a little HP using its Leftovers!</small><br></div><div class="battle-history"><small>The opposing Venusaur was hurt by its burn!</small><br></div><div class="spacer battle-history"><br></div><h2 class="battle-history">Turn 63</h2><div class="spacer battle-history"><br></div><div class="battle-history">Eren 乇乂 withdrew Venusaur!<br></div><div class="battle-history">Eren 乇乂 sent out <strong>Escavalier</strong>!<br></div><div class="spacer battle-history"><br></div><div class="battle-history">Alomomola, come back!<br></div><div class="battle-history">Go! <strong>Venusaur</strong>!<br></div><div class="spacer battle-history"><br></div><div class="battle-history"><small>Venusaur restored a little HP using its Black Sludge!</small><br></div><div class="battle-history"><small>The opposing Escavalier restored a little HP using its Leftovers!</small><br></div><div class="spacer battle-history"><br></div><h2 class="battle-history">Turn 64</h2><div class="spacer battle-history"><br></div><div class="battle-history">Venusaur, come back!<br></div><div class="battle-history">Go! <strong>Alomomola</strong>!<br></div><div class="spacer battle-history"><br></div><div class="battle-history">The opposing Escavalier used <strong>Megahorn</strong>!<br></div><div class="battle-history"><small>Alomomola avoided the attack!</small><br></div><div class="spacer battle-history"><br></div><div class="battle-history"><small>The opposing Escavalier restored a little HP using its Leftovers!</small><br></div><div class="spacer battle-history"><br></div><h2 class="battle-history">Turn 65</h2><div class="spacer battle-history"><br></div><div class="battle-history">Alomomola used <strong>Knock Off</strong>!<br></div><div class="battle-history"><small>(The opposing Escavalier lost <abbr title="−60/343">17.5%</abbr> of its health!)</small><br></div><div class="battle-history"><small>Alomomola knocked off the opposing Escavalier's Leftovers!</small><br></div><div class="spacer battle-history"><br></div><div class="battle-history">The opposing Escavalier used <strong>Swords Dance</strong>!<br></div><div class="battle-history"><small>The opposing Escavalier's Attack rose sharply!</small><br></div><div class="spacer battle-history"><br></div><h2 class="battle-history">Turn 66</h2><div class="spacer battle-history"><br></div><div class="battle-history">Alomomola used <strong>Waterfall</strong>!<br></div><div class="battle-history"><small>(The opposing Escavalier lost <abbr title="−70/343">20.4%</abbr> of its health!)</small><br></div><div class="spacer battle-history"><br></div><div class="battle-history">The opposing Escavalier used <strong>Megahorn</strong>!<br></div><div class="battle-history"><small>(Alomomola lost <abbr title="−391/497">78.7%</abbr> of its health!)</small><br></div><div class="spacer battle-history"><br></div><div class="battle-history"><small>Alomomola restored a little HP using its Leftovers!</small><br></div><div class="spacer battle-history"><br></div><h2 class="battle-history">Turn 67</h2><div class="chat"><small>spookysocialist joined.</small></div><div class="spacer battle-history"><br></div><div class="battle-history">Alomomola, come back!<br></div><div class="battle-history">Go! <strong>Registeel</strong>!<br></div><div class="spacer battle-history"><br></div><div class="battle-history">The opposing Escavalier used <strong>Swords Dance</strong>!<br></div><div class="battle-history"><small>The opposing Escavalier's Attack rose sharply!</small><br></div><div class="spacer battle-history"><br></div><div class="battle-history"><small>Registeel restored a little HP using its Leftovers!</small><br></div><div class="battle-history"><small>Registeel was hurt by its burn!</small><br></div><div class="spacer battle-history"><br></div><h2 class="battle-history">Turn 68</h2><div class="spacer battle-history"><br></div><div class="battle-history">Registeel used <strong>Seismic Toss</strong>!<br></div><div class="battle-history"><small>(The opposing Escavalier lost <abbr title="−100/343">29.2%</abbr> of its health!)</small><br></div><div class="spacer battle-history"><br></div><div class="battle-history">The opposing Escavalier used <strong>Rest</strong>!<br></div><div class="battle-history"><small>The opposing Escavalier fell asleep!</small><br></div><div class="battle-history"><small>The opposing Escavalier slept and became healthy!</small><br></div><div class="spacer battle-history"><br></div><div class="battle-history"><small>Registeel restored a little HP using its Leftovers!</small><br></div><div class="battle-history"><small>Registeel was hurt by its burn!</small><br></div><div class="spacer battle-history"><br></div><h2 class="battle-history">Turn 69</h2><div class="spacer battle-history"><br></div><div class="battle-history">Registeel, come back!<br></div><div class="battle-history">Go! <strong>Spiritomb</strong>!<br></div><div class="spacer battle-history"><br></div><div class="battle-history">The opposing Escavalier is fast asleep.<br></div><div class="spacer battle-history"><br></div><div class="battle-history">The opposing Escavalier used <strong>Sleep Talk</strong>!<br></div><div class="spacer battle-history"><br></div><div class="battle-history">The opposing Escavalier used <strong>Swords Dance</strong>!<br></div><div class="battle-history"><small>The opposing Escavalier's Attack rose sharply!</small><br></div><div class="spacer battle-history"><br></div><h2 class="battle-history">Turn 70</h2><div class="chat"><small>Syl♥ie Lyyneheym joined.</small></div><div class="spacer battle-history"><br></div><div class="battle-history">Eren 乇乂 withdrew Escavalier!<br></div><div class="battle-history">Eren 乇乂 sent out <strong>Scrafty</strong>!<br></div><div class="spacer battle-history"><br></div><div class="battle-history">Spiritomb used <strong>Foul Play</strong>!<br></div><div class="battle-history"><small>It's not very effective...</small><br></div><div class="battle-history"><small>(The opposing Scrafty lost <abbr title="−27/273">9.9%</abbr> of its health!)</small><br></div><div class="spacer battle-history"><br></div><div class="battle-history"><small>The opposing Scrafty restored a little HP using its Leftovers!</small><br></div><div class="spacer battle-history"><br></div><h2 class="battle-history">Turn 71</h2><div class="spacer battle-history"><br></div><div class="battle-history">Spiritomb, come back!<br></div><div class="battle-history">Go! <strong>Venusaur</strong>!<br></div><div class="spacer battle-history"><br></div><div class="battle-history">The opposing Scrafty used <strong>Dragon Dance</strong>!<br></div><div class="battle-history"><small>The opposing Scrafty's Attack rose!</small><br></div><div class="battle-history"><small>The opposing Scrafty's Speed rose!</small><br></div><div class="spacer battle-history"><br></div><div class="battle-history"><small>The opposing Scrafty restored a little HP using its Leftovers!</small><br></div><div class="battle-history"><small>Venusaur restored a little HP using its Black Sludge!</small><br></div><div class="spacer battle-history"><br></div><h2 class="battle-history">Turn 72</h2><div class="spacer battle-history"><br></div><div class="battle-history">The opposing Scrafty used <strong>Knock Off</strong>!<br></div><div class="battle-history"><small>(Venusaur lost <abbr title="−171/364">47.0%</abbr> of its health!)</small><br></div><div class="battle-history"><small>The opposing Scrafty knocked off Venusaur's Black Sludge!</small><br></div><div class="spacer battle-history"><br></div><div class="battle-history">Venusaur used <strong>Roar</strong>!<br></div><div class="spacer battle-history"><br></div><div class="battle-history"><strong>Xatu</strong> was dragged out!<br></div><div class="spacer battle-history"><br></div><h2 class="battle-history">Turn 73</h2><div class="spacer battle-history"><br></div><div class="battle-history">The opposing Xatu used <strong>U-turn</strong>!<br></div><div class="battle-history"><small>(Venusaur lost <abbr title="−39/364">10.7%</abbr> of its health!)</small><br></div><div class="spacer battle-history"><br></div><div class="battle-history">The opposing Xatu went back to Eren 乇乂!<br></div><div class="battle-history">Eren 乇乂 sent out <strong>Escavalier</strong>!<br></div><div class="spacer battle-history"><br></div><div class="battle-history">Venusaur used <strong>Synthesis</strong>!<br></div><div class="battle-history"><small>Venusaur restored its HP.</small><br></div><div class="spacer battle-history"><br></div><h2 class="battle-history">Turn 74</h2><div class="spacer battle-history"><br></div><div class="battle-history">Venusaur, come back!<br></div><div class="battle-history">Go! <strong>Diancie</strong>!<br></div><div class="spacer battle-history"><br></div><div class="battle-history">The opposing Escavalier is fast asleep.<br></div><div class="spacer battle-history"><br></div><div class="battle-history">The opposing Escavalier used <strong>Sleep Talk</strong>!<br></div><div class="spacer battle-history"><br></div><div class="battle-history">The opposing Escavalier used <strong>Megahorn</strong>!<br></div><div class="battle-history"><small>It's not very effective...</small><br></div><div class="battle-history"><small>(Diancie lost <abbr title="−54/304">17.8%</abbr> of its health!)</small><br></div><div class="spacer battle-history"><br></div><h2 class="battle-history">Turn 75</h2><div class="chat"><small>Kableye ½ joined.</small></div><div class="spacer battle-history"><br></div><div class="battle-history">Diancie used <strong>Diamond Storm</strong>!<br></div><div class="battle-history"><small>A critical hit!</small><br></div><div class="battle-history"><small>(The opposing Escavalier lost <abbr title="−160/343">46.6%</abbr> of its health!)</small><br></div><div class="battle-history"><small>Diancie's Defense rose!</small><br></div><div class="battle-history"><small>The opposing Escavalier woke up!</small><br></div><div class="spacer battle-history"><br></div><div class="battle-history">The opposing Escavalier used <strong>Swords Dance</strong>!<br></div><div class="battle-history"><small>The opposing Escavalier's Attack rose sharply!</small><br></div><div class="spacer battle-history"><br></div><h2 class="battle-history">Turn 76</h2><div class="spacer battle-history"><br></div><div class="battle-history">Eren 乇乂 withdrew Escavalier!<br></div><div class="battle-history">Eren 乇乂 sent out <strong>Xatu</strong>!<br></div><div class="spacer battle-history"><br></div><div class="battle-history">Diancie used <strong>Stealth Rock</strong>!<br></div><div class="spacer battle-history"><br></div><div class="battle-history"><small>[The opposing Xatu's Magic Bounce]</small><br>The opposing Xatu bounced the Stealth Rock back!<br></div><div class="battle-history"><small>Pointed stones float in the air around your team!</small><br></div><div class="spacer battle-history"><br></div><h2 class="battle-history">Turn 77</h2><div class="spacer battle-history"><br></div><div class="battle-history">The opposing Xatu used <strong>U-turn</strong>!<br></div><div class="battle-history"><small>It's not very effective...</small><br></div><div class="battle-history"><small>(Diancie lost <abbr title="−7/304">2.3%</abbr> of its health!)</small><br></div><div class="spacer battle-history"><br></div><div class="battle-history">The opposing Xatu went back to Eren 乇乂!<br></div><div class="battle-history">Eren 乇乂 sent out <strong>Jellicent</strong>!<br></div><div class="spacer battle-history"><br></div><div class="battle-history">Diancie used <strong>Diamond Storm</strong>!<br></div><div class="battle-history"><small>(The opposing Jellicent lost <abbr title="−121/404">30.0%</abbr> of its health!)</small><br></div><div class="battle-history"><small>Diancie's Defense rose!</small><br></div><div class="spacer battle-history"><br></div><h2 class="battle-history">Turn 78</h2><div class="spacer battle-history"><br></div><div class="battle-history">Diancie, come back!<br></div><div class="battle-history">Go! <strong>Flygon</strong>!<br></div><div class="battle-history"><small>Pointed stones dug into Flygon!</small><br></div><div class="spacer battle-history"><br></div><div class="battle-history">The opposing Jellicent used <strong>Taunt</strong>!<br></div><div class="battle-history"><small>Flygon fell for the taunt!</small><br></div><div class="spacer battle-history"><br></div><div class="battle-history"><small>Flygon restored a little HP using its Leftovers!</small><br></div><div class="battle-history"><small>Flygon was hurt by its burn!</small><br></div><div class="spacer battle-history"><br></div><h2 class="battle-history">Turn 79</h2><div class="spacer battle-history"><br></div><div class="battle-history">Flygon used <strong>Earthquake</strong>!<br></div><div class="battle-history"><small>(The opposing Jellicent lost <abbr title="−61/404">15.1%</abbr> of its health!)</small><br></div><div class="spacer battle-history"><br></div><div class="battle-history">The opposing Jellicent used <strong>Recover</strong>!<br></div><div class="battle-history"><small>The opposing Jellicent restored its HP.</small><br></div><div class="spacer battle-history"><br></div><div class="battle-history"><small>Flygon restored a little HP using its Leftovers!</small><br></div><div class="battle-history"><small>Flygon was hurt by its burn!</small><br></div><div class="spacer battle-history"><br></div><h2 class="battle-history">Turn 80</h2><div class="spacer battle-history"><br></div><div class="battle-history">Flygon, come back!<br></div><div class="battle-history">Go! <strong>Venusaur</strong>!<br></div><div class="battle-history"><small>Pointed stones dug into Venusaur!</small><br></div><div class="spacer battle-history"><br></div><div class="battle-history">The opposing Jellicent used <strong>Hex</strong>!<br></div><div class="battle-history"><small>(Venusaur lost <abbr title="−60/364">16.5%</abbr> of its health!)</small><br></div><div class="spacer battle-history"><br></div><h2 class="battle-history">Turn 81</h2><div class="spacer battle-history"><br></div><div class="battle-history">Eren 乇乂 withdrew Jellicent!<br></div><div class="battle-history">Eren 乇乂 sent out <strong>Escavalier</strong>!<br></div><div class="spacer battle-history"><br></div><div class="battle-history">Venusaur used <strong>Synthesis</strong>!<br></div><div class="battle-history"><small>Venusaur restored its HP.</small><br></div><div class="spacer battle-history"><br></div><h2 class="battle-history">Turn 82</h2><div class="spacer battle-history"><br></div><div class="battle-history">The opposing Escavalier used <strong>Rest</strong>!<br></div><div class="battle-history"><small>The opposing Escavalier fell asleep!</small><br></div><div class="battle-history"><small>The opposing Escavalier slept and became healthy!</small><br></div><div class="spacer battle-history"><br></div><div class="battle-history">Venusaur used <strong>Roar</strong>!<br></div><div class="spacer battle-history"><br></div><div class="battle-history"><strong>Jellicent</strong> was dragged out!<br></div><div class="spacer battle-history"><br></div><h2 class="battle-history">Turn 83</h2><div class="spacer battle-history"><br></div><div class="battle-history">Eren 乇乂 withdrew Jellicent!<br></div><div class="battle-history">Eren 乇乂 sent out <strong>Escavalier</strong>!<br></div><div class="spacer battle-history"><br></div><div class="battle-history">Venusaur used <strong>Giga Drain</strong>!<br></div><div class="battle-history"><small>It's not very effective...</small><br></div><div class="battle-history"><small>(The opposing Escavalier lost <abbr title="−16/343">4.7%</abbr> of its health!)</small><br></div><div class="battle-history"><small>The opposing Escavalier had its energy drained!</small><br></div><div class="spacer battle-history"><br></div><h2 class="battle-history">Turn 84</h2><div class="chat chatmessage-flimsyman"><strong style="color:hsl(332,41%,50.576996913572984%)"><small> </small><span class="username" data-name="Flimsy Man">Flimsy Man</span>:</strong> <em>the prediction</em></div><div class="chat chatmessage-flimsyman"><strong style="color:hsl(332,41%,50.576996913572984%)"><small> </small><span class="username" data-name="Flimsy Man">Flimsy Man</span>:</strong> <em>this game</em></div><div class="chat chatmessage-flimsyman"><strong style="color:hsl(332,41%,50.576996913572984%)"><small> </small><span class="username" data-name="Flimsy Man">Flimsy Man</span>:</strong> <em>is so long</em></div><div class="spacer battle-history"><br></div><div class="battle-history">Venusaur, come back!<br></div><div class="battle-history">Go! <strong>Alomomola</strong>!<br></div><div class="battle-history"><small>Pointed stones dug into Alomomola!</small><br></div><div class="spacer battle-history"><br></div><div class="battle-history">Eren 乇乂 withdrew Escavalier!<br></div><div class="battle-history">Eren 乇乂 sent out <strong>Venusaur</strong>!<br></div><div class="spacer battle-history"><br></div><div class="battle-history"><small>Alomomola restored a little HP using its Leftovers!</small><br></div><div class="battle-history"><small>The opposing Venusaur was hurt by its burn!</small><br></div><div class="spacer battle-history"><br></div><h2 class="battle-history">Turn 85</h2><div class="chat chatmessage-flimsyman"><strong style="color:hsl(332,41%,50.576996913572984%)"><small> </small><span class="username" data-name="Flimsy Man">Flimsy Man</span>:</strong> <em>how many games have you two played against eachother</em></div><div class="spacer battle-history"><br></div><div class="battle-history">Alomomola, come back!<br></div><div class="battle-history">Go! <strong>Venusaur</strong>!<br></div><div class="battle-history"><small>Pointed stones dug into Venusaur!</small><br></div><div class="spacer battle-history"><br></div><div class="battle-history">The opposing Venusaur used <strong>Synthesis</strong>!<br></div><div class="battle-history"><small>The opposing Venusaur restored its HP.</small><br></div><div class="spacer battle-history"><br></div><div class="battle-history"><small>The opposing Venusaur was hurt by its burn!</small><br></div><div class="spacer battle-history"><br></div><h2 class="battle-history">Turn 86</h2><div class="chat chatmessage-eren"><strong style="color:hsl(283,71%,48%)"><small>☆</small><span class="username" data-name="Eren 乇乂">Eren 乇乂</span>:</strong> <em>0</em></div><div class="chat"><small>North joined.</small></div><div class="chat chatmessage-flimsyman"><strong style="color:hsl(332,41%,50.576996913572984%)"><small> </small><span class="username" data-name="Flimsy Man">Flimsy Man</span>:</strong> <em>what</em></div><div class="spacer battle-history"><br></div><div class="battle-history">Eren 乇乂 withdrew Venusaur!<br></div><div class="battle-history">Eren 乇乂 sent out <strong>Escavalier</strong>!<br></div><div class="spacer battle-history"><br></div><div class="battle-history">Venusaur, come back!<br></div><div class="battle-history">Go! <strong>Alomomola</strong>!<br></div><div class="battle-history"><small>Pointed stones dug into Alomomola!</small><br></div><div class="spacer battle-history"><br></div><div class="battle-history"><small>Alomomola restored a little HP using its Leftovers!</small><br></div><div class="spacer battle-history"><br></div><h2 class="battle-history">Turn 87</h2><div class="spacer battle-history"><br></div><div class="battle-history">Alomomola used <strong>Wish</strong>!<br></div><div class="spacer battle-history"><br></div><div class="battle-history">The opposing Escavalier is fast asleep.<br></div><div class="spacer battle-history"><br></div><div class="battle-history">The opposing Escavalier used <strong>Sleep Talk</strong>!<br></div><div class="spacer battle-history"><br></div><div class="battle-history">The opposing Escavalier used <strong>Rest</strong>!<br></div><div class="battle-history"><small>But it failed!</small><br></div><div class="spacer battle-history"><br></div><div class="battle-history"><small>Alomomola restored a little HP using its Leftovers!</small><br></div><div class="spacer battle-history"><br></div><h2 class="battle-history">Turn 88</h2><div class="chat chatmessage-flimsyman"><strong style="color:hsl(332,41%,50.576996913572984%)"><small> </small><span class="username" data-name="Flimsy Man">Flimsy Man</span>:</strong> <em>there are still 12 mons on the feild</em></div><div class="chat chatmessage-flimsyman"><strong style="color:hsl(332,41%,50.576996913572984%)"><small> </small><span class="username" data-name="Flimsy Man">Flimsy Man</span>:</strong> <em>and these aren't really that stally of teams</em></div><div class="spacer battle-history"><br></div><div class="battle-history">Alomomola, come back!<br></div><div class="battle-history">Go! <strong>Diancie</strong>!<br></div><div class="battle-history"><small>Pointed stones dug into Diancie!</small><br></div><div class="spacer battle-history"><br></div><div class="battle-history">The opposing Escavalier is fast asleep.<br></div><div class="spacer battle-history"><br></div><div class="battle-history"><small>Alomomola's wish came true!</small><br></div><div class="spacer battle-history"><br></div><h2 class="battle-history">Turn 89</h2><div class="chat chatmessage-silentverse"><strong style="color:hsl(83,82%,33.26463036148518%)"><small>☆</small><span class="username" data-name="SilentVerse">SilentVerse</span>:</strong> <em>buddy</em></div><div class="chat"><small>Feliburn joined.</small></div><div class="spacer battle-history"><br></div><div class="battle-history">Eren 乇乂 withdrew Escavalier!<br></div><div class="battle-history">Eren 乇乂 sent out <strong>Xatu</strong>!<br></div><div class="spacer battle-history"><br></div><div class="battle-history">Diancie used <strong>Stealth Rock</strong>!<br></div><div class="spacer battle-history"><br></div><div class="battle-history"><small>[The opposing Xatu's Magic Bounce]</small><br>The opposing Xatu bounced the Stealth Rock back!<br></div><div class="battle-history"><small>But it failed!</small><br></div><div class="spacer battle-history"><br></div><h2 class="battle-history">Turn 90</h2><div class="chat chatmessage-flimsyman"><strong style="color:hsl(332,41%,50.576996913572984%)"><small> </small><span class="username" data-name="Flimsy Man">Flimsy Man</span>:</strong> <em>what</em></div><div class="spacer battle-history"><br></div><div class="battle-history">The opposing Xatu used <strong>Toxic</strong>!<br></div><div class="battle-history"><small>Diancie was badly poisoned!</small><br></div><div class="spacer battle-history"><br></div><div class="battle-history">Diancie used <strong>Heal Bell</strong>!<br></div><div class="battle-history"><small>A bell chimed!</small><br></div><div class="battle-history"><small>Diancie was cured of its poisoning.</small><br></div><div class="battle-history"><small>Registeel's burn was healed.</small><br></div><div class="battle-history"><small>Flygon's burn was healed.</small><br></div><div class="spacer battle-history"><br></div><h2 class="battle-history">Turn 91</h2><div class="spacer battle-history"><br></div><div class="battle-history">Diancie, come back!<br></div><div class="battle-history">Go! <strong>Flygon</strong>!<br></div><div class="battle-history"><small>Pointed stones dug into Flygon!</small><br></div><div class="spacer battle-history"><br></div><div class="battle-history">The opposing Xatu used <strong>U-turn</strong>!<br></div><div class="battle-history"><small>(Flygon lost <abbr title="−53/364">14.6%</abbr> of its health!)</small><br></div><div class="chat chatmessage-flimsyman"><strong style="color:hsl(332,41%,50.576996913572984%)"><small> </small><span class="username" data-name="Flimsy Man">Flimsy Man</span>:</strong> <em>buddy</em></div><div class="spacer battle-history"><br></div><div class="battle-history">The opposing Xatu went back to Eren 乇乂!<br></div><div class="battle-history">Eren 乇乂 sent out <strong>Scrafty</strong>!<br></div><div class="spacer battle-history"><br></div><div class="battle-history"><small>Flygon restored a little HP using its Leftovers!</small><br></div><div class="spacer battle-history"><br></div><h2 class="battle-history">Turn 92</h2><div class="chat chatmessage-flimsyman"><strong style="color:hsl(332,41%,50.576996913572984%)"><small> </small><span class="username" data-name="Flimsy Man">Flimsy Man</span>:</strong> <em>what</em></div><div class="spacer battle-history"><br></div><div class="battle-history">Flygon, come back!<br></div><div class="battle-history">Go! <strong>Venusaur</strong>!<br></div><div class="battle-history"><small>Pointed stones dug into Venusaur!</small><br></div><div class="spacer battle-history"><br></div><div class="battle-history">The opposing Scrafty used <strong>Dragon Dance</strong>!<br></div><div class="battle-history"><small>The opposing Scrafty's Attack rose!</small><br></div><div class="battle-history"><small>The opposing Scrafty's Speed rose!</small><br></div><div class="spacer battle-history"><br></div><h2 class="battle-history">Turn 93</h2><div class="chat"><small>pancake joined.</small></div><div class="spacer battle-history"><br></div><div class="battle-history">The opposing Scrafty used <strong>Knock Off</strong>!<br></div><div class="battle-history"><small>(Venusaur lost <abbr title="−130/364">35.7%</abbr> of its health!)</small><br></div><div class="spacer battle-history"><br></div><div class="battle-history">Venusaur used <strong>Roar</strong>!<br></div><div class="spacer battle-history"><br></div><div class="battle-history"><strong>Jellicent</strong> was dragged out!<br></div><div class="spacer battle-history"><br></div><h2 class="battle-history">Turn 94</h2><div class="spacer battle-history"><br></div><div class="battle-history">Venusaur used <strong>Synthesis</strong>!<br></div><div class="battle-history"><small>Venusaur restored its HP.</small><br></div><div class="spacer battle-history"><br></div><div class="battle-history">The opposing Jellicent used <strong>Taunt</strong>!<br></div><div class="battle-history"><small>Venusaur fell for the taunt!</small><br></div><div class="spacer battle-history"><br></div><h2 class="battle-history">Turn 95</h2><div class="spacer battle-history"><br></div><div class="battle-history">Venusaur, come back!<br></div><div class="battle-history">Go! <strong>Alomomola</strong>!<br></div><div class="battle-history"><small>Pointed stones dug into Alomomola!</small><br></div><div class="spacer battle-history"><br></div><div class="battle-history">Eren 乇乂 withdrew Jellicent!<br></div><div class="battle-history">Eren 乇乂 sent out <strong>Escavalier</strong>!<br></div><div class="spacer battle-history"><br></div><div class="battle-history"><small>Alomomola restored a little HP using its Leftovers!</small><br></div><div class="spacer battle-history"><br></div><h2 class="battle-history">Turn 96</h2><div class="chat"><small>North left.</small></div><div class="spacer battle-history"><br></div><div class="battle-history">Alomomola used <strong>Wish</strong>!<br></div><div class="battle-history"><small>The opposing Escavalier woke up!</small><br></div><div class="spacer battle-history"><br></div><div class="battle-history">The opposing Escavalier used <strong>Swords Dance</strong>!<br></div><div class="battle-history"><small>The opposing Escavalier's Attack rose sharply!</small><br></div><div class="spacer battle-history"><br></div><div class="battle-history"><small>Alomomola restored a little HP using its Leftovers!</small><br></div><div class="spacer battle-history"><br></div><h2 class="battle-history">Turn 97</h2><div class="spacer battle-history"><br></div><div class="battle-history">Alomomola, come back!<br></div><div class="battle-history">Go! <strong>Registeel</strong>!<br></div><div class="battle-history"><small>Pointed stones dug into Registeel!</small><br></div><div class="spacer battle-history"><br></div><div class="battle-history">The opposing Escavalier used <strong>Swords Dance</strong>!<br></div><div class="battle-history"><small>The opposing Escavalier's Attack rose sharply!</small><br></div><div class="spacer battle-history"><br></div><div class="battle-history"><small>Alomomola's wish came true!</small><br></div><div class="spacer battle-history"><br></div><h2 class="battle-history">Turn 98</h2><div class="spacer battle-history"><br></div><div class="battle-history">Registeel used <strong>Seismic Toss</strong>!<br></div><div class="battle-history"><small>(The opposing Escavalier lost <abbr title="−100/343">29.2%</abbr> of its health!)</small><br></div><div class="spacer battle-history"><br></div><div class="battle-history">The opposing Escavalier used <strong>Megahorn</strong>!<br></div><div class="battle-history"><small>It's not very effective...</small><br></div><div class="battle-history"><small>(Registeel lost <abbr title="−189/364">51.9%</abbr> of its health!)</small><br></div><div class="spacer battle-history"><br></div><div class="battle-history"><small>Registeel restored a little HP using its Leftovers!</small><br></div><div class="spacer battle-history"><br></div><h2 class="battle-history">Turn 99</h2><div class="spacer battle-history"><br></div><div class="battle-history">Registeel used <strong>Seismic Toss</strong>!<br></div><div class="battle-history"><small>(The opposing Escavalier lost <abbr title="−100/343">29.2%</abbr> of its health!)</small><br></div><div class="spacer battle-history"><br></div><div class="battle-history">The opposing Escavalier used <strong>Swords Dance</strong>!<br></div><div class="battle-history"><small>The opposing Escavalier's Attack rose sharply!</small><br></div><div class="spacer battle-history"><br></div><div class="battle-history"><small>Registeel restored a little HP using its Leftovers!</small><br></div><div class="spacer battle-history"><br></div><h2 class="battle-history">Turn 100</h2><div class="spacer battle-history"><br></div><div class="battle-history">Registeel, come back!<br></div><div class="battle-history">Go! <strong>Spiritomb</strong>!<br></div><div class="battle-history"><small>Pointed stones dug into Spiritomb!</small><br></div><div class="spacer battle-history"><br></div><div class="battle-history">The opposing Escavalier used <strong>Megahorn</strong>!<br></div><div class="battle-history"><small>Spiritomb avoided the attack!</small><br></div><div class="spacer battle-history"><br></div><div class="battle-history"><small>Spiritomb restored a little HP using its Leftovers!</small><br></div><div class="spacer battle-history"><br></div><h2 class="battle-history">Turn 101</h2><div class="chat chatmessage-silentverse"><strong style="color:hsl(83,82%,33.26463036148518%)"><small>☆</small><span class="username" data-name="SilentVerse">SilentVerse</span>:</strong> <em>predicted</em></div><div class="chat chatmessage-eren"><strong style="color:hsl(283,71%,48%)"><small>☆</small><span class="username" data-name="Eren 乇乂">Eren 乇乂</span>:</strong> <em>fuck</em></div><div class="chat chatmessage-silentverse"><strong style="color:hsl(83,82%,33.26463036148518%)"><small>☆</small><span class="username" data-name="SilentVerse">SilentVerse</span>:</strong> <em>tbh</em></div><div class="chat chatmessage-eren"><strong style="color:hsl(283,71%,48%)"><small>☆</small><span class="username" data-name="Eren 乇乂">Eren 乇乂</span>:</strong> <em>me</em></div><div class="spacer battle-history"><br></div><div class="battle-history">Eren 乇乂 withdrew Escavalier!<br></div><div class="battle-history">Eren 乇乂 sent out <strong>Scrafty</strong>!<br></div><div class="spacer battle-history"><br></div><div class="battle-history">Spiritomb used <strong>Foul Play</strong>!<br></div><div class="battle-history"><small>It's not very effective...</small><br></div><div class="battle-history"><small>(The opposing Scrafty lost <abbr title="−29/273">10.6%</abbr> of its health!)</small><br></div><div class="spacer battle-history"><br></div><div class="battle-history"><small>The opposing Scrafty restored a little HP using its Leftovers!</small><br></div><div class="battle-history"><small>Spiritomb restored a little HP using its Leftovers!</small><br></div><div class="spacer battle-history"><br></div><h2 class="battle-history">Turn 102</h2><div class="chat chatmessage-flimsyman"><strong style="color:hsl(332,41%,50.576996913572984%)"><small> </small><span class="username" data-name="Flimsy Man">Flimsy Man</span>:</strong> <em>the luck</em></div><div class="spacer battle-history"><br></div><div class="battle-history">Spiritomb, come back!<br></div><div class="battle-history">Go! <strong>Venusaur</strong>!<br></div><div class="battle-history"><small>Pointed stones dug into Venusaur!</small><br></div><div class="spacer battle-history"><br></div><div class="battle-history">The opposing Scrafty used <strong>Dragon Dance</strong>!<br></div><div class="battle-history"><small>The opposing Scrafty's Attack rose!</small><br></div><div class="battle-history"><small>The opposing Scrafty's Speed rose!</small><br></div><div class="spacer battle-history"><br></div><div class="battle-history"><small>The opposing Scrafty restored a little HP using its Leftovers!</small><br></div><div class="spacer battle-history"><br></div><h2 class="battle-history">Turn 103</h2><div class="spacer battle-history"><br></div><div class="battle-history">The opposing Scrafty used <strong>Knock Off</strong>!<br></div><div class="battle-history"><small>(Venusaur lost <abbr title="−115/364">31.6%</abbr> of its health!)</small><br></div><div class="spacer battle-history"><br></div><div class="battle-history">Venusaur used <strong>Roar</strong>!<br></div><div class="spacer battle-history"><br></div><div class="battle-history"><strong>Xatu</strong> was dragged out!<br></div><div class="spacer battle-history"><br></div><h2 class="battle-history">Turn 104</h2><div class="spacer battle-history"><br></div><div class="battle-history">The opposing Xatu used <strong>U-turn</strong>!<br></div><div class="battle-history"><small>(Venusaur lost <abbr title="−42/364">11.5%</abbr> of its health!)</small><br></div><div class="spacer battle-history"><br></div><div class="battle-history">The opposing Xatu went back to Eren 乇乂!<br></div><div class="battle-history">Eren 乇乂 sent out <strong>Escavalier</strong>!<br></div><div class="spacer battle-history"><br></div><div class="battle-history">Venusaur used <strong>Synthesis</strong>!<br></div><div class="battle-history"><small>Venusaur restored its HP.</small><br></div><div class="spacer battle-history"><br></div><h2 class="battle-history">Turn 105</h2><div class="spacer battle-history"><br></div><div class="battle-history">Venusaur, come back!<br></div><div class="battle-history">Go! <strong>Diancie</strong>!<br></div><div class="battle-history"><small>Pointed stones dug into Diancie!</small><br></div><div class="spacer battle-history"><br></div><div class="battle-history">The opposing Escavalier used <strong>Rest</strong>!<br></div><div class="battle-history"><small>The opposing Escavalier fell asleep!</small><br></div><div class="battle-history"><small>The opposing Escavalier slept and became healthy!</small><br></div><div class="spacer battle-history"><br></div><h2 class="battle-history">Turn 106</h2><div class="spacer battle-history"><br></div><div class="battle-history">Eren 乇乂 withdrew Escavalier!<br></div><div class="battle-history">Eren 乇乂 sent out <strong>Xatu</strong>!<br></div><div class="spacer battle-history"><br></div><div class="battle-history">Diancie used <strong>Stealth Rock</strong>!<br></div><div class="spacer battle-history"><br></div><div class="battle-history"><small>[The opposing Xatu's Magic Bounce]</small><br>The opposing Xatu bounced the Stealth Rock back!<br></div><div class="battle-history"><small>But it failed!</small><br></div><div class="spacer battle-history"><br></div><h2 class="battle-history">Turn 107</h2><div class="spacer battle-history"><br></div><div class="battle-history">The opposing Xatu used <strong>U-turn</strong>!<br></div><div class="battle-history"><small>It's not very effective...</small><br></div><div class="battle-history"><small>(Diancie lost <abbr title="−12/304">3.9%</abbr> of its health!)</small><br></div><div class="spacer battle-history"><br></div><div class="battle-history">The opposing Xatu went back to Eren 乇乂!<br></div><div class="battle-history">Eren 乇乂 sent out <strong>Jellicent</strong>!<br></div><div class="spacer battle-history"><br></div><div class="battle-history">Diancie used <strong>Diamond Storm</strong>!<br></div><div class="battle-history"><small>(The opposing Jellicent lost <abbr title="−123/404">30.4%</abbr> of its health!)</small><br></div><div class="spacer battle-history"><br></div><h2 class="battle-history">Turn 108</h2><div class="spacer battle-history"><br></div><div class="battle-history">Eren 乇乂 withdrew Jellicent!<br></div><div class="battle-history">Eren 乇乂 sent out <strong>Xatu</strong>!<br></div><div class="spacer battle-history"><br></div><div class="battle-history">Diancie, come back!<br></div><div class="battle-history">Go! <strong>Venusaur</strong>!<br></div><div class="battle-history"><small>Pointed stones dug into Venusaur!</small><br></div><div class="spacer battle-history"><br></div><h2 class="battle-history">Turn 109</h2><div class="spacer battle-history"><br></div><div class="battle-history">The opposing Xatu used <strong>U-turn</strong>!<br></div><div class="battle-history"><small>(Venusaur lost <abbr title="−38/364">10.4%</abbr> of its health!)</small><br></div><div class="spacer battle-history"><br></div><div class="battle-history">The opposing Xatu went back to Eren 乇乂!<br></div><div class="battle-history">Eren 乇乂 sent out <strong>Escavalier</strong>!<br></div><div class="spacer battle-history"><br></div><div class="battle-history">Venusaur used <strong>Sludge Bomb</strong>!<br></div><div class="battle-history"><small>It doesn't affect the opposing Escavalier...</small><br></div><div class="spacer battle-history"><br></div><h2 class="battle-history">Turn 110</h2><div class="spacer battle-history"><br></div><div class="battle-history">Venusaur, come back!<br></div><div class="battle-history">Go! <strong>Diancie</strong>!<br></div><div class="battle-history"><small>Pointed stones dug into Diancie!</small><br></div><div class="spacer battle-history"><br></div><div class="battle-history">The opposing Escavalier is fast asleep.<br></div><div class="spacer battle-history"><br></div><div class="battle-history">The opposing Escavalier used <strong>Sleep Talk</strong>!<br></div><div class="spacer battle-history"><br></div><div class="battle-history">The opposing Escavalier used <strong>Rest</strong>!<br></div><div class="battle-history"><small>But it failed!</small><br></div><div class="spacer battle-history"><br></div><h2 class="battle-history">Turn 111</h2><div class="spacer battle-history"><br></div><div class="battle-history">Eren 乇乂 withdrew Escavalier!<br></div><div class="battle-history">Eren 乇乂 sent out <strong>Xatu</strong>!<br></div><div class="spacer battle-history"><br></div><div class="battle-history">Diancie used <strong>Stealth Rock</strong>!<br></div><div class="spacer battle-history"><br></div><div class="battle-history"><small>[The opposing Xatu's Magic Bounce]</small><br>The opposing Xatu bounced the Stealth Rock back!<br></div><div class="battle-history"><small>But it failed!</small><br></div><div class="spacer battle-history"><br></div><h2 class="battle-history">Turn 112</h2><div class="spacer battle-history"><br></div><div class="battle-history">The opposing Xatu used <strong>Toxic</strong>!<br></div><div class="battle-history"><small>Diancie was badly poisoned!</small><br></div><div class="spacer battle-history"><br></div><div class="battle-history">Diancie used <strong>Diamond Storm</strong>!<br></div><div class="battle-history"><small>It's super effective!</small><br></div><div class="battle-history"><small>(The opposing Xatu lost <abbr title="−228/333">68.5%</abbr> of its health!)</small><br></div><div class="battle-history"><small>Diancie's Defense rose!</small><br></div><div class="spacer battle-history"><br></div><div class="battle-history"><small>Diancie was hurt by poison!</small><br></div><div class="spacer battle-history"><br></div><h2 class="battle-history">Turn 113</h2><div class="spacer battle-history"><br></div><div class="battle-history">Diancie, come back!<br></div><div class="battle-history">Go! <strong>Alomomola</strong>!<br></div><div class="battle-history"><small>Pointed stones dug into Alomomola!</small><br></div><div class="spacer battle-history"><br></div><div class="battle-history">The opposing Xatu used <strong>Roost</strong>!<br></div><div class="battle-history"><small>The opposing Xatu restored its HP.</small><br></div><div class="spacer battle-history"><br></div><div class="battle-history"><small>Alomomola restored a little HP using its Leftovers!</small><br></div><div class="spacer battle-history"><br></div><h2 class="battle-history">Turn 114</h2><div class="chat chatmessage-arifeen"><strong style="color:hsl(351,68%,47.77101180383878%)"><small>+</small><span class="username" data-name="Arifeen">Arifeen</span>:</strong> <em>see slurmz</em></div><div class="spacer battle-history"><br></div><div class="battle-history">The opposing Xatu used <strong>Toxic</strong>!<br></div><div class="battle-history"><small>Alomomola was badly poisoned!</small><br></div><div class="spacer battle-history"><br></div><div class="battle-history">Alomomola used <strong>Wish</strong>!<br></div><div class="spacer battle-history"><br></div><div class="battle-history"><small>Alomomola restored a little HP using its Leftovers!</small><br></div><div class="battle-history"><small>Alomomola was hurt by poison!</small><br></div><div class="spacer battle-history"><br></div><h2 class="battle-history">Turn 115</h2><div class="spacer battle-history"><br></div><div class="battle-history">Alomomola, come back!<br></div><div class="battle-history">Go! <strong>Diancie</strong>!<br></div><div class="battle-history"><small>Pointed stones dug into Diancie!</small><br></div><div class="spacer battle-history"><br></div><div class="battle-history">The opposing Xatu used <strong>U-turn</strong>!<br></div><div class="battle-history"><small>It's not very effective...</small><br></div><div class="battle-history"><small>(Diancie lost <abbr title="−11/304">3.6%</abbr> of its health!)</small><br></div><div class="chat chatmessage-flimsyman"><strong style="color:hsl(332,41%,50.576996913572984%)"><small> </small><span class="username" data-name="Flimsy Man">Flimsy Man</span>:</strong> <em>you will never get rocks up as long as xatu is alive</em></div><div class="chat chatmessage-arifeen"><strong style="color:hsl(351,68%,47.77101180383878%)"><small>+</small><span class="username" data-name="Arifeen">Arifeen</span>:</strong> <em>if u used my esca set</em></div><div class="chat chatmessage-arifeen"><strong style="color:hsl(351,68%,47.77101180383878%)"><small>+</small><span class="username" data-name="Arifeen">Arifeen</span>:</strong> <em>u won</em></div><div class="chat chatmessage-eren"><strong style="color:hsl(283,71%,48%)"><small>☆</small><span class="username" data-name="Eren 乇乂">Eren 乇乂</span>:</strong> <em>what is</em></div><div class="chat chatmessage-eren"><strong style="color:hsl(283,71%,48%)"><small>☆</small><span class="username" data-name="Eren 乇乂">Eren 乇乂</span>:</strong> <em>ur esca set</em></div><div class="chat chatmessage-arifeen"><strong style="color:hsl(351,68%,47.77101180383878%)"><small>+</small><span class="username" data-name="Arifeen">Arifeen</span>:</strong> <em>....</em></div><div class="chat chatmessage-arifeen"><strong style="color:hsl(351,68%,47.77101180383878%)"><small>+</small><span class="username" data-name="Arifeen">Arifeen</span>:</strong> <em>u called it out</em></div><div class="spacer battle-history"><br></div><div class="battle-history">The opposing Xatu went back to Eren 乇乂!<br></div><div class="battle-history">Eren 乇乂 sent out <strong>Jellicent</strong>!<br></div><div class="spacer battle-history"><br></div><div class="battle-history"><small>Alomomola's wish came true!</small><br></div><div class="battle-history"><small>Diancie was hurt by poison!</small><br></div><div class="spacer battle-history"><br></div><h2 class="battle-history">Turn 116</h2><div class="chat chatmessage-arifeen"><strong style="color:hsl(351,68%,47.77101180383878%)"><small>+</small><span class="username" data-name="Arifeen">Arifeen</span>:</strong> <em>back during ltpl</em></div><div class="spacer battle-history"><br></div><div class="battle-history">Diancie, come back!<br></div><div class="battle-history">Go! <strong>Venusaur</strong>!<br></div><div class="battle-history"><small>Pointed stones dug into Venusaur!</small><br></div><div class="spacer battle-history"><br></div><div class="battle-history">The opposing Jellicent used <strong>Recover</strong>!<br></div><div class="battle-history"><small>The opposing Jellicent restored its HP.</small><br></div><div class="spacer battle-history"><br></div><h2 class="battle-history">Turn 117</h2><div class="spacer battle-history"><br></div><div class="battle-history">Venusaur, come back!<br></div><div class="battle-history">Go! <strong>Diancie</strong>!<br></div><div class="battle-history"><small>Pointed stones dug into Diancie!</small><br></div><div class="spacer battle-history"><br></div><div class="battle-history">The opposing Jellicent used <strong>Scald</strong>!<br></div><div class="battle-history"><small>It's super effective!</small><br></div><div class="battle-history"><small>(Diancie lost <abbr title="−110/304">36.2%</abbr> of its health!)</small><br></div><div class="spacer battle-history"><br></div><div class="battle-history"><small>Diancie was hurt by poison!</small><br></div><div class="spacer battle-history"><br></div><h2 class="battle-history">Turn 118</h2><div class="chat chatmessage-arifeen"><strong style="color:hsl(351,68%,47.77101180383878%)"><small>+</small><span class="username" data-name="Arifeen">Arifeen</span>:</strong> <em>its sd 3 atks</em></div><div class="chat chatmessage-eren"><strong style="color:hsl(283,71%,48%)"><small>☆</small><span class="username" data-name="Eren 乇乂">Eren 乇乂</span>:</strong> <em>oh</em></div><div class="chat chatmessage-arifeen"><strong style="color:hsl(351,68%,47.77101180383878%)"><small>+</small><span class="username" data-name="Arifeen">Arifeen</span>:</strong> <em>with fuckton of speed</em></div><div class="chat chatmessage-eren"><strong style="color:hsl(283,71%,48%)"><small>☆</small><span class="username" data-name="Eren 乇乂">Eren 乇乂</span>:</strong> <em>no it didnt win</em></div><div class="chat chatmessage-eren"><strong style="color:hsl(283,71%,48%)"><small>☆</small><span class="username" data-name="Eren 乇乂">Eren 乇乂</span>:</strong> <em>eh</em></div><div class="chat chatmessage-arifeen"><strong style="color:hsl(351,68%,47.77101180383878%)"><small>+</small><span class="username" data-name="Arifeen">Arifeen</span>:</strong> <em>???</em></div><div class="chat chatmessage-arifeen"><strong style="color:hsl(351,68%,47.77101180383878%)"><small>+</small><span class="username" data-name="Arifeen">Arifeen</span>:</strong> <em>it did</em></div><div class="spacer battle-history"><br></div><div class="battle-history">Diancie, come back!<br></div><div class="battle-history">Go! <strong>Venusaur</strong>!<br></div><div class="battle-history"><small>Pointed stones dug into Venusaur!</small><br></div><div class="spacer battle-history"><br></div><div class="battle-history">The opposing Jellicent used <strong>Scald</strong>!<br></div><div class="battle-history"><small>It's not very effective...</small><br></div><div class="battle-history"><small>(Venusaur lost <abbr title="−36/364">9.9%</abbr> of its health!)</small><br></div><div class="spacer battle-history"><br></div><h2 class="battle-history">Turn 119</h2><div class="chat chatmessage-arifeen"><strong style="color:hsl(351,68%,47.77101180383878%)"><small>+</small><span class="username" data-name="Arifeen">Arifeen</span>:</strong> <em>outsped everything</em></div><div class="chat chatmessage-arifeen"><strong style="color:hsl(351,68%,47.77101180383878%)"><small>+</small><span class="username" data-name="Arifeen">Arifeen</span>:</strong> <em>well</em></div><div class="spacer battle-history"><br></div><div class="battle-history">Venusaur used <strong>Synthesis</strong>!<br></div><div class="battle-history"><small>Venusaur restored its HP.</small><br></div><div class="spacer battle-history"><br></div><div class="battle-history">The opposing Jellicent used <strong>Scald</strong>!<br></div><div class="battle-history"><small>It's not very effective...</small><br></div><div class="battle-history"><small>(Venusaur lost <abbr title="−38/364">10.4%</abbr> of its health!)</small><br></div><div class="spacer battle-history"><br></div><h2 class="battle-history">Turn 120</h2><div class="chat chatmessage-arifeen"><strong style="color:hsl(351,68%,47.77101180383878%)"><small>+</small><span class="username" data-name="Arifeen">Arifeen</span>:</strong> <em>outsped the checks</em></div><div class="chat chatmessage-arifeen"><strong style="color:hsl(351,68%,47.77101180383878%)"><small>+</small><span class="username" data-name="Arifeen">Arifeen</span>:</strong> <em>regi and tomb</em></div><div class="spacer battle-history"><br></div><div class="battle-history">Eren 乇乂 withdrew Jellicent!<br></div><div class="battle-history">Eren 乇乂 sent out <strong>Escavalier</strong>!<br></div><div class="spacer battle-history"><br></div><div class="battle-history">Venusaur used <strong>Giga Drain</strong>!<br></div><div class="battle-history"><small>It's not very effective...</small><br></div><div class="battle-history"><small>(The opposing Escavalier lost <abbr title="−15/343">4.4%</abbr> of its health!)</small><br></div><div class="battle-history"><small>The opposing Escavalier had its energy drained!</small><br></div><div class="spacer battle-history"><br></div><h2 class="battle-history">Turn 121</h2><div class="chat chatmessage-arifeen"><strong style="color:hsl(351,68%,47.77101180383878%)"><small>+</small><span class="username" data-name="Arifeen">Arifeen</span>:</strong> <em>so u just kill them</em></div><div class="spacer battle-history"><br></div><div class="battle-history">Venusaur, come back!<br></div><div class="battle-history">Go! <strong>Alomomola</strong>!<br></div><div class="battle-history"><small>Pointed stones dug into Alomomola!</small><br></div><div class="spacer battle-history"><br></div><div class="battle-history">Eren 乇乂 withdrew Escavalier!<br></div><div class="battle-history">Eren 乇乂 sent out <strong>Jellicent</strong>!<br></div><div class="spacer battle-history"><br></div><div class="battle-history"><small>Alomomola restored a little HP using its Leftovers!</small><br></div><div class="battle-history"><small>Alomomola was hurt by poison!</small><br></div><div class="spacer battle-history"><br></div><h2 class="battle-history">Turn 122</h2><div class="chat chatmessage-arifeen"><strong style="color:hsl(351,68%,47.77101180383878%)"><small>+</small><span class="username" data-name="Arifeen">Arifeen</span>:</strong> <em>and avoid burn</em></div><div class="spacer battle-history"><br></div><div class="battle-history">Alomomola, come back!<br></div><div class="battle-history">Go! <strong>Venusaur</strong>!<br></div><div class="battle-history"><small>Pointed stones dug into Venusaur!</small><br></div><div class="spacer battle-history"><br></div><div class="battle-history">The opposing Jellicent used <strong>Hex</strong>!<br></div><div class="battle-history"><small>(Venusaur lost <abbr title="−63/364">17.3%</abbr> of its health!)</small><br></div><div class="spacer battle-history"><br></div><h2 class="battle-history">Turn 123</h2><div class="spacer battle-history"><br></div><div class="battle-history">Venusaur used <strong>Synthesis</strong>!<br></div><div class="battle-history"><small>Venusaur restored its HP.</small><br></div><div class="spacer battle-history"><br></div><div class="battle-history">The opposing Jellicent used <strong>Scald</strong>!<br></div><div class="battle-history"><small>It's not very effective...</small><br></div><div class="battle-history"><small>(Venusaur lost <abbr title="−36/364">9.9%</abbr> of its health!)</small><br></div><div class="battle-history"><small>Venusaur was burned!</small><br></div><div class="spacer battle-history"><br></div><div class="battle-history"><small>Venusaur was hurt by its burn!</small><br></div><div class="spacer battle-history"><br></div><h2 class="battle-history">Turn 124</h2><div class="chat chatmessage-silentverse"><strong style="color:hsl(83,82%,33.26463036148518%)"><small>☆</small><span class="username" data-name="SilentVerse">SilentVerse</span>:</strong> <em>hm</em></div><div class="chat chatmessage-silentverse"><strong style="color:hsl(83,82%,33.26463036148518%)"><small>☆</small><span class="username" data-name="SilentVerse">SilentVerse</span>:</strong> <em>unlucky</em></div><div class="spacer battle-history"><br></div><div class="battle-history">Eren 乇乂 withdrew Jellicent!<br></div><div class="battle-history">Eren 乇乂 sent out <strong>Venusaur</strong>!<br></div><div class="spacer battle-history"><br></div><div class="battle-history">Venusaur used <strong>Giga Drain</strong>!<br></div><div class="battle-history"><small>It's not very effective...</small><br></div><div class="battle-history"><small>A critical hit!</small><br></div><div class="battle-history"><small>(The opposing Venusaur lost <abbr title="−32/363">8.8%</abbr> of its health!)</small><br></div><div class="battle-history"><small>The opposing Venusaur had its energy drained!</small><br></div><div class="spacer battle-history"><br></div><div class="battle-history"><small>The opposing Venusaur was hurt by its burn!</small><br></div><div class="battle-history"><small>Venusaur was hurt by its burn!</small><br></div><div class="spacer battle-history"><br></div><h2 class="battle-history">Turn 125</h2><div class="chat chatmessage-silentverse"><strong style="color:hsl(83,82%,33.26463036148518%)"><small>☆</small><span class="username" data-name="SilentVerse">SilentVerse</span>:</strong> <em>i think this is</em></div><div class="chat chatmessage-silentverse"><strong style="color:hsl(83,82%,33.26463036148518%)"><small>☆</small><span class="username" data-name="SilentVerse">SilentVerse</span>:</strong> <em>ogre</em></div><div class="chat chatmessage-silentverse"><strong style="color:hsl(83,82%,33.26463036148518%)"><small>☆</small><span class="username" data-name="SilentVerse">SilentVerse</span>:</strong> <em>tee bee aych</em></div><div class="spacer battle-history"><br></div><div class="battle-history">Eren 乇乂 withdrew Venusaur!<br></div><div class="battle-history">Eren 乇乂 sent out <strong>Escavalier</strong>!<br></div><div class="spacer battle-history"><br></div><div class="battle-history">Venusaur, come back!<br></div><div class="battle-history">Go! <strong>Registeel</strong>!<br></div><div class="battle-history"><small>Pointed stones dug into Registeel!</small><br></div><div class="spacer battle-history"><br></div><div class="battle-history"><small>Registeel restored a little HP using its Leftovers!</small><br></div><div class="spacer battle-history"><br></div><h2 class="battle-history">Turn 126</h2><div class="spacer battle-history"><br></div><div class="battle-history">Eren 乇乂 withdrew Escavalier!<br></div><div class="battle-history">Eren 乇乂 sent out <strong>Scrafty</strong>!<br></div><div class="spacer battle-history"><br></div><div class="battle-history">Registeel used <strong>Seismic Toss</strong>!<br></div><div class="battle-history"><small>(The opposing Scrafty lost <abbr title="−100/273">36.6%</abbr> of its health!)</small><br></div><div class="spacer battle-history"><br></div><div class="battle-history"><small>The opposing Scrafty restored a little HP using its Leftovers!</small><br></div><div class="battle-history"><small>Registeel restored a little HP using its Leftovers!</small><br></div><div class="spacer battle-history"><br></div><h2 class="battle-history">Turn 127</h2><div class="chat"><small>kamisama_no49 joined.</small></div><div class="spacer battle-history"><br></div><div class="battle-history">The opposing Scrafty used <strong>High Jump Kick</strong>!<br></div><div class="battle-history"><small>It's super effective!</small><br></div><div class="battle-history"><small>(Registeel lost <abbr title="−241/364">66.2%</abbr> of its health!)</small><br></div><div class="spacer battle-history"><br></div><div class="battle-history">Registeel fainted!<br></div><div class="spacer battle-history"><br></div><div class="battle-history"><small>The opposing Scrafty restored a little HP using its Leftovers!</small><br></div><div class="chat chatmessage-arifeen"><strong style="color:hsl(351,68%,47.77101180383878%)"><small>+</small><span class="username" data-name="Arifeen">Arifeen</span>:</strong> <em>damn</em></div><div class="chat chatmessage-pancake"><strong style="color:hsl(214,41%,50.849446131901814%)"><small>+</small><span class="username" data-name="pancake">pancake</span>:</strong> <em>tfw you get burned by scald</em></div><div class="spacer battle-history"><br></div><div class="battle-history"><small>SilentVerse forfeited.</small><br></div><div class="spacer battle-history"><br></div><div class="battle-history"><strong>Eren 乇乂</strong> won the battle!<br></div><div class="chat"><small>SilentVerse left.</small></div><div class="chat chatmessage-arifeen"><strong style="color:hsl(351,68%,47.77101180383878%)"><small>+</small><span class="username" data-name="Arifeen">Arifeen</span>:</strong> <em>x</em></div><div class="chat"><small>EviGaro left.</small></div><div class="chat"><small>kamisama_no49 left.</small></div><div class="chat"><small>silver aurum left.</small></div><div class="chat"><small>Feliburn left.</small></div><div class="chat"><small>pancake left.</small></div><div class="chat chatmessage-flimsyman"><strong style="color:hsl(332,41%,50.576996913572984%)"><small> </small><span class="username" data-name="Flimsy Man">Flimsy Man</span>:</strong> <em>OMG</em></div><div class="chat"><small>Arifeen left.</small></div><div class="chat"><small>lax left.</small></div><div class="chat"><small>Flimsy Man left.</small></div></div><div class="inner-preempt"></div></div></div>
</div>
<script>
let daily = Math.floor(Date.now()/1000/60/60/24);document.write('<script src="https://play.pokemonshowdown.com/js/replay-embed.js?version'+daily+'"></'+'script>');
</script>
