<!DOCTYPE html>
<meta charset="utf-8" />
<!-- version 1 -->
<title>RU replay: Void vs. ETERNAL SPIRIT</title>
<style>
html,body {font-family:Verdana, sans-serif;font-size:10pt;margin:0;padding:0;}body{padding:12px 0;} .battle-log {font-family:Verdana, sans-serif;font-size:10pt;} .battle-log-inline {border:1px solid #AAAAAA;background:#EEF2F5;color:black;max-width:640px;margin:0 auto 80px;padding-bottom:5px;} .battle-log .inner {padding:4px 8px 0px 8px;} .battle-log .inner-preempt {padding:0 8px 4px 8px;} .battle-log .inner-after {margin-top:0.5em;} .battle-log h2 {margin:0.5em -8px;padding:4px 8px;border:1px solid #AAAAAA;background:#E0E7EA;border-left:0;border-right:0;font-family:Verdana, sans-serif;font-size:13pt;} .battle-log .chat {vertical-align:middle;padding:3px 0 3px 0;font-size:8pt;} .battle-log .chat strong {color:#40576A;} .battle-log .chat em {padding:1px 4px 1px 3px;color:#000000;font-style:normal;} .chat.mine {background:rgba(0,0,0,0.05);margin-left:-8px;margin-right:-8px;padding-left:8px;padding-right:8px;} .spoiler {color:#BBBBBB;background:#BBBBBB;padding:0px 3px;} .spoiler:hover, .spoiler:active, .spoiler-shown {color:#000000;background:#E2E2E2;padding:0px 3px;} .spoiler a {color:#BBBBBB;} .spoiler:hover a, .spoiler:active a, .spoiler-shown a {color:#2288CC;} .chat code, .chat .spoiler:hover code, .chat .spoiler:active code, .chat .spoiler-shown code {border:1px solid #C0C0C0;background:#EEEEEE;color:black;padding:0 2px;} .chat .spoiler code {border:1px solid #CCCCCC;background:#CCCCCC;color:#CCCCCC;} .battle-log .rated {padding:3px 4px;} .battle-log .rated strong {color:white;background:#89A;padding:1px 4px;border-radius:4px;} .spacer {margin-top:0.5em;} .message-announce {background:#6688AA;color:white;padding:1px 4px 2px;} .message-announce a, .broadcast-green a, .broadcast-blue a, .broadcast-red a {color:#DDEEFF;} .broadcast-green {background-color:#559955;color:white;padding:2px 4px;} .broadcast-blue {background-color:#6688AA;color:white;padding:2px 4px;} .infobox {border:1px solid #6688AA;padding:2px 4px;} .infobox-limited {max-height:200px;overflow:auto;overflow-x:hidden;} .broadcast-red {background-color:#AA5544;color:white;padding:2px 4px;} .message-learn-canlearn {font-weight:bold;color:#228822;text-decoration:underline;} .message-learn-cannotlearn {font-weight:bold;color:#CC2222;text-decoration:underline;} .message-effect-weak {font-weight:bold;color:#CC2222;} .message-effect-resist {font-weight:bold;color:#6688AA;} .message-effect-immune {font-weight:bold;color:#666666;} .message-learn-list {margin-top:0;margin-bottom:0;} .message-throttle-notice, .message-error {color:#992222;} .message-overflow, .chat small.message-overflow {font-size:0pt;} .message-overflow::before {font-size:9pt;content:'...';} .subtle {color:#3A4A66;}
</style>
<div class="wrapper replay-wrapper" style="max-width:1180px;margin:0 auto">
<input type="hidden" name="replayid" value="smogtours-ru-222439" />
<div class="battle"></div><div class="battle-log"></div><div class="replay-controls"></div><div class="replay-controls-2"></div>
<h1 style="font-weight:normal;text-align:center"><strong>RU</strong><br /><a href="http://pokemonshowdown.com/users/void" class="subtle" target="_blank">Void</a> vs. <a href="http://pokemonshowdown.com/users/eternalspirit" class="subtle" target="_blank">ETERNAL SPIRIT</a></h1>
<script type="text/plain" class="battle-log-data">|J|Void
|J|ETERNAL SPIRIT
|player|p1|Void|100
|player|p2|ETERNAL SPIRIT|149
|gametype|singles
|gen|6
|tier|RU
|seed|48265,42837,44340,17571
|rule|Sleep Clause Mod: Limit one foe put to sleep
|rule|Species Clause: Limit one of each Pokémon
|rule|OHKO Clause: OHKO moves are banned
|rule|Moody Clause: Moody is banned
|rule|Evasion Moves Clause: Evasion moves are banned
|rule|Endless Battle Clause: Forcing endless battles is banned
|rule|HP Percentage Mod: HP is shown in percentages
|clearpoke
|poke|p1|Blastoise, F|item
|poke|p1|Xatu, M, shiny|item
|poke|p1|Sneasel, M|item
|poke|p1|Steelix, M|item
|poke|p1|Virizion|item
|poke|p1|Fletchinder, F|
|poke|p2|Gallade, M|item
|poke|p2|Venusaur, F|item
|poke|p2|Emboar, F|item
|poke|p2|Uxie|item
|poke|p2|Blastoise, F|item
|poke|p2|Rhyperior, M|item
|rule|Swagger Clause: Swagger is banned
|rule|Baton Pass Clause: Limit one Baton Passer, can't pass Spe and other stats simultaneously
|teampreview
|J|sdasdsadadadadasda
|c|★Void|hf
|c|★ETERNAL SPIRIT|hf
|J|Empo
|J|Tony
|J|Anty
|choice|team 4, team 2, team 3, team 1, team 5, team 6|team 5, team 2, team 3, team 4, team 1, team 6
|
|start
|switch|p1a: Steelix|Steelix, M|354\/354
|switch|p2a: Blastoise|Blastoise, F|362\/362
|turn|1
|J|hogg
|choice|switch 4|move scald
|
|switch|p1a: Blastoise|Blastoise, F|362\/362
|move|p2a: Blastoise|Scald|p1a: Blastoise
|-resisted|p1a: Blastoise
|-damage|p1a: Blastoise|319\/362
|
|-heal|p1a: Blastoise|341\/362|[from] item: Leftovers
|turn|2
|J|GrilledClawitzer
|J|prajpran
|choice|move toxic|move toxic
|
|move|p1a: Blastoise|Toxic|p2a: Blastoise
|-status|p2a: Blastoise|tox
|move|p2a: Blastoise|Toxic|p1a: Blastoise
|-status|p1a: Blastoise|tox
|
|-heal|p1a: Blastoise|362\/362 tox|[from] item: Leftovers
|-damage|p1a: Blastoise|340\/362 tox|[from] psn
|-damage|p2a: Blastoise|340\/362 tox|[from] psn
|turn|3
|c|+prajpran|R U VOID
|c|+prajpran|xdd
|choice|move refresh|move refresh
|
|move|p1a: Blastoise|Refresh|p1a: Blastoise
|-curestatus|p1a: Blastoise|tox|[msg]
|move|p2a: Blastoise|Refresh|p2a: Blastoise
|-curestatus|p2a: Blastoise|tox|[msg]
|
|-heal|p1a: Blastoise|362\/362|[from] item: Leftovers
|-heal|p2a: Blastoise|362\/362|[from] item: Leftovers
|turn|4
|c|★Void|:P
|c|+prajpran|lol
|c|+prajpran|this turn
|c|+prajpran|aids
|J|ghazangoose
|c|★Void|lmao
|choice|move scald|move scald
|
|move|p1a: Blastoise|Scald|p2a: Blastoise
|-resisted|p2a: Blastoise
|-damage|p2a: Blastoise|323\/362
|move|p2a: Blastoise|Scald|p1a: Blastoise
|-resisted|p1a: Blastoise
|-damage|p1a: Blastoise|326\/362
|-status|p1a: Blastoise|brn
|
|-heal|p1a: Blastoise|348\/362 brn|[from] item: Leftovers
|-heal|p2a: Blastoise|345\/362|[from] item: Leftovers
|-damage|p1a: Blastoise|303\/362 brn|[from] brn
|turn|5
|c|+prajpran|,,
|choice|move refresh|switch 2
|
|switch|p2a: Venusaur|Venusaur, F|301\/301
|move|p1a: Blastoise|Refresh|p1a: Blastoise
|-curestatus|p1a: Blastoise|brn|[msg]
|
|-heal|p1a: Blastoise|325\/362|[from] item: Leftovers
|turn|6
|c|★Void|alas.
|choice|switch 2|move sludgebomb
|
|switch|p1a: Xatu|Xatu, M, shiny|333\/333
|move|p2a: Venusaur|Sludge Bomb|p1a: Xatu
|-damage|p1a: Xatu|87\/333
|-damage|p2a: Venusaur|271\/301|[from] item: Life Orb
|
|turn|7
|J|ChillShadow
|choice|switch 4|move sludgebomb
|
|switch|p1a: Steelix|Steelix, M|354\/354
|move|p2a: Venusaur|Sludge Bomb|p1a: Steelix
|-immune|p1a: Steelix|[msg]
|
|turn|8
|choice|switch 6|move sleeppowder
|
|switch|p1a: Fletchinder|Fletchinder, F|303\/303
|move|p2a: Venusaur|Sleep Powder|p1a: Fletchinder
|-status|p1a: Fletchinder|slp
|
|turn|9
|J|egalvanc
|L|egalvanc
|choice|switch 6|switch 4
|
|switch|p2a: Uxie|Uxie|354\/354
|switch|p1a: Steelix|Steelix, M|354\/354
|
|turn|10
|choice|move stealthrock|move uturn
|
|move|p2a: Uxie|U-turn|p1a: Steelix
|-resisted|p1a: Steelix
|-damage|p1a: Steelix|344\/354
|choice||switch 2
|
|switch|p2a: Blastoise|Blastoise, F|345\/362
|move|p1a: Steelix|Stealth Rock|p2a: Blastoise
|-sidestart|p2: ETERNAL SPIRIT|move: Stealth Rock
|
|-heal|p2a: Blastoise|362\/362|[from] item: Leftovers
|-heal|p1a: Steelix|354\/354|[from] item: Leftovers
|turn|11
|J|haggis lord
|choice|switch 5|move rapidspin
|
|switch|p1a: Virizion|Virizion|323\/323
|move|p2a: Blastoise|Rapid Spin|p1a: Virizion
|-damage|p1a: Virizion|310\/323
|-sideend|p2: ETERNAL SPIRIT|Stealth Rock|[from] move: Rapid Spin|[of] p2a: Blastoise
|
|turn|12
|choice|move zenheadbutt|move scald
|
|move|p1a: Virizion|Zen Headbutt|p2a: Blastoise|[miss]
|-miss|p1a: Virizion|p2a: Blastoise
|move|p2a: Blastoise|Scald|p1a: Virizion
|-resisted|p1a: Virizion
|-damage|p1a: Virizion|277\/323
|-status|p1a: Virizion|brn
|
|-damage|p1a: Virizion|237\/323 brn|[from] brn
|turn|13
|choice|switch 2|move scald
|
|switch|p1a: Blastoise|Blastoise, F|325\/362
|move|p2a: Blastoise|Scald|p1a: Blastoise
|-resisted|p1a: Blastoise
|-damage|p1a: Blastoise|286\/362
|-status|p1a: Blastoise|brn
|
|-heal|p1a: Blastoise|308\/362 brn|[from] item: Leftovers
|-damage|p1a: Blastoise|263\/362 brn|[from] brn
|turn|14
|choice|move refresh|move scald
|
|move|p1a: Blastoise|Refresh|p1a: Blastoise
|-curestatus|p1a: Blastoise|brn|[msg]
|move|p2a: Blastoise|Scald|p1a: Blastoise
|-resisted|p1a: Blastoise
|-damage|p1a: Blastoise|222\/362
|
|-heal|p1a: Blastoise|244\/362|[from] item: Leftovers
|turn|15
|choice|move toxic|move scald
|
|move|p1a: Blastoise|Toxic|p2a: Blastoise
|-status|p2a: Blastoise|tox
|move|p2a: Blastoise|Scald|p1a: Blastoise
|-resisted|p1a: Blastoise
|-damage|p1a: Blastoise|208\/362
|
|-heal|p1a: Blastoise|230\/362|[from] item: Leftovers
|-damage|p2a: Blastoise|340\/362 tox|[from] psn
|turn|16
|c|+ChillShadow|nice burns eternal spirit :o
|c|★ETERNAL SPIRIT|he didnt ban scald burn
|c|★ETERNAL SPIRIT|like u
|c|★ETERNAL SPIRIT|-
|c|+ChillShadow|-
|choice|move scald|move scald
|
|move|p1a: Blastoise|Scald|p2a: Blastoise
|-resisted|p2a: Blastoise
|-damage|p2a: Blastoise|298\/362 tox
|move|p2a: Blastoise|Scald|p1a: Blastoise
|-resisted|p1a: Blastoise
|-damage|p1a: Blastoise|191\/362
|-status|p1a: Blastoise|brn
|
|-heal|p1a: Blastoise|213\/362 brn|[from] item: Leftovers
|-heal|p2a: Blastoise|320\/362 tox|[from] item: Leftovers
|-damage|p1a: Blastoise|168\/362 brn|[from] brn
|-damage|p2a: Blastoise|276\/362 tox|[from] psn
|turn|17
|choice|move refresh|move refresh
|
|move|p1a: Blastoise|Refresh|p1a: Blastoise
|-curestatus|p1a: Blastoise|brn|[msg]
|move|p2a: Blastoise|Refresh|p2a: Blastoise
|-curestatus|p2a: Blastoise|tox|[msg]
|
|-heal|p1a: Blastoise|190\/362|[from] item: Leftovers
|-heal|p2a: Blastoise|298\/362|[from] item: Leftovers
|turn|18
|choice|move toxic|move scald
|
|move|p1a: Blastoise|Toxic|p2a: Blastoise
|-status|p2a: Blastoise|tox
|move|p2a: Blastoise|Scald|p1a: Blastoise
|-resisted|p1a: Blastoise
|-damage|p1a: Blastoise|151\/362
|
|-heal|p1a: Blastoise|173\/362|[from] item: Leftovers
|-heal|p2a: Blastoise|320\/362 tox|[from] item: Leftovers
|-damage|p2a: Blastoise|298\/362 tox|[from] psn
|turn|19
|choice|move scald|move refresh
|
|move|p1a: Blastoise|Scald|p2a: Blastoise
|-resisted|p2a: Blastoise
|-damage|p2a: Blastoise|258\/362 tox
|move|p2a: Blastoise|Refresh|p2a: Blastoise
|-curestatus|p2a: Blastoise|tox|[msg]
|
|-heal|p1a: Blastoise|195\/362|[from] item: Leftovers
|-heal|p2a: Blastoise|280\/362|[from] item: Leftovers
|turn|20
|J|Jimmy Turtwig
|choice|move toxic|move scald
|
|move|p1a: Blastoise|Toxic|p2a: Blastoise
|-status|p2a: Blastoise|tox
|move|p2a: Blastoise|Scald|p1a: Blastoise
|-resisted|p1a: Blastoise
|-damage|p1a: Blastoise|152\/362
|
|-heal|p1a: Blastoise|174\/362|[from] item: Leftovers
|-heal|p2a: Blastoise|302\/362 tox|[from] item: Leftovers
|-damage|p2a: Blastoise|280\/362 tox|[from] psn
|turn|21
|choice|switch 4|move refresh
|
|switch|p1a: Xatu|Xatu, M, shiny|87\/333
|move|p2a: Blastoise|Refresh|p2a: Blastoise
|-curestatus|p2a: Blastoise|tox|[msg]
|
|-heal|p2a: Blastoise|302\/362|[from] item: Leftovers
|turn|22
|choice|move roost|move scald
|
|move|p1a: Xatu|Roost|p1a: Xatu
|-heal|p1a: Xatu|254\/333
|move|p2a: Blastoise|Scald|p1a: Xatu
|-damage|p1a: Xatu|151\/333
|-status|p1a: Xatu|brn
|
|-heal|p2a: Blastoise|324\/362|[from] item: Leftovers
|-damage|p1a: Xatu|110\/333 brn|[from] brn
|turn|23
|choice|move roost|move scald
|
|move|p1a: Xatu|Roost|p1a: Xatu
|-heal|p1a: Xatu|277\/333 brn
|move|p2a: Blastoise|Scald|p1a: Xatu
|-damage|p1a: Xatu|163\/333 brn
|
|-heal|p2a: Blastoise|346\/362|[from] item: Leftovers
|-damage|p1a: Xatu|122\/333 brn|[from] brn
|turn|24
|c|+ChillShadow|!
|choice|move roost|move scald
|
|move|p1a: Xatu|Roost|p1a: Xatu
|-heal|p1a: Xatu|289\/333 brn
|move|p2a: Blastoise|Scald|p1a: Xatu
|-damage|p1a: Xatu|186\/333 brn
|
|-heal|p2a: Blastoise|362\/362|[from] item: Leftovers
|-damage|p1a: Xatu|145\/333 brn|[from] brn
|turn|25
|choice|move roost|move scald
|
|move|p1a: Xatu|Roost|p1a: Xatu
|-heal|p1a: Xatu|312\/333 brn
|move|p2a: Blastoise|Scald|p1a: Xatu
|-damage|p1a: Xatu|204\/333 brn
|
|-damage|p1a: Xatu|163\/333 brn|[from] brn
|turn|26
|choice|move roost|move scald
|
|move|p1a: Xatu|Roost|p1a: Xatu
|-heal|p1a: Xatu|330\/333 brn
|move|p2a: Blastoise|Scald|p1a: Xatu
|-damage|p1a: Xatu|216\/333 brn
|
|-damage|p1a: Xatu|175\/333 brn|[from] brn
|turn|27
|choice|move roost|move scald
|
|move|p1a: Xatu|Roost|p1a: Xatu
|-heal|p1a: Xatu|333\/333 brn
|move|p2a: Blastoise|Scald|p1a: Xatu
|-damage|p1a: Xatu|225\/333 brn
|
|-damage|p1a: Xatu|184\/333 brn|[from] brn
|turn|28
|choice|move roost|move scald
|
|move|p1a: Xatu|Roost|p1a: Xatu
|-heal|p1a: Xatu|333\/333 brn
|move|p2a: Blastoise|Scald|p1a: Xatu
|-damage|p1a: Xatu|231\/333 brn
|
|-damage|p1a: Xatu|190\/333 brn|[from] brn
|turn|29
|choice|move roost|switch 2
|
|switch|p2a: Uxie|Uxie|354\/354
|move|p1a: Xatu|Roost|p1a: Xatu
|-heal|p1a: Xatu|333\/333 brn
|
|-damage|p1a: Xatu|292\/333 brn|[from] brn
|turn|30
|choice|move toxic|move uturn
|
|move|p1a: Xatu|Toxic|p2a: Uxie
|-status|p2a: Uxie|tox
|move|p2a: Uxie|U-turn|p1a: Xatu
|-damage|p1a: Xatu|253\/333 brn
|-damage|p2a: Uxie|295\/354 tox|[from] item: Rocky Helmet|[of] p1a: Xatu
|choice||switch 3
|
|switch|p2a: Emboar|Emboar, F|361\/361
|
|-damage|p1a: Xatu|212\/333 brn|[from] brn
|turn|31
|choice|move roost|move flareblitz
|
|move|p2a: Emboar|Flare Blitz|p1a: Xatu
|-damage|p1a: Xatu|0 fnt
|-damage|p2a: Emboar|301\/361|[from] item: Rocky Helmet|[of] p1a: Xatu
|-damage|p2a: Emboar|231\/361|[from] recoil|[of] p1a: Xatu
|faint|p1a: Xatu
|
|choice|switch 4|
|
|switch|p1a: Blastoise|Blastoise, F|174\/362
|turn|32
|J|ict (◕‿◕✿)
|choice|move scald|switch 2
|
|switch|p2a: Blastoise|Blastoise, F|362\/362
|move|p1a: Blastoise|Scald|p2a: Blastoise
|-resisted|p2a: Blastoise
|-damage|p2a: Blastoise|320\/362
|
|-heal|p1a: Blastoise|196\/362|[from] item: Leftovers
|-heal|p2a: Blastoise|342\/362|[from] item: Leftovers
|turn|33
|J|Ahahawhwhwhehsh
|choice|move toxic|move toxic
|
|move|p1a: Blastoise|Toxic|p2a: Blastoise
|-status|p2a: Blastoise|tox
|move|p2a: Blastoise|Toxic|p1a: Blastoise
|-status|p1a: Blastoise|tox
|
|-heal|p1a: Blastoise|218\/362 tox|[from] item: Leftovers
|-heal|p2a: Blastoise|362\/362 tox|[from] item: Leftovers
|-damage|p1a: Blastoise|196\/362 tox|[from] psn
|-damage|p2a: Blastoise|340\/362 tox|[from] psn
|turn|34
|choice|move refresh|switch 4
|
|switch|p2a: Venusaur|Venusaur, F|271\/301
|move|p1a: Blastoise|Refresh|p1a: Blastoise
|-curestatus|p1a: Blastoise|tox|[msg]
|
|-heal|p1a: Blastoise|218\/362|[from] item: Leftovers
|turn|35
|L|Ahahawhwhwhehsh
|choice|switch 2|move sludgebomb
|
|switch|p1a: Virizion|Virizion|237\/323 brn
|move|p2a: Venusaur|Sludge Bomb|p1a: Virizion
|-supereffective|p1a: Virizion
|-damage|p1a: Virizion|0 fnt
|-damage|p2a: Venusaur|241\/301|[from] item: Life Orb
|faint|p1a: Virizion
|
|choice|switch 3|
|
|switch|p1a: Sneasel|Sneasel, M|251\/251
|turn|36
|choice|move pursuit|switch 4
|
|-activate|p2a: Venusaur|move: Pursuit
|move|p1a: Sneasel|Pursuit|p2a: Venusaur|[from]Pursuit
|-damage|p2a: Venusaur|36\/301
|switch|p2a: Blastoise|Blastoise, F|340\/362 tox
|
|-heal|p2a: Blastoise|362\/362 tox|[from] item: Leftovers
|-damage|p2a: Blastoise|340\/362 tox|[from] psn
|turn|37
|choice|switch 2|move refresh
|
|switch|p1a: Blastoise|Blastoise, F|218\/362
|move|p2a: Blastoise|Refresh|p2a: Blastoise
|-curestatus|p2a: Blastoise|tox|[msg]
|
|-heal|p1a: Blastoise|240\/362|[from] item: Leftovers
|-heal|p2a: Blastoise|362\/362|[from] item: Leftovers
|turn|38
|choice|move scald|move scald
|
|move|p1a: Blastoise|Scald|p2a: Blastoise
|-resisted|p2a: Blastoise
|-damage|p2a: Blastoise|320\/362
|move|p2a: Blastoise|Scald|p1a: Blastoise
|-resisted|p1a: Blastoise
|-damage|p1a: Blastoise|198\/362
|-status|p1a: Blastoise|brn
|
|-heal|p1a: Blastoise|220\/362 brn|[from] item: Leftovers
|-heal|p2a: Blastoise|342\/362|[from] item: Leftovers
|-damage|p1a: Blastoise|175\/362 brn|[from] brn
|turn|39
|choice|move refresh|switch 4
|
|switch|p2a: Venusaur|Venusaur, F|36\/301
|move|p1a: Blastoise|Refresh|p1a: Blastoise
|-curestatus|p1a: Blastoise|brn|[msg]
|
|-heal|p1a: Blastoise|197\/362|[from] item: Leftovers
|turn|40
|choice|switch 5|move leafstorm
|
|switch|p1a: Steelix|Steelix, M|354\/354
|move|p2a: Venusaur|Leaf Storm|p1a: Steelix
|-damage|p1a: Steelix|23\/354
|-unboost|p2a: Venusaur|spa|2
|-damage|p2a: Venusaur|6\/301|[from] item: Life Orb
|
|-heal|p1a: Steelix|45\/354|[from] item: Leftovers
|turn|41
|choice|move stealthrock|move synthesis
|
|move|p2a: Venusaur|Synthesis|p2a: Venusaur
|-heal|p2a: Venusaur|156\/301
|move|p1a: Steelix|Stealth Rock|p2a: Venusaur
|-sidestart|p2: ETERNAL SPIRIT|move: Stealth Rock
|
|-heal|p1a: Steelix|67\/354|[from] item: Leftovers
|turn|42
|choice|switch 2|switch 4
|
|switch|p2a: Blastoise|Blastoise, F|342\/362
|-damage|p2a: Blastoise|297\/362|[from] Stealth Rock
|switch|p1a: Sneasel|Sneasel, M|251\/251
|
|-heal|p2a: Blastoise|319\/362|[from] item: Leftovers
|turn|43
|choice|move knockoff|move scald
|
|move|p1a: Sneasel|Knock Off|p2a: Blastoise
|-damage|p2a: Blastoise|169\/362
|-enditem|p2a: Blastoise|Leftovers|[from] move: Knock Off|[of] p1a: Sneasel
|move|p2a: Blastoise|Scald|p1a: Sneasel
|-damage|p1a: Sneasel|143\/251
|
|turn|44
|choice|switch 5|move rapidspin
|
|switch|p1a: Blastoise|Blastoise, F|197\/362
|move|p2a: Blastoise|Rapid Spin|p1a: Blastoise
|-damage|p1a: Blastoise|188\/362
|-sideend|p2: ETERNAL SPIRIT|Stealth Rock|[from] move: Rapid Spin|[of] p2a: Blastoise
|
|-heal|p1a: Blastoise|210\/362|[from] item: Leftovers
|turn|45
|choice|move scald|move toxic
|
|move|p1a: Blastoise|Scald|p2a: Blastoise
|-resisted|p2a: Blastoise
|-damage|p2a: Blastoise|127\/362
|-status|p2a: Blastoise|brn
|move|p2a: Blastoise|Toxic|p1a: Blastoise
|-status|p1a: Blastoise|tox
|
|-heal|p1a: Blastoise|232\/362 tox|[from] item: Leftovers
|-damage|p1a: Blastoise|210\/362 tox|[from] psn
|-damage|p2a: Blastoise|82\/362 brn|[from] brn
|turn|46
|choice|move refresh|switch 4
|
|switch|p2a: Venusaur|Venusaur, F|156\/301
|move|p1a: Blastoise|Refresh|p1a: Blastoise
|-curestatus|p1a: Blastoise|tox|[msg]
|
|-heal|p1a: Blastoise|232\/362|[from] item: Leftovers
|turn|47
|choice|switch 2|move synthesis
|
|switch|p1a: Steelix|Steelix, M|67\/354
|move|p2a: Venusaur|Synthesis|p2a: Venusaur
|-heal|p2a: Venusaur|301\/301
|
|-heal|p1a: Steelix|89\/354|[from] item: Leftovers
|turn|48
|choice|switch 6|move leafstorm
|
|switch|p1a: Fletchinder|Fletchinder, F|303\/303 slp
|move|p2a: Venusaur|Leaf Storm|p1a: Fletchinder
|-resisted|p1a: Fletchinder
|-damage|p1a: Fletchinder|198\/303 slp
|-unboost|p2a: Venusaur|spa|2
|-damage|p2a: Venusaur|271\/301|[from] item: Life Orb
|
|turn|49
|choice|move swordsdance|move sludgebomb
|
|move|p2a: Venusaur|Sludge Bomb|p1a: Fletchinder
|-damage|p1a: Fletchinder|68\/303 slp
|-damage|p2a: Venusaur|241\/301|[from] item: Life Orb
|cant|p1a: Fletchinder|slp
|
|turn|50
|choice|move roost|switch 3
|
|switch|p2a: Uxie|Uxie|295\/354 tox
|cant|p1a: Fletchinder|slp
|
|-heal|p2a: Uxie|317\/354 tox|[from] item: Leftovers
|-damage|p2a: Uxie|295\/354 tox|[from] psn
|turn|51
|choice|move roost|move stealthrock
|
|-curestatus|p1a: Fletchinder|slp|[msg]
|move|p1a: Fletchinder|Roost|p1a: Fletchinder
|-heal|p1a: Fletchinder|220\/303
|move|p2a: Uxie|Stealth Rock|p1a: Fletchinder
|-sidestart|p1: Void|move: Stealth Rock
|
|-heal|p2a: Uxie|317\/354 tox|[from] item: Leftovers
|-damage|p2a: Uxie|273\/354 tox|[from] psn
|turn|52
|choice|move acrobatics|move thunderwave
|
|move|p1a: Fletchinder|Acrobatics|p2a: Uxie
|-damage|p2a: Uxie|165\/354 tox
|move|p2a: Uxie|Thunder Wave|p1a: Fletchinder
|-status|p1a: Fletchinder|par
|
|-heal|p2a: Uxie|187\/354 tox|[from] item: Leftovers
|-damage|p2a: Uxie|121\/354 tox|[from] psn
|turn|53
|choice|move willowisp|move psyshock
|
|move|p2a: Uxie|Psyshock|p1a: Fletchinder
|-damage|p1a: Fletchinder|117\/303 par
|move|p1a: Fletchinder|Will-O-Wisp|p2a: Uxie
|-fail|p2a: Uxie
|
|-heal|p2a: Uxie|143\/354 tox|[from] item: Leftovers
|-damage|p2a: Uxie|55\/354 tox|[from] psn
|turn|54
|choice|move roost|move uturn
|
|move|p1a: Fletchinder|Roost|p1a: Fletchinder
|-heal|p1a: Fletchinder|269\/303 par
|move|p2a: Uxie|U-turn|p1a: Fletchinder
|-resisted|p1a: Fletchinder
|-damage|p1a: Fletchinder|241\/303 par
|choice||switch 6
|
|switch|p2a: Rhyperior|Rhyperior, M|371\/371
|
|turn|55
|choice|switch 2|move stoneedge
|
|switch|p1a: Blastoise|Blastoise, F|232\/362
|-damage|p1a: Blastoise|187\/362|[from] Stealth Rock
|move|p2a: Rhyperior|Stone Edge|p1a: Blastoise
|-damage|p1a: Blastoise|0 fnt
|-damage|p2a: Rhyperior|334\/371|[from] item: Life Orb
|faint|p1a: Blastoise
|
|choice|switch 5|
|
|switch|p1a: Sneasel|Sneasel, M|143\/251
|-damage|p1a: Sneasel|81\/251|[from] Stealth Rock
|turn|56
|choice|move iciclecrash|switch 6
|
|switch|p2a: Uxie|Uxie|55\/354 tox
|move|p1a: Sneasel|Icicle Crash|p2a: Uxie
|-damage|p2a: Uxie|0 fnt
|faint|p2a: Uxie
|
|choice||switch 2
|
|switch|p2a: Emboar|Emboar, F|231\/361
|turn|57
|choice|switch 6|move flareblitz
|
|switch|p1a: Steelix|Steelix, M|89\/354
|-damage|p1a: Steelix|78\/354|[from] Stealth Rock
|move|p2a: Emboar|Flare Blitz|p1a: Steelix
|-supereffective|p1a: Steelix
|-damage|p1a: Steelix|0 fnt
|-damage|p2a: Emboar|205\/361|[from] recoil|[of] p1a: Steelix
|faint|p1a: Steelix
|
|choice|switch 2|
|
|switch|p1a: Fletchinder|Fletchinder, F|241\/303 par
|-damage|p1a: Fletchinder|90\/303 par|[from] Stealth Rock
|turn|58
|choice|move acrobatics|switch 4
|
|switch|p2a: Blastoise|Blastoise, F|82\/362 brn
|cant|p1a: Fletchinder|par
|
|-damage|p2a: Blastoise|37\/362 brn|[from] brn
|turn|59
|choice|move acrobatics|move scald
|
|move|p1a: Fletchinder|Acrobatics|p2a: Blastoise
|-damage|p2a: Blastoise|0 fnt
|faint|p2a: Blastoise
|
|choice||switch 6
|
|switch|p2a: Rhyperior|Rhyperior, M|334\/371
|turn|60
|choice|move willowisp|move icepunch
|
|move|p2a: Rhyperior|Ice Punch|p1a: Fletchinder
|-damage|p1a: Fletchinder|0 fnt
|-damage|p2a: Rhyperior|297\/371|[from] item: Life Orb
|faint|p1a: Fletchinder
|
|choice|switch 6|
|
|switch|p1a: Sneasel|Sneasel, M|81\/251
|-damage|p1a: Sneasel|19\/251|[from] Stealth Rock
|turn|61
|choice|move iciclecrash|move earthquake
|
|move|p1a: Sneasel|Icicle Crash|p2a: Rhyperior
|-supereffective|p2a: Rhyperior
|-damage|p2a: Rhyperior|80\/371
|cant|p2a: Rhyperior|flinch
|
|turn|62
|choice|move iciclecrash|move earthquake
|
|move|p1a: Sneasel|Icicle Crash|p2a: Rhyperior
|-supereffective|p2a: Rhyperior
|-damage|p2a: Rhyperior|0 fnt
|faint|p2a: Rhyperior
|
|choice||switch 4
|
|switch|p2a: Emboar|Emboar, F|205\/361
|turn|63
|c|★ETERNAL SPIRIT|gg
|c|★Void|gg
|choice|move iciclecrash|move flareblitz
|
|move|p2a: Emboar|Flare Blitz|p1a: Sneasel
|-supereffective|p1a: Sneasel
|-damage|p1a: Sneasel|0 fnt
|-damage|p2a: Emboar|199\/361|[from] recoil|[of] p1a: Sneasel
|faint|p1a: Sneasel
|
|win|ETERNAL SPIRIT</script>
</div>
<div class="battle-log battle-log-inline"><div class="inner"><div class="battle-options"></div><div class="inner"><div class=""><small>Format:</small> <br><strong>RU</strong></div><div class=""><small><em>Sleep Clause Mod:</em> Limit one foe put to sleep</small></div><div class=""><small><em>Species Clause:</em> Limit one of each Pokémon</small></div><div class=""><small><em>OHKO Clause:</em> OHKO moves are banned</small></div><div class=""><small><em>Moody Clause:</em> Moody is banned</small></div><div class=""><small><em>Evasion Moves Clause:</em> Evasion moves are banned</small></div><div class=""><small><em>Endless Battle Clause:</em> Forcing endless battles is banned</small></div><div class=""><small><em>HP Percentage Mod:</em> HP is shown in percentages</small></div><div class=""><small><em>Swagger Clause:</em> Swagger is banned</small></div><div class=""><small><em>Baton Pass Clause:</em> Limit one Baton Passer, can't pass Spe and other stats simultaneously</small></div><div class="chat battle-history"><strong>Void's team:</strong> <em style="color:#445566;display:block;">Blastoise / Xatu / Sneasel / Steelix / Virizion / Fletchinder</em></div><div class="chat battle-history"><strong>ETERNAL SPIRIT's team:</strong> <em style="color:#445566;display:block;">Gallade / Venusaur / Emboar / Uxie / Blastoise / Rhyperior</em></div><div class="chat chatmessage-void"><strong style="color:hsl(63,86%,31.049664210238536%)"><small>★</small><span class="username" data-name="Void">Void</span>:</strong> <em>hf</em></div><div class="chat chatmessage-eternalspirit"><strong style="color:hsl(282,74%,48.225930964200685%)"><small>★</small><span class="username" data-name="ETERNAL SPIRIT">ETERNAL SPIRIT</span>:</strong> <em>hf</em></div><div class="spacer battle-history"><br></div><div class="battle-history">Battle started between Void and ETERNAL SPIRIT!<br></div><div class="spacer battle-history"><br></div><div class="battle-history">Go! <strong>Steelix</strong>!<br></div><div class="spacer battle-history"><br></div><div class="battle-history">ETERNAL SPIRIT sent out <strong>Blastoise</strong>!<br></div><div class="spacer battle-history"><br></div><h2 class="battle-history">Turn 1</h2><div class="spacer battle-history"><br></div><div class="battle-history">Steelix, come back!<br></div><div class="battle-history">Go! <strong>Blastoise</strong>!<br></div><div class="spacer battle-history"><br></div><div class="battle-history">The opposing Blastoise used <strong>Scald</strong>!<br></div><div class="battle-history"><small>It's not very effective...</small><br></div><div class="battle-history"><small>(Blastoise lost <abbr title="−43/362">11.9%</abbr> of its health!)</small><br></div><div class="spacer battle-history"><br></div><div class="battle-history"><small>Blastoise restored a little HP using its Leftovers!</small><br></div><div class="spacer battle-history"><br></div><h2 class="battle-history">Turn 2</h2><div class="spacer battle-history"><br></div><div class="battle-history">Blastoise used <strong>Toxic</strong>!<br></div><div class="battle-history"><small>The opposing Blastoise was badly poisoned!</small><br></div><div class="spacer battle-history"><br></div><div class="battle-history">The opposing Blastoise used <strong>Toxic</strong>!<br></div><div class="battle-history"><small>Blastoise was badly poisoned!</small><br></div><div class="spacer battle-history"><br></div><div class="battle-history"><small>Blastoise restored a little HP using its Leftovers!</small><br></div><div class="battle-history"><small>Blastoise was hurt by poison!</small><br></div><div class="battle-history"><small>The opposing Blastoise was hurt by poison!</small><br></div><div class="spacer battle-history"><br></div><h2 class="battle-history">Turn 3</h2><div class="chat chatmessage-prajpran"><strong style="color:hsl(292,50%,51.23861123982222%)"><small>+</small><span class="username" data-name="prajpran">prajpran</span>:</strong> <em>R U VOID</em></div><div class="chat chatmessage-prajpran"><strong style="color:hsl(292,50%,51.23861123982222%)"><small>+</small><span class="username" data-name="prajpran">prajpran</span>:</strong> <em>xdd</em></div><div class="spacer battle-history"><br></div><div class="battle-history">Blastoise used <strong>Refresh</strong>!<br></div><div class="battle-history"><small>Blastoise was cured of its poisoning.</small><br></div><div class="spacer battle-history"><br></div><div class="battle-history">The opposing Blastoise used <strong>Refresh</strong>!<br></div><div class="battle-history"><small>The opposing Blastoise was cured of its poisoning.</small><br></div><div class="spacer battle-history"><br></div><div class="battle-history"><small>Blastoise restored a little HP using its Leftovers!</small><br></div><div class="battle-history"><small>The opposing Blastoise restored a little HP using its Leftovers!</small><br></div><div class="spacer battle-history"><br></div><h2 class="battle-history">Turn 4</h2><div class="chat chatmessage-void"><strong style="color:hsl(63,86%,31.049664210238536%)"><small>★</small><span class="username" data-name="Void">Void</span>:</strong> <em>:P</em></div><div class="chat chatmessage-prajpran"><strong style="color:hsl(292,50%,51.23861123982222%)"><small>+</small><span class="username" data-name="prajpran">prajpran</span>:</strong> <em>lol</em></div><div class="chat chatmessage-prajpran"><strong style="color:hsl(292,50%,51.23861123982222%)"><small>+</small><span class="username" data-name="prajpran">prajpran</span>:</strong> <em>this turn</em></div><div class="chat chatmessage-prajpran"><strong style="color:hsl(292,50%,51.23861123982222%)"><small>+</small><span class="username" data-name="prajpran">prajpran</span>:</strong> <em>aids</em></div><div class="chat chatmessage-void"><strong style="color:hsl(63,86%,31.049664210238536%)"><small>★</small><span class="username" data-name="Void">Void</span>:</strong> <em>lmao</em></div><div class="spacer battle-history"><br></div><div class="battle-history">Blastoise used <strong>Scald</strong>!<br></div><div class="battle-history"><small>It's not very effective...</small><br></div><div class="battle-history"><small>(The opposing Blastoise lost <abbr title="−39/362">10.8%</abbr> of its health!)</small><br></div><div class="spacer battle-history"><br></div><div class="battle-history">The opposing Blastoise used <strong>Scald</strong>!<br></div><div class="battle-history"><small>It's not very effective...</small><br></div><div class="battle-history"><small>(Blastoise lost <abbr title="−36/362">9.9%</abbr> of its health!)</small><br></div><div class="battle-history"><small>Blastoise was burned!</small><br></div><div class="spacer battle-history"><br></div><div class="battle-history"><small>Blastoise restored a little HP using its Leftovers!</small><br></div><div class="battle-history"><small>The opposing Blastoise restored a little HP using its Leftovers!</small><br></div><div class="battle-history"><small>Blastoise was hurt by its burn!</small><br></div><div class="spacer battle-history"><br></div><h2 class="battle-history">Turn 5</h2><div class="chat chatmessage-prajpran"><strong style="color:hsl(292,50%,51.23861123982222%)"><small>+</small><span class="username" data-name="prajpran">prajpran</span>:</strong> <em>,,</em></div><div class="spacer battle-history"><br></div><div class="battle-history">ETERNAL SPIRIT withdrew Blastoise!<br></div><div class="battle-history">ETERNAL SPIRIT sent out <strong>Venusaur</strong>!<br></div><div class="spacer battle-history"><br></div><div class="battle-history">Blastoise used <strong>Refresh</strong>!<br></div><div class="battle-history"><small>Blastoise's burn was healed.</small><br></div><div class="spacer battle-history"><br></div><div class="battle-history"><small>Blastoise restored a little HP using its Leftovers!</small><br></div><div class="spacer battle-history"><br></div><h2 class="battle-history">Turn 6</h2><div class="chat chatmessage-void"><strong style="color:hsl(63,86%,31.049664210238536%)"><small>★</small><span class="username" data-name="Void">Void</span>:</strong> <em>alas.</em></div><div class="spacer battle-history"><br></div><div class="battle-history">Blastoise, come back!<br></div><div class="battle-history">Go! <strong>Xatu</strong>!<br></div><div class="spacer battle-history"><br></div><div class="battle-history">The opposing Venusaur used <strong>Sludge Bomb</strong>!<br></div><div class="battle-history"><small>(Xatu lost <abbr title="−246/333">73.9%</abbr> of its health!)</small><br></div><div class="battle-history"><small>The opposing Venusaur lost some of its HP!</small><br></div><div class="spacer battle-history"><br></div><h2 class="battle-history">Turn 7</h2><div class="spacer battle-history"><br></div><div class="battle-history">Xatu, come back!<br></div><div class="battle-history">Go! <strong>Steelix</strong>!<br></div><div class="spacer battle-history"><br></div><div class="battle-history">The opposing Venusaur used <strong>Sludge Bomb</strong>!<br></div><div class="battle-history"><small>It doesn't affect Steelix...</small><br></div><div class="spacer battle-history"><br></div><h2 class="battle-history">Turn 8</h2><div class="spacer battle-history"><br></div><div class="battle-history">Steelix, come back!<br></div><div class="battle-history">Go! <strong>Fletchinder</strong>!<br></div><div class="spacer battle-history"><br></div><div class="battle-history">The opposing Venusaur used <strong>Sleep Powder</strong>!<br></div><div class="battle-history"><small>Fletchinder fell asleep!</small><br></div><div class="spacer battle-history"><br></div><h2 class="battle-history">Turn 9</h2><div class="spacer battle-history"><br></div><div class="battle-history">ETERNAL SPIRIT withdrew Venusaur!<br></div><div class="battle-history">ETERNAL SPIRIT sent out <strong>Uxie</strong>!<br></div><div class="spacer battle-history"><br></div><div class="battle-history">Fletchinder, come back!<br></div><div class="battle-history">Go! <strong>Steelix</strong>!<br></div><div class="spacer battle-history"><br></div><h2 class="battle-history">Turn 10</h2><div class="spacer battle-history"><br></div><div class="battle-history">The opposing Uxie used <strong>U-turn</strong>!<br></div><div class="battle-history"><small>It's not very effective...</small><br></div><div class="battle-history"><small>(Steelix lost <abbr title="−10/354">2.8%</abbr> of its health!)</small><br></div><div class="spacer battle-history"><br></div><div class="battle-history">The opposing Uxie went back to ETERNAL SPIRIT!<br></div><div class="battle-history">ETERNAL SPIRIT sent out <strong>Blastoise</strong>!<br></div><div class="spacer battle-history"><br></div><div class="battle-history">Steelix used <strong>Stealth Rock</strong>!<br></div><div class="battle-history"><small>Pointed stones float in the air around the opposing team!</small><br></div><div class="spacer battle-history"><br></div><div class="battle-history"><small>The opposing Blastoise restored a little HP using its Leftovers!</small><br></div><div class="battle-history"><small>Steelix restored a little HP using its Leftovers!</small><br></div><div class="spacer battle-history"><br></div><h2 class="battle-history">Turn 11</h2><div class="spacer battle-history"><br></div><div class="battle-history">Steelix, come back!<br></div><div class="battle-history">Go! <strong>Virizion</strong>!<br></div><div class="spacer battle-history"><br></div><div class="battle-history">The opposing Blastoise used <strong>Rapid Spin</strong>!<br></div><div class="battle-history"><small>(Virizion lost <abbr title="−13/323">4.0%</abbr> of its health!)</small><br></div><div class="battle-history"><small>The pointed stones disappeared from around the opposing team!</small><br></div><div class="spacer battle-history"><br></div><h2 class="battle-history">Turn 12</h2><div class="spacer battle-history"><br></div><div class="battle-history">Virizion used <strong>Zen Headbutt</strong>!<br></div><div class="battle-history"><small>The opposing Blastoise avoided the attack!</small><br></div><div class="spacer battle-history"><br></div><div class="battle-history">The opposing Blastoise used <strong>Scald</strong>!<br></div><div class="battle-history"><small>It's not very effective...</small><br></div><div class="battle-history"><small>(Virizion lost <abbr title="−33/323">10.2%</abbr> of its health!)</small><br></div><div class="battle-history"><small>Virizion was burned!</small><br></div><div class="spacer battle-history"><br></div><div class="battle-history"><small>Virizion was hurt by its burn!</small><br></div><div class="spacer battle-history"><br></div><h2 class="battle-history">Turn 13</h2><div class="spacer battle-history"><br></div><div class="battle-history">Virizion, come back!<br></div><div class="battle-history">Go! <strong>Blastoise</strong>!<br></div><div class="spacer battle-history"><br></div><div class="battle-history">The opposing Blastoise used <strong>Scald</strong>!<br></div><div class="battle-history"><small>It's not very effective...</small><br></div><div class="battle-history"><small>(Blastoise lost <abbr title="−39/362">10.8%</abbr> of its health!)</small><br></div><div class="battle-history"><small>Blastoise was burned!</small><br></div><div class="spacer battle-history"><br></div><div class="battle-history"><small>Blastoise restored a little HP using its Leftovers!</small><br></div><div class="battle-history"><small>Blastoise was hurt by its burn!</small><br></div><div class="spacer battle-history"><br></div><h2 class="battle-history">Turn 14</h2><div class="spacer battle-history"><br></div><div class="battle-history">Blastoise used <strong>Refresh</strong>!<br></div><div class="battle-history"><small>Blastoise's burn was healed.</small><br></div><div class="spacer battle-history"><br></div><div class="battle-history">The opposing Blastoise used <strong>Scald</strong>!<br></div><div class="battle-history"><small>It's not very effective...</small><br></div><div class="battle-history"><small>(Blastoise lost <abbr title="−41/362">11.3%</abbr> of its health!)</small><br></div><div class="spacer battle-history"><br></div><div class="battle-history"><small>Blastoise restored a little HP using its Leftovers!</small><br></div><div class="spacer battle-history"><br></div><h2 class="battle-history">Turn 15</h2><div class="spacer battle-history"><br></div><div class="battle-history">Blastoise used <strong>Toxic</strong>!<br></div><div class="battle-history"><small>The opposing Blastoise was badly poisoned!</small><br></div><div class="spacer battle-history"><br></div><div class="battle-history">The opposing Blastoise used <strong>Scald</strong>!<br></div><div class="battle-history"><small>It's not very effective...</small><br></div><div class="battle-history"><small>(Blastoise lost <abbr title="−36/362">9.9%</abbr> of its health!)</small><br></div><div class="spacer battle-history"><br></div><div class="battle-history"><small>Blastoise restored a little HP using its Leftovers!</small><br></div><div class="battle-history"><small>The opposing Blastoise was hurt by poison!</small><br></div><div class="spacer battle-history"><br></div><h2 class="battle-history">Turn 16</h2><div class="chat chatmessage-chillshadow"><strong style="color:hsl(116,47%,43%)"><small>+</small><span class="username" data-name="ChillShadow">ChillShadow</span>:</strong> <em>nice burns eternal spirit :o</em></div><div class="chat chatmessage-eternalspirit"><strong style="color:hsl(282,74%,48.225930964200685%)"><small>★</small><span class="username" data-name="ETERNAL SPIRIT">ETERNAL SPIRIT</span>:</strong> <em>he didnt ban scald burn</em></div><div class="chat chatmessage-eternalspirit"><strong style="color:hsl(282,74%,48.225930964200685%)"><small>★</small><span class="username" data-name="ETERNAL SPIRIT">ETERNAL SPIRIT</span>:</strong> <em>like u</em></div><div class="chat chatmessage-eternalspirit"><strong style="color:hsl(282,74%,48.225930964200685%)"><small>★</small><span class="username" data-name="ETERNAL SPIRIT">ETERNAL SPIRIT</span>:</strong> <em>-</em></div><div class="chat chatmessage-chillshadow"><strong style="color:hsl(116,47%,43%)"><small>+</small><span class="username" data-name="ChillShadow">ChillShadow</span>:</strong> <em>-</em></div><div class="spacer battle-history"><br></div><div class="battle-history">Blastoise used <strong>Scald</strong>!<br></div><div class="battle-history"><small>It's not very effective...</small><br></div><div class="battle-history"><small>(The opposing Blastoise lost <abbr title="−42/362">11.6%</abbr> of its health!)</small><br></div><div class="spacer battle-history"><br></div><div class="battle-history">The opposing Blastoise used <strong>Scald</strong>!<br></div><div class="battle-history"><small>It's not very effective...</small><br></div><div class="battle-history"><small>(Blastoise lost <abbr title="−39/362">10.8%</abbr> of its health!)</small><br></div><div class="battle-history"><small>Blastoise was burned!</small><br></div><div class="spacer battle-history"><br></div><div class="battle-history"><small>Blastoise restored a little HP using its Leftovers!</small><br></div><div class="battle-history"><small>The opposing Blastoise restored a little HP using its Leftovers!</small><br></div><div class="battle-history"><small>Blastoise was hurt by its burn!</small><br></div><div class="battle-history"><small>The opposing Blastoise was hurt by poison!</small><br></div><div class="spacer battle-history"><br></div><h2 class="battle-history">Turn 17</h2><div class="spacer battle-history"><br></div><div class="battle-history">Blastoise used <strong>Refresh</strong>!<br></div><div class="battle-history"><small>Blastoise's burn was healed.</small><br></div><div class="spacer battle-history"><br></div><div class="battle-history">The opposing Blastoise used <strong>Refresh</strong>!<br></div><div class="battle-history"><small>The opposing Blastoise was cured of its poisoning.</small><br></div><div class="spacer battle-history"><br></div><div class="battle-history"><small>Blastoise restored a little HP using its Leftovers!</small><br></div><div class="battle-history"><small>The opposing Blastoise restored a little HP using its Leftovers!</small><br></div><div class="spacer battle-history"><br></div><h2 class="battle-history">Turn 18</h2><div class="spacer battle-history"><br></div><div class="battle-history">Blastoise used <strong>Toxic</strong>!<br></div><div class="battle-history"><small>The opposing Blastoise was badly poisoned!</small><br></div><div class="spacer battle-history"><br></div><div class="battle-history">The opposing Blastoise used <strong>Scald</strong>!<br></div><div class="battle-history"><small>It's not very effective...</small><br></div><div class="battle-history"><small>(Blastoise lost <abbr title="−39/362">10.8%</abbr> of its health!)</small><br></div><div class="spacer battle-history"><br></div><div class="battle-history"><small>Blastoise restored a little HP using its Leftovers!</small><br></div><div class="battle-history"><small>The opposing Blastoise restored a little HP using its Leftovers!</small><br></div><div class="battle-history"><small>The opposing Blastoise was hurt by poison!</small><br></div><div class="spacer battle-history"><br></div><h2 class="battle-history">Turn 19</h2><div class="spacer battle-history"><br></div><div class="battle-history">Blastoise used <strong>Scald</strong>!<br></div><div class="battle-history"><small>It's not very effective...</small><br></div><div class="battle-history"><small>(The opposing Blastoise lost <abbr title="−40/362">11.0%</abbr> of its health!)</small><br></div><div class="spacer battle-history"><br></div><div class="battle-history">The opposing Blastoise used <strong>Refresh</strong>!<br></div><div class="battle-history"><small>The opposing Blastoise was cured of its poisoning.</small><br></div><div class="spacer battle-history"><br></div><div class="battle-history"><small>Blastoise restored a little HP using its Leftovers!</small><br></div><div class="battle-history"><small>The opposing Blastoise restored a little HP using its Leftovers!</small><br></div><div class="spacer battle-history"><br></div><h2 class="battle-history">Turn 20</h2><div class="spacer battle-history"><br></div><div class="battle-history">Blastoise used <strong>Toxic</strong>!<br></div><div class="battle-history"><small>The opposing Blastoise was badly poisoned!</small><br></div><div class="spacer battle-history"><br></div><div class="battle-history">The opposing Blastoise used <strong>Scald</strong>!<br></div><div class="battle-history"><small>It's not very effective...</small><br></div><div class="battle-history"><small>(Blastoise lost <abbr title="−43/362">11.9%</abbr> of its health!)</small><br></div><div class="spacer battle-history"><br></div><div class="battle-history"><small>Blastoise restored a little HP using its Leftovers!</small><br></div><div class="battle-history"><small>The opposing Blastoise restored a little HP using its Leftovers!</small><br></div><div class="battle-history"><small>The opposing Blastoise was hurt by poison!</small><br></div><div class="spacer battle-history"><br></div><h2 class="battle-history">Turn 21</h2><div class="spacer battle-history"><br></div><div class="battle-history">Blastoise, come back!<br></div><div class="battle-history">Go! <strong>Xatu</strong>!<br></div><div class="spacer battle-history"><br></div><div class="battle-history">The opposing Blastoise used <strong>Refresh</strong>!<br></div><div class="battle-history"><small>The opposing Blastoise was cured of its poisoning.</small><br></div><div class="spacer battle-history"><br></div><div class="battle-history"><small>The opposing Blastoise restored a little HP using its Leftovers!</small><br></div><div class="spacer battle-history"><br></div><h2 class="battle-history">Turn 22</h2><div class="spacer battle-history"><br></div><div class="battle-history">Xatu used <strong>Roost</strong>!<br></div><div class="battle-history"><small>Xatu restored its HP.</small><br></div><div class="spacer battle-history"><br></div><div class="battle-history">The opposing Blastoise used <strong>Scald</strong>!<br></div><div class="battle-history"><small>(Xatu lost <abbr title="−103/333">30.9%</abbr> of its health!)</small><br></div><div class="battle-history"><small>Xatu was burned!</small><br></div><div class="spacer battle-history"><br></div><div class="battle-history"><small>The opposing Blastoise restored a little HP using its Leftovers!</small><br></div><div class="battle-history"><small>Xatu was hurt by its burn!</small><br></div><div class="spacer battle-history"><br></div><h2 class="battle-history">Turn 23</h2><div class="spacer battle-history"><br></div><div class="battle-history">Xatu used <strong>Roost</strong>!<br></div><div class="battle-history"><small>Xatu restored its HP.</small><br></div><div class="spacer battle-history"><br></div><div class="battle-history">The opposing Blastoise used <strong>Scald</strong>!<br></div><div class="battle-history"><small>(Xatu lost <abbr title="−114/333">34.2%</abbr> of its health!)</small><br></div><div class="spacer battle-history"><br></div><div class="battle-history"><small>The opposing Blastoise restored a little HP using its Leftovers!</small><br></div><div class="battle-history"><small>Xatu was hurt by its burn!</small><br></div><div class="spacer battle-history"><br></div><h2 class="battle-history">Turn 24</h2><div class="chat chatmessage-chillshadow"><strong style="color:hsl(116,47%,43%)"><small>+</small><span class="username" data-name="ChillShadow">ChillShadow</span>:</strong> <em>!</em></div><div class="spacer battle-history"><br></div><div class="battle-history">Xatu used <strong>Roost</strong>!<br></div><div class="battle-history"><small>Xatu restored its HP.</small><br></div><div class="spacer battle-history"><br></div><div class="battle-history">The opposing Blastoise used <strong>Scald</strong>!<br></div><div class="battle-history"><small>(Xatu lost <abbr title="−103/333">30.9%</abbr> of its health!)</small><br></div><div class="spacer battle-history"><br></div><div class="battle-history"><small>The opposing Blastoise restored a little HP using its Leftovers!</small><br></div><div class="battle-history"><small>Xatu was hurt by its burn!</small><br></div><div class="spacer battle-history"><br></div><h2 class="battle-history">Turn 25</h2><div class="spacer battle-history"><br></div><div class="battle-history">Xatu used <strong>Roost</strong>!<br></div><div class="battle-history"><small>Xatu restored its HP.</small><br></div><div class="spacer battle-history"><br></div><div class="battle-history">The opposing Blastoise used <strong>Scald</strong>!<br></div><div class="battle-history"><small>(Xatu lost <abbr title="−108/333">32.4%</abbr> of its health!)</small><br></div><div class="spacer battle-history"><br></div><div class="battle-history"><small>Xatu was hurt by its burn!</small><br></div><div class="spacer battle-history"><br></div><h2 class="battle-history">Turn 26</h2><div class="spacer battle-history"><br></div><div class="battle-history">Xatu used <strong>Roost</strong>!<br></div><div class="battle-history"><small>Xatu restored its HP.</small><br></div><div class="spacer battle-history"><br></div><div class="battle-history">The opposing Blastoise used <strong>Scald</strong>!<br></div><div class="battle-history"><small>(Xatu lost <abbr title="−114/333">34.2%</abbr> of its health!)</small><br></div><div class="spacer battle-history"><br></div><div class="battle-history"><small>Xatu was hurt by its burn!</small><br></div><div class="spacer battle-history"><br></div><h2 class="battle-history">Turn 27</h2><div class="spacer battle-history"><br></div><div class="battle-history">Xatu used <strong>Roost</strong>!<br></div><div class="battle-history"><small>Xatu restored its HP.</small><br></div><div class="spacer battle-history"><br></div><div class="battle-history">The opposing Blastoise used <strong>Scald</strong>!<br></div><div class="battle-history"><small>(Xatu lost <abbr title="−108/333">32.4%</abbr> of its health!)</small><br></div><div class="spacer battle-history"><br></div><div class="battle-history"><small>Xatu was hurt by its burn!</small><br></div><div class="spacer battle-history"><br></div><h2 class="battle-history">Turn 28</h2><div class="spacer battle-history"><br></div><div class="battle-history">Xatu used <strong>Roost</strong>!<br></div><div class="battle-history"><small>Xatu restored its HP.</small><br></div><div class="spacer battle-history"><br></div><div class="battle-history">The opposing Blastoise used <strong>Scald</strong>!<br></div><div class="battle-history"><small>(Xatu lost <abbr title="−102/333">30.6%</abbr> of its health!)</small><br></div><div class="spacer battle-history"><br></div><div class="battle-history"><small>Xatu was hurt by its burn!</small><br></div><div class="spacer battle-history"><br></div><h2 class="battle-history">Turn 29</h2><div class="spacer battle-history"><br></div><div class="battle-history">ETERNAL SPIRIT withdrew Blastoise!<br></div><div class="battle-history">ETERNAL SPIRIT sent out <strong>Uxie</strong>!<br></div><div class="spacer battle-history"><br></div><div class="battle-history">Xatu used <strong>Roost</strong>!<br></div><div class="battle-history"><small>Xatu restored its HP.</small><br></div><div class="spacer battle-history"><br></div><div class="battle-history"><small>Xatu was hurt by its burn!</small><br></div><div class="spacer battle-history"><br></div><h2 class="battle-history">Turn 30</h2><div class="spacer battle-history"><br></div><div class="battle-history">Xatu used <strong>Toxic</strong>!<br></div><div class="battle-history"><small>The opposing Uxie was badly poisoned!</small><br></div><div class="spacer battle-history"><br></div><div class="battle-history">The opposing Uxie used <strong>U-turn</strong>!<br></div><div class="battle-history"><small>(Xatu lost <abbr title="−39/333">11.7%</abbr> of its health!)</small><br></div><div class="battle-history"><small>The opposing Uxie was hurt by the Rocky Helmet!</small><br></div><div class="spacer battle-history"><br></div><div class="battle-history">The opposing Uxie went back to ETERNAL SPIRIT!<br></div><div class="battle-history">ETERNAL SPIRIT sent out <strong>Emboar</strong>!<br></div><div class="spacer battle-history"><br></div><div class="battle-history"><small>Xatu was hurt by its burn!</small><br></div><div class="spacer battle-history"><br></div><h2 class="battle-history">Turn 31</h2><div class="spacer battle-history"><br></div><div class="battle-history">The opposing Emboar used <strong>Flare Blitz</strong>!<br></div><div class="battle-history"><small>(Xatu lost <abbr title="−212/333">63.7%</abbr> of its health!)</small><br></div><div class="battle-history"><small>The opposing Emboar was hurt by the Rocky Helmet!</small><br></div><div class="battle-history"><small>The opposing Emboar is damaged by the recoil!</small><br></div><div class="spacer battle-history"><br></div><div class="battle-history">Xatu fainted!<br></div><div class="spacer battle-history"><br></div><div class="battle-history">Go! <strong>Blastoise</strong>!<br></div><div class="spacer battle-history"><br></div><h2 class="battle-history">Turn 32</h2><div class="spacer battle-history"><br></div><div class="battle-history">ETERNAL SPIRIT withdrew Emboar!<br></div><div class="battle-history">ETERNAL SPIRIT sent out <strong>Blastoise</strong>!<br></div><div class="spacer battle-history"><br></div><div class="battle-history">Blastoise used <strong>Scald</strong>!<br></div><div class="battle-history"><small>It's not very effective...</small><br></div><div class="battle-history"><small>(The opposing Blastoise lost <abbr title="−42/362">11.6%</abbr> of its health!)</small><br></div><div class="spacer battle-history"><br></div><div class="battle-history"><small>Blastoise restored a little HP using its Leftovers!</small><br></div><div class="battle-history"><small>The opposing Blastoise restored a little HP using its Leftovers!</small><br></div><div class="spacer battle-history"><br></div><h2 class="battle-history">Turn 33</h2><div class="spacer battle-history"><br></div><div class="battle-history">Blastoise used <strong>Toxic</strong>!<br></div><div class="battle-history"><small>The opposing Blastoise was badly poisoned!</small><br></div><div class="spacer battle-history"><br></div><div class="battle-history">The opposing Blastoise used <strong>Toxic</strong>!<br></div><div class="battle-history"><small>Blastoise was badly poisoned!</small><br></div><div class="spacer battle-history"><br></div><div class="battle-history"><small>Blastoise restored a little HP using its Leftovers!</small><br></div><div class="battle-history"><small>The opposing Blastoise restored a little HP using its Leftovers!</small><br></div><div class="battle-history"><small>Blastoise was hurt by poison!</small><br></div><div class="battle-history"><small>The opposing Blastoise was hurt by poison!</small><br></div><div class="spacer battle-history"><br></div><h2 class="battle-history">Turn 34</h2><div class="spacer battle-history"><br></div><div class="battle-history">ETERNAL SPIRIT withdrew Blastoise!<br></div><div class="battle-history">ETERNAL SPIRIT sent out <strong>Venusaur</strong>!<br></div><div class="spacer battle-history"><br></div><div class="battle-history">Blastoise used <strong>Refresh</strong>!<br></div><div class="battle-history"><small>Blastoise was cured of its poisoning.</small><br></div><div class="spacer battle-history"><br></div><div class="battle-history"><small>Blastoise restored a little HP using its Leftovers!</small><br></div><div class="spacer battle-history"><br></div><h2 class="battle-history">Turn 35</h2><div class="spacer battle-history"><br></div><div class="battle-history">Blastoise, come back!<br></div><div class="battle-history">Go! <strong>Virizion</strong>!<br></div><div class="spacer battle-history"><br></div><div class="battle-history">The opposing Venusaur used <strong>Sludge Bomb</strong>!<br></div><div class="battle-history"><small>It's super effective!</small><br></div><div class="battle-history"><small>(Virizion lost <abbr title="−237/323">73.4%</abbr> of its health!)</small><br></div><div class="battle-history"><small>The opposing Venusaur lost some of its HP!</small><br></div><div class="spacer battle-history"><br></div><div class="battle-history">Virizion fainted!<br></div><div class="spacer battle-history"><br></div><div class="battle-history">Go! <strong>Sneasel</strong>!<br></div><div class="spacer battle-history"><br></div><h2 class="battle-history">Turn 36</h2><div class="spacer battle-history"><br></div><div class="battle-history"><small>(The opposing Venusaur is being withdrawn...)</small><br></div><div class="spacer battle-history"><br></div><div class="battle-history">Sneasel used <strong>Pursuit</strong>!<br></div><div class="battle-history"><small>(The opposing Venusaur lost <abbr title="−205/301">68.1%</abbr> of its health!)</small><br></div><div class="spacer battle-history"><br></div><div class="battle-history">ETERNAL SPIRIT withdrew Venusaur!<br></div><div class="battle-history">ETERNAL SPIRIT sent out <strong>Blastoise</strong>!<br></div><div class="spacer battle-history"><br></div><div class="battle-history"><small>The opposing Blastoise restored a little HP using its Leftovers!</small><br></div><div class="battle-history"><small>The opposing Blastoise was hurt by poison!</small><br></div><div class="spacer battle-history"><br></div><h2 class="battle-history">Turn 37</h2><div class="spacer battle-history"><br></div><div class="battle-history">Sneasel, come back!<br></div><div class="battle-history">Go! <strong>Blastoise</strong>!<br></div><div class="spacer battle-history"><br></div><div class="battle-history">The opposing Blastoise used <strong>Refresh</strong>!<br></div><div class="battle-history"><small>The opposing Blastoise was cured of its poisoning.</small><br></div><div class="spacer battle-history"><br></div><div class="battle-history"><small>Blastoise restored a little HP using its Leftovers!</small><br></div><div class="battle-history"><small>The opposing Blastoise restored a little HP using its Leftovers!</small><br></div><div class="spacer battle-history"><br></div><h2 class="battle-history">Turn 38</h2><div class="spacer battle-history"><br></div><div class="battle-history">Blastoise used <strong>Scald</strong>!<br></div><div class="battle-history"><small>It's not very effective...</small><br></div><div class="battle-history"><small>(The opposing Blastoise lost <abbr title="−42/362">11.6%</abbr> of its health!)</small><br></div><div class="spacer battle-history"><br></div><div class="battle-history">The opposing Blastoise used <strong>Scald</strong>!<br></div><div class="battle-history"><small>It's not very effective...</small><br></div><div class="battle-history"><small>(Blastoise lost <abbr title="−42/362">11.6%</abbr> of its health!)</small><br></div><div class="battle-history"><small>Blastoise was burned!</small><br></div><div class="spacer battle-history"><br></div><div class="battle-history"><small>Blastoise restored a little HP using its Leftovers!</small><br></div><div class="battle-history"><small>The opposing Blastoise restored a little HP using its Leftovers!</small><br></div><div class="battle-history"><small>Blastoise was hurt by its burn!</small><br></div><div class="spacer battle-history"><br></div><h2 class="battle-history">Turn 39</h2><div class="spacer battle-history"><br></div><div class="battle-history">ETERNAL SPIRIT withdrew Blastoise!<br></div><div class="battle-history">ETERNAL SPIRIT sent out <strong>Venusaur</strong>!<br></div><div class="spacer battle-history"><br></div><div class="battle-history">Blastoise used <strong>Refresh</strong>!<br></div><div class="battle-history"><small>Blastoise's burn was healed.</small><br></div><div class="spacer battle-history"><br></div><div class="battle-history"><small>Blastoise restored a little HP using its Leftovers!</small><br></div><div class="spacer battle-history"><br></div><h2 class="battle-history">Turn 40</h2><div class="spacer battle-history"><br></div><div class="battle-history">Blastoise, come back!<br></div><div class="battle-history">Go! <strong>Steelix</strong>!<br></div><div class="spacer battle-history"><br></div><div class="battle-history">The opposing Venusaur used <strong>Leaf Storm</strong>!<br></div><div class="battle-history"><small>(Steelix lost <abbr title="−331/354">93.5%</abbr> of its health!)</small><br></div><div class="battle-history"><small>The opposing Venusaur's Special Attack fell harshly!</small><br></div><div class="battle-history"><small>The opposing Venusaur lost some of its HP!</small><br></div><div class="spacer battle-history"><br></div><div class="battle-history"><small>Steelix restored a little HP using its Leftovers!</small><br></div><div class="spacer battle-history"><br></div><h2 class="battle-history">Turn 41</h2><div class="spacer battle-history"><br></div><div class="battle-history">The opposing Venusaur used <strong>Synthesis</strong>!<br></div><div class="battle-history"><small>The opposing Venusaur restored its HP.</small><br></div><div class="spacer battle-history"><br></div><div class="battle-history">Steelix used <strong>Stealth Rock</strong>!<br></div><div class="battle-history"><small>Pointed stones float in the air around the opposing team!</small><br></div><div class="spacer battle-history"><br></div><div class="battle-history"><small>Steelix restored a little HP using its Leftovers!</small><br></div><div class="spacer battle-history"><br></div><h2 class="battle-history">Turn 42</h2><div class="spacer battle-history"><br></div><div class="battle-history">ETERNAL SPIRIT withdrew Venusaur!<br></div><div class="battle-history">ETERNAL SPIRIT sent out <strong>Blastoise</strong>!<br></div><div class="battle-history"><small>Pointed stones dug into the opposing Blastoise!</small><br></div><div class="spacer battle-history"><br></div><div class="battle-history">Steelix, come back!<br></div><div class="battle-history">Go! <strong>Sneasel</strong>!<br></div><div class="spacer battle-history"><br></div><div class="battle-history"><small>The opposing Blastoise restored a little HP using its Leftovers!</small><br></div><div class="spacer battle-history"><br></div><h2 class="battle-history">Turn 43</h2><div class="spacer battle-history"><br></div><div class="battle-history">Sneasel used <strong>Knock Off</strong>!<br></div><div class="battle-history"><small>(The opposing Blastoise lost <abbr title="−150/362">41.4%</abbr> of its health!)</small><br></div><div class="battle-history"><small>Sneasel knocked off the opposing Blastoise's Leftovers!</small><br></div><div class="spacer battle-history"><br></div><div class="battle-history">The opposing Blastoise used <strong>Scald</strong>!<br></div><div class="battle-history"><small>(Sneasel lost <abbr title="−108/251">43.0%</abbr> of its health!)</small><br></div><div class="spacer battle-history"><br></div><h2 class="battle-history">Turn 44</h2><div class="spacer battle-history"><br></div><div class="battle-history">Sneasel, come back!<br></div><div class="battle-history">Go! <strong>Blastoise</strong>!<br></div><div class="spacer battle-history"><br></div><div class="battle-history">The opposing Blastoise used <strong>Rapid Spin</strong>!<br></div><div class="battle-history"><small>(Blastoise lost <abbr title="−9/362">2.5%</abbr> of its health!)</small><br></div><div class="battle-history"><small>The pointed stones disappeared from around the opposing team!</small><br></div><div class="spacer battle-history"><br></div><div class="battle-history"><small>Blastoise restored a little HP using its Leftovers!</small><br></div><div class="spacer battle-history"><br></div><h2 class="battle-history">Turn 45</h2><div class="spacer battle-history"><br></div><div class="battle-history">Blastoise used <strong>Scald</strong>!<br></div><div class="battle-history"><small>It's not very effective...</small><br></div><div class="battle-history"><small>(The opposing Blastoise lost <abbr title="−42/362">11.6%</abbr> of its health!)</small><br></div><div class="battle-history"><small>The opposing Blastoise was burned!</small><br></div><div class="spacer battle-history"><br></div><div class="battle-history">The opposing Blastoise used <strong>Toxic</strong>!<br></div><div class="battle-history"><small>Blastoise was badly poisoned!</small><br></div><div class="spacer battle-history"><br></div><div class="battle-history"><small>Blastoise restored a little HP using its Leftovers!</small><br></div><div class="battle-history"><small>Blastoise was hurt by poison!</small><br></div><div class="battle-history"><small>The opposing Blastoise was hurt by its burn!</small><br></div><div class="spacer battle-history"><br></div><h2 class="battle-history">Turn 46</h2><div class="spacer battle-history"><br></div><div class="battle-history">ETERNAL SPIRIT withdrew Blastoise!<br></div><div class="battle-history">ETERNAL SPIRIT sent out <strong>Venusaur</strong>!<br></div><div class="spacer battle-history"><br></div><div class="battle-history">Blastoise used <strong>Refresh</strong>!<br></div><div class="battle-history"><small>Blastoise was cured of its poisoning.</small><br></div><div class="spacer battle-history"><br></div><div class="battle-history"><small>Blastoise restored a little HP using its Leftovers!</small><br></div><div class="spacer battle-history"><br></div><h2 class="battle-history">Turn 47</h2><div class="spacer battle-history"><br></div><div class="battle-history">Blastoise, come back!<br></div><div class="battle-history">Go! <strong>Steelix</strong>!<br></div><div class="spacer battle-history"><br></div><div class="battle-history">The opposing Venusaur used <strong>Synthesis</strong>!<br></div><div class="battle-history"><small>The opposing Venusaur restored its HP.</small><br></div><div class="spacer battle-history"><br></div><div class="battle-history"><small>Steelix restored a little HP using its Leftovers!</small><br></div><div class="spacer battle-history"><br></div><h2 class="battle-history">Turn 48</h2><div class="spacer battle-history"><br></div><div class="battle-history">Steelix, come back!<br></div><div class="battle-history">Go! <strong>Fletchinder</strong>!<br></div><div class="spacer battle-history"><br></div><div class="battle-history">The opposing Venusaur used <strong>Leaf Storm</strong>!<br></div><div class="battle-history"><small>It's not very effective...</small><br></div><div class="battle-history"><small>(Fletchinder lost <abbr title="−105/303">34.7%</abbr> of its health!)</small><br></div><div class="battle-history"><small>The opposing Venusaur's Special Attack fell harshly!</small><br></div><div class="battle-history"><small>The opposing Venusaur lost some of its HP!</small><br></div><div class="spacer battle-history"><br></div><h2 class="battle-history">Turn 49</h2><div class="spacer battle-history"><br></div><div class="battle-history">The opposing Venusaur used <strong>Sludge Bomb</strong>!<br></div><div class="battle-history"><small>(Fletchinder lost <abbr title="−130/303">42.9%</abbr> of its health!)</small><br></div><div class="battle-history"><small>The opposing Venusaur lost some of its HP!</small><br></div><div class="spacer battle-history"><br></div><div class="battle-history">Fletchinder is fast asleep.<br></div><div class="spacer battle-history"><br></div><h2 class="battle-history">Turn 50</h2><div class="spacer battle-history"><br></div><div class="battle-history">ETERNAL SPIRIT withdrew Venusaur!<br></div><div class="battle-history">ETERNAL SPIRIT sent out <strong>Uxie</strong>!<br></div><div class="spacer battle-history"><br></div><div class="battle-history">Fletchinder is fast asleep.<br></div><div class="spacer battle-history"><br></div><div class="battle-history"><small>The opposing Uxie restored a little HP using its Leftovers!</small><br></div><div class="battle-history"><small>The opposing Uxie was hurt by poison!</small><br></div><div class="spacer battle-history"><br></div><h2 class="battle-history">Turn 51</h2><div class="spacer battle-history"><br></div><div class="battle-history"><small>Fletchinder woke up!</small><br></div><div class="spacer battle-history"><br></div><div class="battle-history">Fletchinder used <strong>Roost</strong>!<br></div><div class="battle-history"><small>Fletchinder restored its HP.</small><br></div><div class="spacer battle-history"><br></div><div class="battle-history">The opposing Uxie used <strong>Stealth Rock</strong>!<br></div><div class="battle-history"><small>Pointed stones float in the air around your team!</small><br></div><div class="spacer battle-history"><br></div><div class="battle-history"><small>The opposing Uxie restored a little HP using its Leftovers!</small><br></div><div class="battle-history"><small>The opposing Uxie was hurt by poison!</small><br></div><div class="spacer battle-history"><br></div><h2 class="battle-history">Turn 52</h2><div class="spacer battle-history"><br></div><div class="battle-history">Fletchinder used <strong>Acrobatics</strong>!<br></div><div class="battle-history"><small>(The opposing Uxie lost <abbr title="−108/354">30.5%</abbr> of its health!)</small><br></div><div class="spacer battle-history"><br></div><div class="battle-history">The opposing Uxie used <strong>Thunder Wave</strong>!<br></div><div class="battle-history"><small>Fletchinder is paralyzed! It may be unable to move!</small><br></div><div class="spacer battle-history"><br></div><div class="battle-history"><small>The opposing Uxie restored a little HP using its Leftovers!</small><br></div><div class="battle-history"><small>The opposing Uxie was hurt by poison!</small><br></div><div class="spacer battle-history"><br></div><h2 class="battle-history">Turn 53</h2><div class="spacer battle-history"><br></div><div class="battle-history">The opposing Uxie used <strong>Psyshock</strong>!<br></div><div class="battle-history"><small>(Fletchinder lost <abbr title="−103/303">34.0%</abbr> of its health!)</small><br></div><div class="spacer battle-history"><br></div><div class="battle-history">Fletchinder used <strong>Will-O-Wisp</strong>!<br></div><div class="battle-history"><small>But it failed!</small><br></div><div class="spacer battle-history"><br></div><div class="battle-history"><small>The opposing Uxie restored a little HP using its Leftovers!</small><br></div><div class="battle-history"><small>The opposing Uxie was hurt by poison!</small><br></div><div class="spacer battle-history"><br></div><h2 class="battle-history">Turn 54</h2><div class="spacer battle-history"><br></div><div class="battle-history">Fletchinder used <strong>Roost</strong>!<br></div><div class="battle-history"><small>Fletchinder restored its HP.</small><br></div><div class="spacer battle-history"><br></div><div class="battle-history">The opposing Uxie used <strong>U-turn</strong>!<br></div><div class="battle-history"><small>It's not very effective...</small><br></div><div class="battle-history"><small>(Fletchinder lost <abbr title="−28/303">9.2%</abbr> of its health!)</small><br></div><div class="spacer battle-history"><br></div><div class="battle-history">The opposing Uxie went back to ETERNAL SPIRIT!<br></div><div class="battle-history">ETERNAL SPIRIT sent out <strong>Rhyperior</strong>!<br></div><div class="spacer battle-history"><br></div><h2 class="battle-history">Turn 55</h2><div class="spacer battle-history"><br></div><div class="battle-history">Fletchinder, come back!<br></div><div class="battle-history">Go! <strong>Blastoise</strong>!<br></div><div class="battle-history"><small>Pointed stones dug into Blastoise!</small><br></div><div class="spacer battle-history"><br></div><div class="battle-history">The opposing Rhyperior used <strong>Stone Edge</strong>!<br></div><div class="battle-history"><small>(Blastoise lost <abbr title="−187/362">51.7%</abbr> of its health!)</small><br></div><div class="battle-history"><small>The opposing Rhyperior lost some of its HP!</small><br></div><div class="spacer battle-history"><br></div><div class="battle-history">Blastoise fainted!<br></div><div class="spacer battle-history"><br></div><div class="battle-history">Go! <strong>Sneasel</strong>!<br></div><div class="battle-history"><small>Pointed stones dug into Sneasel!</small><br></div><div class="spacer battle-history"><br></div><h2 class="battle-history">Turn 56</h2><div class="spacer battle-history"><br></div><div class="battle-history">ETERNAL SPIRIT withdrew Rhyperior!<br></div><div class="battle-history">ETERNAL SPIRIT sent out <strong>Uxie</strong>!<br></div><div class="spacer battle-history"><br></div><div class="battle-history">Sneasel used <strong>Icicle Crash</strong>!<br></div><div class="battle-history"><small>(The opposing Uxie lost <abbr title="−55/354">15.5%</abbr> of its health!)</small><br></div><div class="spacer battle-history"><br></div><div class="battle-history">The opposing Uxie fainted!<br></div><div class="spacer battle-history"><br></div><div class="battle-history">ETERNAL SPIRIT sent out <strong>Emboar</strong>!<br></div><div class="spacer battle-history"><br></div><h2 class="battle-history">Turn 57</h2><div class="spacer battle-history"><br></div><div class="battle-history">Sneasel, come back!<br></div><div class="battle-history">Go! <strong>Steelix</strong>!<br></div><div class="battle-history"><small>Pointed stones dug into Steelix!</small><br></div><div class="spacer battle-history"><br></div><div class="battle-history">The opposing Emboar used <strong>Flare Blitz</strong>!<br></div><div class="battle-history"><small>It's super effective!</small><br></div><div class="battle-history"><small>(Steelix lost <abbr title="−78/354">22.0%</abbr> of its health!)</small><br></div><div class="battle-history"><small>The opposing Emboar is damaged by the recoil!</small><br></div><div class="spacer battle-history"><br></div><div class="battle-history">Steelix fainted!<br></div><div class="spacer battle-history"><br></div><div class="battle-history">Go! <strong>Fletchinder</strong>!<br></div><div class="battle-history"><small>Pointed stones dug into Fletchinder!</small><br></div><div class="spacer battle-history"><br></div><h2 class="battle-history">Turn 58</h2><div class="spacer battle-history"><br></div><div class="battle-history">ETERNAL SPIRIT withdrew Emboar!<br></div><div class="battle-history">ETERNAL SPIRIT sent out <strong>Blastoise</strong>!<br></div><div class="spacer battle-history"><br></div><div class="battle-history">Fletchinder is paralyzed! It can't move!<br></div><div class="spacer battle-history"><br></div><div class="battle-history"><small>The opposing Blastoise was hurt by its burn!</small><br></div><div class="spacer battle-history"><br></div><h2 class="battle-history">Turn 59</h2><div class="spacer battle-history"><br></div><div class="battle-history">Fletchinder used <strong>Acrobatics</strong>!<br></div><div class="battle-history"><small>(The opposing Blastoise lost <abbr title="−37/362">10.2%</abbr> of its health!)</small><br></div><div class="spacer battle-history"><br></div><div class="battle-history">The opposing Blastoise fainted!<br></div><div class="spacer battle-history"><br></div><div class="battle-history">ETERNAL SPIRIT sent out <strong>Rhyperior</strong>!<br></div><div class="spacer battle-history"><br></div><h2 class="battle-history">Turn 60</h2><div class="spacer battle-history"><br></div><div class="battle-history">The opposing Rhyperior used <strong>Ice Punch</strong>!<br></div><div class="battle-history"><small>(Fletchinder lost <abbr title="−90/303">29.7%</abbr> of its health!)</small><br></div><div class="battle-history"><small>The opposing Rhyperior lost some of its HP!</small><br></div><div class="spacer battle-history"><br></div><div class="battle-history">Fletchinder fainted!<br></div><div class="spacer battle-history"><br></div><div class="battle-history">Go! <strong>Sneasel</strong>!<br></div><div class="battle-history"><small>Pointed stones dug into Sneasel!</small><br></div><div class="spacer battle-history"><br></div><h2 class="battle-history">Turn 61</h2><div class="spacer battle-history"><br></div><div class="battle-history">Sneasel used <strong>Icicle Crash</strong>!<br></div><div class="battle-history"><small>It's super effective!</small><br></div><div class="battle-history"><small>(The opposing Rhyperior lost <abbr title="−217/371">58.5%</abbr> of its health!)</small><br></div><div class="spacer battle-history"><br></div><div class="battle-history">The opposing Rhyperior flinched and couldn't move!<br></div><div class="spacer battle-history"><br></div><h2 class="battle-history">Turn 62</h2><div class="spacer battle-history"><br></div><div class="battle-history">Sneasel used <strong>Icicle Crash</strong>!<br></div><div class="battle-history"><small>It's super effective!</small><br></div><div class="battle-history"><small>(The opposing Rhyperior lost <abbr title="−80/371">21.6%</abbr> of its health!)</small><br></div><div class="spacer battle-history"><br></div><div class="battle-history">The opposing Rhyperior fainted!<br></div><div class="spacer battle-history"><br></div><div class="battle-history">ETERNAL SPIRIT sent out <strong>Emboar</strong>!<br></div><div class="spacer battle-history"><br></div><h2 class="battle-history">Turn 63</h2><div class="chat chatmessage-eternalspirit"><strong style="color:hsl(282,74%,48.225930964200685%)"><small>★</small><span class="username" data-name="ETERNAL SPIRIT">ETERNAL SPIRIT</span>:</strong> <em>gg</em></div><div class="chat chatmessage-void"><strong style="color:hsl(63,86%,31.049664210238536%)"><small>★</small><span class="username" data-name="Void">Void</span>:</strong> <em>gg</em></div><div class="spacer battle-history"><br></div><div class="battle-history">The opposing Emboar used <strong>Flare Blitz</strong>!<br></div><div class="battle-history"><small>It's super effective!</small><br></div><div class="battle-history"><small>(Sneasel lost <abbr title="−19/251">7.6%</abbr> of its health!)</small><br></div><div class="battle-history"><small>The opposing Emboar is damaged by the recoil!</small><br></div><div class="spacer battle-history"><br></div><div class="battle-history">Sneasel fainted!<br></div><div class="spacer battle-history"><br></div><div class="battle-history"><strong>ETERNAL SPIRIT</strong> won the battle!<br></div></div><div class="inner-preempt"></div></div></div>
</div>
<script>
let daily = Math.floor(Date.now()/1000/60/60/24);document.write('<script src="https://play.pokemonshowdown.com/js/replay-embed.js?version'+daily+'"></'+'script>');
</script>
