<!DOCTYPE html>
<meta charset="utf-8" />
<!-- version 1 -->
<title>RU replay: Steel Ball vs. Casserou</title>
<style>
html,body {font-family:Verdana, sans-serif;font-size:10pt;margin:0;padding:0;}body{padding:12px 0;} .battle-log {font-family:Verdana, sans-serif;font-size:10pt;} .battle-log-inline {border:1px solid #AAAAAA;background:#EEF2F5;color:black;max-width:640px;margin:0 auto 80px;padding-bottom:5px;} .battle-log .inner {padding:4px 8px 0px 8px;} .battle-log .inner-preempt {padding:0 8px 4px 8px;} .battle-log .inner-after {margin-top:0.5em;} .battle-log h2 {margin:0.5em -8px;padding:4px 8px;border:1px solid #AAAAAA;background:#E0E7EA;border-left:0;border-right:0;font-family:Verdana, sans-serif;font-size:13pt;} .battle-log .chat {vertical-align:middle;padding:3px 0 3px 0;font-size:8pt;} .battle-log .chat strong {color:#40576A;} .battle-log .chat em {padding:1px 4px 1px 3px;color:#000000;font-style:normal;} .chat.mine {background:rgba(0,0,0,0.05);margin-left:-8px;margin-right:-8px;padding-left:8px;padding-right:8px;} .spoiler {color:#BBBBBB;background:#BBBBBB;padding:0px 3px;} .spoiler:hover, .spoiler:active, .spoiler-shown {color:#000000;background:#E2E2E2;padding:0px 3px;} .spoiler a {color:#BBBBBB;} .spoiler:hover a, .spoiler:active a, .spoiler-shown a {color:#2288CC;} .chat code, .chat .spoiler:hover code, .chat .spoiler:active code, .chat .spoiler-shown code {border:1px solid #C0C0C0;background:#EEEEEE;color:black;padding:0 2px;} .chat .spoiler code {border:1px solid #CCCCCC;background:#CCCCCC;color:#CCCCCC;} .battle-log .rated {padding:3px 4px;} .battle-log .rated strong {color:white;background:#89A;padding:1px 4px;border-radius:4px;} .spacer {margin-top:0.5em;} .message-announce {background:#6688AA;color:white;padding:1px 4px 2px;} .message-announce a, .broadcast-green a, .broadcast-blue a, .broadcast-red a {color:#DDEEFF;} .broadcast-green {background-color:#559955;color:white;padding:2px 4px;} .broadcast-blue {background-color:#6688AA;color:white;padding:2px 4px;} .infobox {border:1px solid #6688AA;padding:2px 4px;} .infobox-limited {max-height:200px;overflow:auto;overflow-x:hidden;} .broadcast-red {background-color:#AA5544;color:white;padding:2px 4px;} .message-learn-canlearn {font-weight:bold;color:#228822;text-decoration:underline;} .message-learn-cannotlearn {font-weight:bold;color:#CC2222;text-decoration:underline;} .message-effect-weak {font-weight:bold;color:#CC2222;} .message-effect-resist {font-weight:bold;color:#6688AA;} .message-effect-immune {font-weight:bold;color:#666666;} .message-learn-list {margin-top:0;margin-bottom:0;} .message-throttle-notice, .message-error {color:#992222;} .message-overflow, .chat small.message-overflow {font-size:0pt;} .message-overflow::before {font-size:9pt;content:'...';} .subtle {color:#3A4A66;}
</style>
<div class="wrapper replay-wrapper" style="max-width:1180px;margin:0 auto">
<input type="hidden" name="replayid" value="ru-565012982" />
<div class="battle"></div><div class="battle-log"></div><div class="replay-controls"></div><div class="replay-controls-2"></div>
<h1 style="font-weight:normal;text-align:center"><strong>RU</strong><br /><a href="http://pokemonshowdown.com/users/steelball" class="subtle" target="_blank">Steel Ball</a> vs. <a href="http://pokemonshowdown.com/users/casserou" class="subtle" target="_blank">Casserou</a></h1>
<script type="text/plain" class="battle-log-data">|j|Steel Ball
|j|Casserou
|player|p1|Steel Ball|#communitytutoring
|player|p2|Casserou|10
|gametype|singles
|gen|6
|tier|RU
|seed|64458,13562,54940,21437
|rule|Sleep Clause Mod: Limit one foe put to sleep
|rule|Species Clause: Limit one of each Pokémon
|rule|OHKO Clause: OHKO moves are banned
|rule|Moody Clause: Moody is banned
|rule|Evasion Moves Clause: Evasion moves are banned
|rule|Endless Battle Clause: Forcing endless battles is banned
|rule|HP Percentage Mod: HP is shown in percentages
|clearpoke
|poke|p1|Virizion|item
|poke|p1|Magneton|item
|poke|p1|Emboar, F|item
|poke|p1|Flygon, F|item
|poke|p1|Uxie|item
|poke|p1|Sneasel, F|item
|poke|p2|Smeargle, M|item
|poke|p2|Alomomola, F|item
|poke|p2|Virizion|item
|poke|p2|Aerodactyl, M|item
|poke|p2|Spiritomb, M|item
|poke|p2|Medicham, M|item
|rule|Swagger Clause: Swagger is banned
|rule|Baton Pass Clause: Limit one Baton Passer, can't pass Spe and other stats simultaneously
|teampreview
|j|Stats Bot
|l|Stats Bot
|j|NanuDesuKa
|c| NanuDesuKa|gl both
|j|TheJoker92
|c|☆Casserou|gl
|choice|team 1, team 2, team 3, team 4, team 5, team 6|team 1, team 2, team 3, team 4, team 5, team 6
|
|start
|switch|p1a: Virizion|Virizion|323\/323
|switch|p2a: Smeargle|Smeargle, M|313\/313
|turn|1
|j|TheMysteryIdealer
|c|☆Steel Ball|hf
|choice|move leafblade|move stickyweb
|
|move|p1a: Virizion|Leaf Blade|p2a: Smeargle
|-damage|p2a: Smeargle|19\/313
|move|p2a: Smeargle|Sticky Web|p1a: Virizion
|-sidestart|p1: Steel Ball|move: Sticky Web
|
|upkeep
|turn|2
|choice|move leafblade|move stealthrock
|
|move|p1a: Virizion|Leaf Blade|p2a: Smeargle
|-damage|p2a: Smeargle|0 fnt
|faint|p2a: Smeargle
|
|upkeep
|choice||switch 4
|
|switch|p2a: Aerodactyl|Aerodactyl, M|301\/301
|-ability|p2a: Aerodactyl|Pressure
|turn|3
|choice|move closecombat|move earthquake
|
|move|p2a: Aerodactyl|Earthquake|p1a: Virizion
|-resisted|p1a: Virizion
|-damage|p1a: Virizion|239\/323
|-damage|p2a: Aerodactyl|271\/301|[from] item: Life Orb
|move|p1a: Virizion|Close Combat|p2a: Aerodactyl
|-damage|p2a: Aerodactyl|28\/301
|-unboost|p1a: Virizion|def|1
|-unboost|p1a: Virizion|spd|1
|
|upkeep
|turn|4
|choice|move leafblade|move aerialace
|
|move|p2a: Aerodactyl|Aerial Ace|p1a: Virizion
|-supereffective|p1a: Virizion
|-crit|p1a: Virizion
|-damage|p1a: Virizion|0 fnt
|-damage|p2a: Aerodactyl|0 fnt|[from] item: Life Orb
|faint|p1a: Virizion
|faint|p2a: Aerodactyl
|
|upkeep
|choice|switch 4|switch 3
|
|switch|p2a: Virizion|Virizion|323\/323
|switch|p1a: Flygon|Flygon, F|363\/363
|turn|5
|choice|switch 3|move swordsdance
|
|switch|p1a: Emboar|Emboar, F|424\/424
|-activate|p1a: Emboar|move: Sticky Web
|-unboost|p1a: Emboar|spe|1
|move|p2a: Virizion|Swords Dance|p2a: Virizion
|-boost|p2a: Virizion|atk|2
|
|upkeep
|turn|6
|choice|move flareblitz|move closecombat
|
|move|p2a: Virizion|Close Combat|p1a: Emboar
|-damage|p1a: Emboar|120\/424
|-unboost|p2a: Virizion|def|1
|-unboost|p2a: Virizion|spd|1
|move|p1a: Emboar|Flare Blitz|p2a: Virizion
|-supereffective|p2a: Virizion
|-damage|p2a: Virizion|0 fnt
|-damage|p1a: Emboar|13\/424|[from] recoil|[of] p2a: Virizion
|faint|p2a: Virizion
|
|-heal|p1a: Emboar|39\/424|[from] item: Leftovers
|upkeep
|choice||switch 2
|
|switch|p2a: Alomomola|Alomomola, F|534\/534
|turn|7
|choice|switch 3|move scald
|
|switch|p1a: Flygon|Flygon, F|363\/363
|move|p2a: Alomomola|Scald|p1a: Flygon
|-damage|p1a: Flygon|309\/363
|
|-heal|p1a: Flygon|331\/363|[from] item: Leftovers
|upkeep
|turn|8
|choice|move defog|move toxic
|
|move|p1a: Flygon|Defog|p2a: Alomomola
|-unboost|p2a: Alomomola|evasion|1
|-sideend|p1: Steel Ball|Sticky Web|[from] move: Defog|[of] p1a: Flygon
|move|p2a: Alomomola|Toxic|p1a: Flygon
|-status|p1a: Flygon|tox
|
|-heal|p1a: Flygon|353\/363 tox|[from] item: Leftovers
|-damage|p1a: Flygon|331\/363 tox|[from] psn
|upkeep
|turn|9
|choice|move uturn|move wish
|
|move|p1a: Flygon|U-turn|p2a: Alomomola
|-damage|p2a: Alomomola|491\/534
|choice|switch 5|
|
|switch|p1a: Uxie|Uxie|353\/353
|move|p2a: Alomomola|Wish|p2a: Alomomola
|
|-heal|p2a: Alomomola|524\/534|[from] item: Leftovers
|upkeep
|turn|10
|choice|move uturn|move toxic
|
|move|p1a: Uxie|U-turn|p2a: Alomomola
|-damage|p2a: Alomomola|488\/534
|choice|switch 3|
|
|switch|p1a: Emboar|Emboar, F|39\/424
|move|p2a: Alomomola|Toxic|p1a: Emboar
|-status|p1a: Emboar|tox
|
|-heal|p2a: Alomomola|534\/534|[from] move: Wish|[wisher] Alomomola
|-heal|p1a: Emboar|65\/424 tox|[from] item: Leftovers
|-damage|p1a: Emboar|39\/424 tox|[from] psn
|upkeep
|turn|11
|choice|move toxic|move protect
|
|move|p2a: Alomomola|Protect|p2a: Alomomola
|-singleturn|p2a: Alomomola|Protect
|move|p1a: Emboar|Toxic|p2a: Alomomola
|-activate|p2a: Alomomola|move: Protect
|
|-heal|p1a: Emboar|65\/424 tox|[from] item: Leftovers
|-damage|p1a: Emboar|13\/424 tox|[from] psn
|upkeep
|turn|12
|choice|move toxic|switch 5
|
|switch|p2a: Spiritomb|Spiritomb, M|294\/294
|move|p1a: Emboar|Toxic|p2a: Spiritomb
|-status|p2a: Spiritomb|tox
|
|-heal|p1a: Emboar|39\/424 tox|[from] item: Leftovers
|-damage|p1a: Emboar|0 fnt|[from] psn
|-damage|p2a: Spiritomb|276\/294 tox|[from] psn
|upkeep
|faint|p1a: Emboar
|choice|switch 5|
|
|switch|p1a: Flygon|Flygon, F|331\/363 tox
|turn|13
|choice|move earthquake|move taunt
|
|move|p1a: Flygon|Earthquake|p2a: Spiritomb
|-damage|p2a: Spiritomb|162\/294 tox
|move|p2a: Spiritomb|Taunt|p1a: Flygon
|-start|p1a: Flygon|move: Taunt
|
|-heal|p1a: Flygon|353\/363 tox|[from] item: Leftovers
|-damage|p1a: Flygon|331\/363 tox|[from] psn
|-damage|p2a: Spiritomb|126\/294 tox|[from] psn
|upkeep
|turn|14
|choice|move uturn|move suckerpunch
|
|move|p2a: Spiritomb|Sucker Punch|p1a: Flygon
|-damage|p1a: Flygon|147\/363 tox
|move|p1a: Flygon|U-turn|p2a: Spiritomb
|-damage|p2a: Spiritomb|71\/294 tox
|choice|switch 6|
|
|switch|p1a: Sneasel|Sneasel, F|251\/251
|
|-damage|p2a: Spiritomb|17\/294 tox|[from] psn
|upkeep
|turn|15
|j|The Welsh Wall
|choice|move knockoff|move willowisp
|
|move|p1a: Sneasel|Knock Off|p2a: Spiritomb
|-damage|p2a: Spiritomb|0 fnt
|-enditem|p2a: Spiritomb|Black Glasses|[from] move: Knock Off|[of] p1a: Sneasel
|faint|p2a: Spiritomb
|
|upkeep
|choice||switch 6
|
|switch|p2a: Medicham|Medicham, M|261\/261
|turn|16
|choice|switch 6|move highjumpkick
|
|switch|p1a: Flygon|Flygon, F|147\/363 tox
|move|p2a: Medicham|High Jump Kick|p1a: Flygon
|-damage|p1a: Flygon|0 fnt
|faint|p1a: Flygon
|
|upkeep
|choice|switch 3|
|
|switch|p1a: Uxie|Uxie|353\/353
|turn|17
|choice|move psychic|switch 5
|
|switch|p2a: Alomomola|Alomomola, F|534\/534
|move|p1a: Uxie|Psychic|p2a: Alomomola
|-crit|p2a: Alomomola
|-damage|p2a: Alomomola|306\/534
|
|-heal|p2a: Alomomola|339\/534|[from] item: Leftovers
|upkeep
|turn|18
|choice|move uturn|move toxic
|
|move|p1a: Uxie|U-turn|p2a: Alomomola
|-damage|p2a: Alomomola|308\/534
|choice|switch 2|
|
|switch|p1a: Magneton|Magneton|241\/241
|move|p2a: Alomomola|Toxic|p1a: Magneton
|-immune|p1a: Magneton|[msg]
|
|-heal|p2a: Alomomola|341\/534|[from] item: Leftovers
|upkeep
|turn|19
|choice|move thunderbolt|move protect
|
|move|p2a: Alomomola|Protect|p2a: Alomomola
|-singleturn|p2a: Alomomola|Protect
|move|p1a: Magneton|Thunderbolt|p2a: Alomomola
|-activate|p2a: Alomomola|move: Protect
|
|-heal|p2a: Alomomola|374\/534|[from] item: Leftovers
|upkeep
|turn|20
|c|☆Steel Ball|gg
|choice|move thunderbolt|move scald
|
|move|p1a: Magneton|Thunderbolt|p2a: Alomomola
|-supereffective|p2a: Alomomola
|-damage|p2a: Alomomola|0 fnt
|faint|p2a: Alomomola
|
|upkeep
|choice||switch 5
|
|switch|p2a: Medicham|Medicham, M|261\/261
|turn|21
|choice|move voltswitch|move highjumpkick
|
|move|p2a: Medicham|High Jump Kick|p1a: Magneton
|-supereffective|p1a: Magneton
|-damage|p1a: Magneton|0 fnt
|faint|p1a: Magneton
|
|upkeep
|choice|switch 2|
|
|switch|p1a: Uxie|Uxie|353\/353
|turn|22
|choice|move psychic|move highjumpkick
|
|move|p2a: Medicham|High Jump Kick|p1a: Uxie
|-resisted|p1a: Uxie
|-damage|p1a: Uxie|258\/353
|move|p1a: Uxie|Psychic|p2a: Medicham
|-damage|p2a: Medicham|162\/261
|
|-heal|p1a: Uxie|280\/353|[from] item: Leftovers
|upkeep
|turn|23
|choice|move psychic|move highjumpkick
|
|move|p2a: Medicham|High Jump Kick|p1a: Uxie|[miss]
|-miss|p2a: Medicham|p1a: Uxie
|-damage|p2a: Medicham|32\/261|[from] highjumpkick
|move|p1a: Uxie|Psychic|p2a: Medicham
|-damage|p2a: Medicham|0 fnt
|faint|p2a: Medicham
|
|win|Steel Ball
|c| TheMysteryIdealer|hey steel ball
|l|Steel Ball</script>
</div>
<div class="battle-log battle-log-inline"><div class="inner"><div class="battle-options"></div><div class="inner"><div class="chat"><small>Steel Ball joined.</small></div><div class="chat"><small>Casserou joined.</small></div><div class=""><small>Format:</small> <br><strong>RU</strong></div><div class=""><small><em>Sleep Clause Mod:</em> Limit one foe put to sleep</small></div><div class=""><small><em>Species Clause:</em> Limit one of each Pokémon</small></div><div class=""><small><em>OHKO Clause:</em> OHKO moves are banned</small></div><div class=""><small><em>Moody Clause:</em> Moody is banned</small></div><div class=""><small><em>Evasion Moves Clause:</em> Evasion moves are banned</small></div><div class=""><small><em>Endless Battle Clause:</em> Forcing endless battles is banned</small></div><div class=""><small><em>HP Percentage Mod:</em> HP is shown in percentages</small></div><div class=""><small><em>Swagger Clause:</em> Swagger is banned</small></div><div class=""><small><em>Baton Pass Clause:</em> Limit one Baton Passer, can't pass Spe and other stats simultaneously</small></div><div class="chat battle-history"><strong>Steel Ball's team:</strong> <em style="color:#445566;display:block;">Virizion / Magneton / Emboar / Flygon / Uxie / Sneasel</em></div><div class="chat battle-history"><strong>Casserou's team:</strong> <em style="color:#445566;display:block;">Smeargle / Alomomola / Virizion / Aerodactyl / Spiritomb / Medicham</em></div><div class="chat"><small>Stats Bot joined.</small></div><div class="chat"><small>Stats Bot left.</small></div><div class="chat"><small>NanuDesuKa joined.</small></div><div class="chat chatmessage-nanudesuka"><strong style="color:hsl(253,73%,59.13003710615094%)"><small> </small><span class="username" data-name="NanuDesuKa">NanuDesuKa</span>:</strong> <em>gl both</em></div><div class="chat"><small>TheJoker92 joined.</small></div><div class="chat chatmessage-casserou"><strong style="color:hsl(241,67%,65.40791100335181%)"><small>☆</small><span class="username" data-name="Casserou">Casserou</span>:</strong> <em>gl</em></div><div class="spacer battle-history"><br></div><div class="battle-history">Battle started between Steel Ball and Casserou!<br></div><div class="spacer battle-history"><br></div><div class="battle-history">Go! <strong>Virizion</strong>!<br></div><div class="spacer battle-history"><br></div><div class="battle-history">Casserou sent out <strong>Smeargle</strong>!<br></div><div class="spacer battle-history"><br></div><h2 class="battle-history">Turn 1</h2><div class="chat"><small>TheMysteryIdealer joined.</small></div><div class="chat chatmessage-steelball"><strong style="color:hsl(321,70%,48%)"><small>☆</small><span class="username" data-name="Steel Ball">Steel Ball</span>:</strong> <em>hf</em></div><div class="spacer battle-history"><br></div><div class="battle-history">Virizion used <strong>Leaf Blade</strong>!<br></div><div class="battle-history"><small>(The opposing Smeargle lost <abbr title="−294/313">93.9%</abbr> of its health!)</small><br></div><div class="spacer battle-history"><br></div><div class="battle-history">The opposing Smeargle used <strong>Sticky Web</strong>!<br></div><div class="battle-history"><small>A sticky web spreads out on the ground around your team!</small><br></div><div class="spacer battle-history"><br></div><h2 class="battle-history">Turn 2</h2><div class="spacer battle-history"><br></div><div class="battle-history">Virizion used <strong>Leaf Blade</strong>!<br></div><div class="battle-history"><small>(The opposing Smeargle lost <abbr title="−19/313">6.1%</abbr> of its health!)</small><br></div><div class="spacer battle-history"><br></div><div class="battle-history">The opposing Smeargle fainted!<br></div><div class="spacer battle-history"><br></div><div class="battle-history">Casserou sent out <strong>Aerodactyl</strong>!<br></div><div class="battle-history"><small>[The opposing Aerodactyl's Pressure]</small><br><small>The opposing Aerodactyl is exerting its pressure!</small><br></div><div class="spacer battle-history"><br></div><h2 class="battle-history">Turn 3</h2><div class="spacer battle-history"><br></div><div class="battle-history">The opposing Aerodactyl used <strong>Earthquake</strong>!<br></div><div class="battle-history"><small>It's not very effective...</small><br></div><div class="battle-history"><small>(Virizion lost <abbr title="−84/323">26.0%</abbr> of its health!)</small><br></div><div class="battle-history"><small>The opposing Aerodactyl lost some of its HP!</small><br></div><div class="spacer battle-history"><br></div><div class="battle-history">Virizion used <strong>Close Combat</strong>!<br></div><div class="battle-history"><small>(The opposing Aerodactyl lost <abbr title="−243/301">80.7%</abbr> of its health!)</small><br></div><div class="battle-history"><small>Virizion's Defense fell!</small><br></div><div class="battle-history"><small>Virizion's Special Defense fell!</small><br></div><div class="spacer battle-history"><br></div><h2 class="battle-history">Turn 4</h2><div class="spacer battle-history"><br></div><div class="battle-history">The opposing Aerodactyl used <strong>Aerial Ace</strong>!<br></div><div class="battle-history"><small>It's super effective!</small><br></div><div class="battle-history"><small>A critical hit!</small><br></div><div class="battle-history"><small>(Virizion lost <abbr title="−239/323">74.0%</abbr> of its health!)</small><br></div><div class="battle-history"><small>The opposing Aerodactyl lost some of its HP!</small><br></div><div class="spacer battle-history"><br></div><div class="battle-history">Virizion fainted!<br></div><div class="battle-history">The opposing Aerodactyl fainted!<br></div><div class="spacer battle-history"><br></div><div class="battle-history">Casserou sent out <strong>Virizion</strong>!<br></div><div class="spacer battle-history"><br></div><div class="battle-history">Go! <strong>Flygon</strong>!<br></div><div class="spacer battle-history"><br></div><h2 class="battle-history">Turn 5</h2><div class="spacer battle-history"><br></div><div class="battle-history">Flygon, come back!<br></div><div class="battle-history">Go! <strong>Emboar</strong>!<br></div><div class="battle-history"><small>Emboar was caught in a sticky web!</small><br></div><div class="battle-history"><small>Emboar's Speed fell!</small><br></div><div class="spacer battle-history"><br></div><div class="battle-history">The opposing Virizion used <strong>Swords Dance</strong>!<br></div><div class="battle-history"><small>The opposing Virizion's Attack rose sharply!</small><br></div><div class="spacer battle-history"><br></div><h2 class="battle-history">Turn 6</h2><div class="spacer battle-history"><br></div><div class="battle-history">The opposing Virizion used <strong>Close Combat</strong>!<br></div><div class="battle-history"><small>(Emboar lost <abbr title="−304/424">71.7%</abbr> of its health!)</small><br></div><div class="battle-history"><small>The opposing Virizion's Defense fell!</small><br></div><div class="battle-history"><small>The opposing Virizion's Special Defense fell!</small><br></div><div class="spacer battle-history"><br></div><div class="battle-history">Emboar used <strong>Flare Blitz</strong>!<br></div><div class="battle-history"><small>It's super effective!</small><br></div><div class="battle-history"><small>(The opposing Virizion lost <abbr title="−323/323">100%</abbr> of its health!)</small><br></div><div class="battle-history"><small>Emboar is damaged by the recoil!</small><br></div><div class="spacer battle-history"><br></div><div class="battle-history">The opposing Virizion fainted!<br></div><div class="spacer battle-history"><br></div><div class="battle-history"><small>Emboar restored a little HP using its Leftovers!</small><br></div><div class="spacer battle-history"><br></div><div class="battle-history">Casserou sent out <strong>Alomomola</strong>!<br></div><div class="spacer battle-history"><br></div><h2 class="battle-history">Turn 7</h2><div class="spacer battle-history"><br></div><div class="battle-history">Emboar, come back!<br></div><div class="battle-history">Go! <strong>Flygon</strong>!<br></div><div class="spacer battle-history"><br></div><div class="battle-history">The opposing Alomomola used <strong>Scald</strong>!<br></div><div class="battle-history"><small>(Flygon lost <abbr title="−54/363">14.9%</abbr> of its health!)</small><br></div><div class="spacer battle-history"><br></div><div class="battle-history"><small>Flygon restored a little HP using its Leftovers!</small><br></div><div class="spacer battle-history"><br></div><h2 class="battle-history">Turn 8</h2><div class="spacer battle-history"><br></div><div class="battle-history">Flygon used <strong>Defog</strong>!<br></div><div class="battle-history"><small>The opposing Alomomola's evasiveness fell!</small><br></div><div class="battle-history"><small>The sticky web has disappeared from the ground around your team!</small><br></div><div class="spacer battle-history"><br></div><div class="battle-history">The opposing Alomomola used <strong>Toxic</strong>!<br></div><div class="battle-history"><small>Flygon was badly poisoned!</small><br></div><div class="spacer battle-history"><br></div><div class="battle-history"><small>Flygon restored a little HP using its Leftovers!</small><br></div><div class="battle-history"><small>Flygon was hurt by poison!</small><br></div><div class="spacer battle-history"><br></div><h2 class="battle-history">Turn 9</h2><div class="spacer battle-history"><br></div><div class="battle-history">Flygon used <strong>U-turn</strong>!<br></div><div class="battle-history"><small>(The opposing Alomomola lost <abbr title="−43/534">8.1%</abbr> of its health!)</small><br></div><div class="spacer battle-history"><br></div><div class="battle-history">Flygon went back to Steel Ball!<br></div><div class="battle-history">Go! <strong>Uxie</strong>!<br></div><div class="spacer battle-history"><br></div><div class="battle-history">The opposing Alomomola used <strong>Wish</strong>!<br></div><div class="spacer battle-history"><br></div><div class="battle-history"><small>The opposing Alomomola restored a little HP using its Leftovers!</small><br></div><div class="spacer battle-history"><br></div><h2 class="battle-history">Turn 10</h2><div class="spacer battle-history"><br></div><div class="battle-history">Uxie used <strong>U-turn</strong>!<br></div><div class="battle-history"><small>(The opposing Alomomola lost <abbr title="−36/534">6.7%</abbr> of its health!)</small><br></div><div class="spacer battle-history"><br></div><div class="battle-history">Uxie went back to Steel Ball!<br></div><div class="battle-history">Go! <strong>Emboar</strong>!<br></div><div class="spacer battle-history"><br></div><div class="battle-history">The opposing Alomomola used <strong>Toxic</strong>!<br></div><div class="battle-history"><small>Emboar was badly poisoned!</small><br></div><div class="spacer battle-history"><br></div><div class="battle-history"><small>Alomomola's wish came true!</small><br></div><div class="battle-history"><small>Emboar restored a little HP using its Leftovers!</small><br></div><div class="battle-history"><small>Emboar was hurt by poison!</small><br></div><div class="spacer battle-history"><br></div><h2 class="battle-history">Turn 11</h2><div class="spacer battle-history"><br></div><div class="battle-history">The opposing Alomomola used <strong>Protect</strong>!<br></div><div class="battle-history"><small>The opposing Alomomola protected itself!</small><br></div><div class="spacer battle-history"><br></div><div class="battle-history">Emboar used <strong>Toxic</strong>!<br></div><div class="battle-history"><small>The opposing Alomomola protected itself!</small><br></div><div class="spacer battle-history"><br></div><div class="battle-history"><small>Emboar restored a little HP using its Leftovers!</small><br></div><div class="battle-history"><small>Emboar was hurt by poison!</small><br></div><div class="spacer battle-history"><br></div><h2 class="battle-history">Turn 12</h2><div class="spacer battle-history"><br></div><div class="battle-history">Casserou withdrew Alomomola!<br></div><div class="battle-history">Casserou sent out <strong>Spiritomb</strong>!<br></div><div class="spacer battle-history"><br></div><div class="battle-history">Emboar used <strong>Toxic</strong>!<br></div><div class="battle-history"><small>The opposing Spiritomb was badly poisoned!</small><br></div><div class="spacer battle-history"><br></div><div class="battle-history"><small>Emboar restored a little HP using its Leftovers!</small><br></div><div class="battle-history"><small>Emboar was hurt by poison!</small><br></div><div class="battle-history"><small>The opposing Spiritomb was hurt by poison!</small><br></div><div class="spacer battle-history"><br></div><div class="battle-history">Emboar fainted!<br></div><div class="spacer battle-history"><br></div><div class="battle-history">Go! <strong>Flygon</strong>!<br></div><div class="spacer battle-history"><br></div><h2 class="battle-history">Turn 13</h2><div class="spacer battle-history"><br></div><div class="battle-history">Flygon used <strong>Earthquake</strong>!<br></div><div class="battle-history"><small>(The opposing Spiritomb lost <abbr title="−114/294">38.8%</abbr> of its health!)</small><br></div><div class="spacer battle-history"><br></div><div class="battle-history">The opposing Spiritomb used <strong>Taunt</strong>!<br></div><div class="battle-history"><small>Flygon fell for the taunt!</small><br></div><div class="spacer battle-history"><br></div><div class="battle-history"><small>Flygon restored a little HP using its Leftovers!</small><br></div><div class="battle-history"><small>Flygon was hurt by poison!</small><br></div><div class="battle-history"><small>The opposing Spiritomb was hurt by poison!</small><br></div><div class="spacer battle-history"><br></div><h2 class="battle-history">Turn 14</h2><div class="spacer battle-history"><br></div><div class="battle-history">The opposing Spiritomb used <strong>Sucker Punch</strong>!<br></div><div class="battle-history"><small>(Flygon lost <abbr title="−184/363">50.7%</abbr> of its health!)</small><br></div><div class="spacer battle-history"><br></div><div class="battle-history">Flygon used <strong>U-turn</strong>!<br></div><div class="battle-history"><small>(The opposing Spiritomb lost <abbr title="−55/294">18.7%</abbr> of its health!)</small><br></div><div class="spacer battle-history"><br></div><div class="battle-history">Flygon went back to Steel Ball!<br></div><div class="battle-history">Go! <strong>Sneasel</strong>!<br></div><div class="spacer battle-history"><br></div><div class="battle-history"><small>The opposing Spiritomb was hurt by poison!</small><br></div><div class="spacer battle-history"><br></div><h2 class="battle-history">Turn 15</h2><div class="chat"><small>The Welsh Wall joined.</small></div><div class="spacer battle-history"><br></div><div class="battle-history">Sneasel used <strong>Knock Off</strong>!<br></div><div class="battle-history"><small>(The opposing Spiritomb lost <abbr title="−17/294">5.8%</abbr> of its health!)</small><br></div><div class="battle-history"><small>Sneasel knocked off the opposing Spiritomb's Black Glasses!</small><br></div><div class="spacer battle-history"><br></div><div class="battle-history">The opposing Spiritomb fainted!<br></div><div class="spacer battle-history"><br></div><div class="battle-history">Casserou sent out <strong>Medicham</strong>!<br></div><div class="spacer battle-history"><br></div><h2 class="battle-history">Turn 16</h2><div class="spacer battle-history"><br></div><div class="battle-history">Sneasel, come back!<br></div><div class="battle-history">Go! <strong>Flygon</strong>!<br></div><div class="spacer battle-history"><br></div><div class="battle-history">The opposing Medicham used <strong>High Jump Kick</strong>!<br></div><div class="battle-history"><small>(Flygon lost <abbr title="−147/363">40.5%</abbr> of its health!)</small><br></div><div class="spacer battle-history"><br></div><div class="battle-history">Flygon fainted!<br></div><div class="spacer battle-history"><br></div><div class="battle-history">Go! <strong>Uxie</strong>!<br></div><div class="spacer battle-history"><br></div><h2 class="battle-history">Turn 17</h2><div class="spacer battle-history"><br></div><div class="battle-history">Casserou withdrew Medicham!<br></div><div class="battle-history">Casserou sent out <strong>Alomomola</strong>!<br></div><div class="spacer battle-history"><br></div><div class="battle-history">Uxie used <strong>Psychic</strong>!<br></div><div class="battle-history"><small>A critical hit!</small><br></div><div class="battle-history"><small>(The opposing Alomomola lost <abbr title="−228/534">42.7%</abbr> of its health!)</small><br></div><div class="spacer battle-history"><br></div><div class="battle-history"><small>The opposing Alomomola restored a little HP using its Leftovers!</small><br></div><div class="spacer battle-history"><br></div><h2 class="battle-history">Turn 18</h2><div class="spacer battle-history"><br></div><div class="battle-history">Uxie used <strong>U-turn</strong>!<br></div><div class="battle-history"><small>(The opposing Alomomola lost <abbr title="−31/534">5.8%</abbr> of its health!)</small><br></div><div class="spacer battle-history"><br></div><div class="battle-history">Uxie went back to Steel Ball!<br></div><div class="battle-history">Go! <strong>Magneton</strong>!<br></div><div class="spacer battle-history"><br></div><div class="battle-history">The opposing Alomomola used <strong>Toxic</strong>!<br></div><div class="battle-history"><small>It doesn't affect Magneton...</small><br></div><div class="spacer battle-history"><br></div><div class="battle-history"><small>The opposing Alomomola restored a little HP using its Leftovers!</small><br></div><div class="spacer battle-history"><br></div><h2 class="battle-history">Turn 19</h2><div class="spacer battle-history"><br></div><div class="battle-history">The opposing Alomomola used <strong>Protect</strong>!<br></div><div class="battle-history"><small>The opposing Alomomola protected itself!</small><br></div><div class="spacer battle-history"><br></div><div class="battle-history">Magneton used <strong>Thunderbolt</strong>!<br></div><div class="battle-history"><small>The opposing Alomomola protected itself!</small><br></div><div class="spacer battle-history"><br></div><div class="battle-history"><small>The opposing Alomomola restored a little HP using its Leftovers!</small><br></div><div class="spacer battle-history"><br></div><h2 class="battle-history">Turn 20</h2><div class="chat chatmessage-steelball"><strong style="color:hsl(321,70%,48%)"><small>☆</small><span class="username" data-name="Steel Ball">Steel Ball</span>:</strong> <em>gg</em></div><div class="spacer battle-history"><br></div><div class="battle-history">Magneton used <strong>Thunderbolt</strong>!<br></div><div class="battle-history"><small>It's super effective!</small><br></div><div class="battle-history"><small>(The opposing Alomomola lost <abbr title="−374/534">70.0%</abbr> of its health!)</small><br></div><div class="spacer battle-history"><br></div><div class="battle-history">The opposing Alomomola fainted!<br></div><div class="spacer battle-history"><br></div><div class="battle-history">Casserou sent out <strong>Medicham</strong>!<br></div><div class="spacer battle-history"><br></div><h2 class="battle-history">Turn 21</h2><div class="spacer battle-history"><br></div><div class="battle-history">The opposing Medicham used <strong>High Jump Kick</strong>!<br></div><div class="battle-history"><small>It's super effective!</small><br></div><div class="battle-history"><small>(Magneton lost <abbr title="−241/241">100%</abbr> of its health!)</small><br></div><div class="spacer battle-history"><br></div><div class="battle-history">Magneton fainted!<br></div><div class="spacer battle-history"><br></div><div class="battle-history">Go! <strong>Uxie</strong>!<br></div><div class="spacer battle-history"><br></div><h2 class="battle-history">Turn 22</h2><div class="spacer battle-history"><br></div><div class="battle-history">The opposing Medicham used <strong>High Jump Kick</strong>!<br></div><div class="battle-history"><small>It's not very effective...</small><br></div><div class="battle-history"><small>(Uxie lost <abbr title="−95/353">26.9%</abbr> of its health!)</small><br></div><div class="spacer battle-history"><br></div><div class="battle-history">Uxie used <strong>Psychic</strong>!<br></div><div class="battle-history"><small>(The opposing Medicham lost <abbr title="−99/261">37.9%</abbr> of its health!)</small><br></div><div class="spacer battle-history"><br></div><div class="battle-history"><small>Uxie restored a little HP using its Leftovers!</small><br></div><div class="spacer battle-history"><br></div><h2 class="battle-history">Turn 23</h2><div class="spacer battle-history"><br></div><div class="battle-history">The opposing Medicham used <strong>High Jump Kick</strong>!<br></div><div class="battle-history"><small>Uxie avoided the attack!</small><br></div><div class="battle-history"><small>The opposing Medicham kept going and crashed!</small><br></div><div class="spacer battle-history"><br></div><div class="battle-history">Uxie used <strong>Psychic</strong>!<br></div><div class="battle-history"><small>(The opposing Medicham lost <abbr title="−32/261">12.3%</abbr> of its health!)</small><br></div><div class="spacer battle-history"><br></div><div class="battle-history">The opposing Medicham fainted!<br></div><div class="spacer battle-history"><br></div><div class="battle-history"><strong>Steel Ball</strong> won the battle!<br></div><div class="chat chatmessage-themysteryidealer"><strong style="color:hsl(80,59%,40.10328730719385%)"><small> </small><span class="username" data-name="TheMysteryIdealer">TheMysteryIdealer</span>:</strong> <em>hey steel ball</em></div><div class="chat"><small>Steel Ball left.</small></div></div><div class="inner-preempt"></div></div></div>
</div>
<script>
let daily = Math.floor(Date.now()/1000/60/60/24);document.write('<script src="https://play.pokemonshowdown.com/js/replay-embed.js?version'+daily+'"></'+'script>');
</script>
