<!DOCTYPE html>
<meta charset="utf-8" />
<!-- version 1 -->
<title>RU replay: Eternal Spirit# vs. Eclipse</title>
<style>
html,body {font-family:Verdana, sans-serif;font-size:10pt;margin:0;padding:0;}body{padding:12px 0;} .battle-log {font-family:Verdana, sans-serif;font-size:10pt;} .battle-log-inline {border:1px solid #AAAAAA;background:#EEF2F5;color:black;max-width:640px;margin:0 auto 80px;padding-bottom:5px;} .battle-log .inner {padding:4px 8px 0px 8px;} .battle-log .inner-preempt {padding:0 8px 4px 8px;} .battle-log .inner-after {margin-top:0.5em;} .battle-log h2 {margin:0.5em -8px;padding:4px 8px;border:1px solid #AAAAAA;background:#E0E7EA;border-left:0;border-right:0;font-family:Verdana, sans-serif;font-size:13pt;} .battle-log .chat {vertical-align:middle;padding:3px 0 3px 0;font-size:8pt;} .battle-log .chat strong {color:#40576A;} .battle-log .chat em {padding:1px 4px 1px 3px;color:#000000;font-style:normal;} .chat.mine {background:rgba(0,0,0,0.05);margin-left:-8px;margin-right:-8px;padding-left:8px;padding-right:8px;} .spoiler {color:#BBBBBB;background:#BBBBBB;padding:0px 3px;} .spoiler:hover, .spoiler:active, .spoiler-shown {color:#000000;background:#E2E2E2;padding:0px 3px;} .spoiler a {color:#BBBBBB;} .spoiler:hover a, .spoiler:active a, .spoiler-shown a {color:#2288CC;} .chat code, .chat .spoiler:hover code, .chat .spoiler:active code, .chat .spoiler-shown code {border:1px solid #C0C0C0;background:#EEEEEE;color:black;padding:0 2px;} .chat .spoiler code {border:1px solid #CCCCCC;background:#CCCCCC;color:#CCCCCC;} .battle-log .rated {padding:3px 4px;} .battle-log .rated strong {color:white;background:#89A;padding:1px 4px;border-radius:4px;} .spacer {margin-top:0.5em;} .message-announce {background:#6688AA;color:white;padding:1px 4px 2px;} .message-announce a, .broadcast-green a, .broadcast-blue a, .broadcast-red a {color:#DDEEFF;} .broadcast-green {background-color:#559955;color:white;padding:2px 4px;} .broadcast-blue {background-color:#6688AA;color:white;padding:2px 4px;} .infobox {border:1px solid #6688AA;padding:2px 4px;} .infobox-limited {max-height:200px;overflow:auto;overflow-x:hidden;} .broadcast-red {background-color:#AA5544;color:white;padding:2px 4px;} .message-learn-canlearn {font-weight:bold;color:#228822;text-decoration:underline;} .message-learn-cannotlearn {font-weight:bold;color:#CC2222;text-decoration:underline;} .message-effect-weak {font-weight:bold;color:#CC2222;} .message-effect-resist {font-weight:bold;color:#6688AA;} .message-effect-immune {font-weight:bold;color:#666666;} .message-learn-list {margin-top:0;margin-bottom:0;} .message-throttle-notice, .message-error {color:#992222;} .message-overflow, .chat small.message-overflow {font-size:0pt;} .message-overflow::before {font-size:9pt;content:'...';} .subtle {color:#3A4A66;}
</style>
<div class="wrapper replay-wrapper" style="max-width:1180px;margin:0 auto">
<input type="hidden" name="replayid" value="smogtours-ru-282029" />
<div class="battle"></div><div class="battle-log"></div><div class="replay-controls"></div><div class="replay-controls-2"></div>
<h1 style="font-weight:normal;text-align:center"><strong>RU</strong><br /><a href="http://pokemonshowdown.com/users/eternalspirit" class="subtle" target="_blank">Eternal Spirit#</a> vs. <a href="http://pokemonshowdown.com/users/eclipse" class="subtle" target="_blank">Eclipse</a></h1>
<script type="text/plain" class="battle-log-data">|inactive|Battle timer is ON: inactive players will automatically lose when time's up.
|J|Eternal Spirit#
|J|Eclipse
|player|p1|Eternal Spirit#|149
|player|p2|Eclipse|188
|gametype|singles
|gen|6
|tier|RU
|seed|18509,55052,19255,2547
|rule|Sleep Clause Mod: Limit one foe put to sleep
|rule|Species Clause: Limit one of each Pokémon
|rule|OHKO Clause: OHKO moves are banned
|rule|Moody Clause: Moody is banned
|rule|Evasion Moves Clause: Evasion moves are banned
|rule|Endless Battle Clause: Forcing endless battles is banned
|rule|HP Percentage Mod: HP is shown in percentages
|clearpoke
|poke|p1|Houndoom, F|item
|poke|p1|Emboar, F|item
|poke|p1|Uxie|item
|poke|p1|Audino, F|item
|poke|p1|Flygon, M|item
|poke|p1|Aggron, M|item
|poke|p2|Sawk, M|item
|poke|p2|Magneton|item
|poke|p2|Flygon, M|item
|poke|p2|Drapion, M|item
|poke|p2|Jellicent, M|item
|poke|p2|Diancie|item
|rule|Swagger Clause: Swagger is banned
|rule|Baton Pass Clause: Limit one Baton Passer, can't pass Spe and other stats simultaneously
|teampreview
|J|Fish18
|J|marrano ♻
|J|FMG
|J|Ernes
|L|marrano ♻
|c|☆Eclipse|gl
|c|☆Eternal Spirit#|hf
|J|The Hallows
|c|+Fish18|go cram :3
|J|ChillShadow
|choice|team 5, team 2, team 3, team 4, team 1, team 6|team 2, team 1, team 3, team 4, team 5, team 6
|
|start
|switch|p1a: ODANATA|Flygon, M|364\/364
|switch|p2a: Magneton|Magneton|241\/241
|turn|1
|J|Rampecker
|J|Luispeikou ツ
|c|+Rampecker|woo!
|c|+Rampecker|go eclipse!
|L|Luispeikou ツ
|J|TSR
|choice|move uturn|switch 5
|
|switch|p2a: Jellicent|Jellicent, M|401\/401
|move|p1a: ODANATA|U-turn|p2a: Jellicent
|-resisted|p2a: Jellicent
|-damage|p2a: Jellicent|373\/401
|L|TSR
|J|GOAO
|choice|switch 5|
|
|switch|p1a: OUT OF HEAVEN|Houndoom, F|291\/291
|
|upkeep
|turn|2
|J|Mysterious M 蒸
|choice|move nastyplot|switch 6
|
|switch|p2a: Diancie|Diancie|301\/301
|move|p1a: OUT OF HEAVEN|Nasty Plot|p1a: OUT OF HEAVEN
|-boost|p1a: OUT OF HEAVEN|spa|2
|
|upkeep
|turn|3
|c|+FMG|!
|J|ggggd
|L|The Hallows
|choice|move hiddenpower|move stealthrock
|
|move|p1a: OUT OF HEAVEN|Hidden Power|p2a: Diancie
|-supereffective|p2a: Diancie
|-damage|p2a: Diancie|0 fnt
|-damage|p1a: OUT OF HEAVEN|262\/291|[from] item: Life Orb
|faint|p2a: Diancie
|
|upkeep
|choice||switch 3
|
|switch|p2a: Flygon|Flygon, M|301\/301
|turn|4
|choice|switch 4|move uturn
|
|switch|p1a: MAGIC RUSH|Audino, F|410\/410
|move|p2a: Flygon|U-turn|p1a: MAGIC RUSH
|-crit|p1a: MAGIC RUSH
|-damage|p1a: MAGIC RUSH|313\/410
|choice||switch 5
|
|switch|p2a: Magneton|Magneton|241\/241
|
|upkeep
|turn|5
|choice|switch 2|move flashcannon
|
|switch|p1a: PROMINENCE|Emboar, F|361\/361
|move|p2a: Magneton|Flash Cannon|p1a: PROMINENCE
|-resisted|p1a: PROMINENCE
|-damage|p1a: PROMINENCE|184\/361
|
|upkeep
|turn|6
|choice|move toxic|switch 5
|
|switch|p2a: Flygon|Flygon, M|301\/301
|move|p1a: PROMINENCE|Toxic|p2a: Flygon|[miss]
|-miss|p1a: PROMINENCE|p2a: Flygon
|
|upkeep
|turn|7
|c|☆Eclipse|sorry bout that
|c|☆Eternal Spirit#|np
|choice|move toxic|move uturn
|
|move|p1a: PROMINENCE|Toxic|p2a: Flygon
|-status|p2a: Flygon|tox
|move|p2a: Flygon|U-turn|p1a: PROMINENCE
|-resisted|p1a: PROMINENCE
|-damage|p1a: PROMINENCE|159\/361
|choice||switch 5
|
|switch|p2a: Magneton|Magneton|241\/241
|
|upkeep
|turn|8
|choice|switch 4|move voltswitch
|
|switch|p1a: OUT OF HEAVEN|Houndoom, F|262\/291
|move|p2a: Magneton|Volt Switch|p1a: OUT OF HEAVEN
|-damage|p1a: OUT OF HEAVEN|0 fnt
|faint|p1a: OUT OF HEAVEN
|c|☆Eternal Spirit#|wow
|choice||switch 4
|
|switch|p2a: Drapion|Drapion, M|281\/281
|
|upkeep
|choice|switch 5|
|
|switch|p1a: ODANATA|Flygon, M|364\/364
|turn|9
|choice|move uturn|switch 6
|
|switch|p2a: Jellicent|Jellicent, M|373\/401
|move|p1a: ODANATA|U-turn|p2a: Jellicent
|-resisted|p2a: Jellicent
|-damage|p2a: Jellicent|342\/401
|choice|switch 6|
|
|switch|p1a: RUSSEL|Aggron, M|281\/281
|
|upkeep
|turn|10
|choice|move headsmash|switch 5
|
|switch|p2a: Flygon|Flygon, M|301\/301 tox
|move|p1a: RUSSEL|Head Smash|p2a: Flygon
|-resisted|p2a: Flygon
|-damage|p2a: Flygon|95\/301 tox
|
|-damage|p2a: Flygon|77\/301 tox|[from] psn
|upkeep
|turn|11
|choice|move headsmash|move roost
|
|move|p2a: Flygon|Roost|p2a: Flygon
|-heal|p2a: Flygon|228\/301 tox
|move|p1a: RUSSEL|Head Smash|p2a: Flygon
|-resisted|p2a: Flygon
|-damage|p2a: Flygon|0 fnt
|faint|p2a: Flygon
|
|upkeep
|L|Mysterious M 蒸
|c|☆Eclipse|gone
|choice||switch 2
|
|switch|p2a: Sawk|Sawk, M|291\/291
|turn|12
|choice|switch 3|move closecombat
|
|switch|p1a: COUNTING STARS|Uxie|354\/354
|move|p2a: Sawk|Close Combat|p1a: COUNTING STARS
|-resisted|p1a: COUNTING STARS
|-damage|p1a: COUNTING STARS|236\/354
|-unboost|p2a: Sawk|def|1
|-unboost|p2a: Sawk|spd|1
|
|-heal|p1a: COUNTING STARS|258\/354|[from] item: Leftovers
|upkeep
|turn|13
|choice|move stealthrock|switch 4
|
|switch|p2a: Magneton|Magneton|241\/241
|move|p1a: COUNTING STARS|Stealth Rock|p2a: Magneton
|-sidestart|p2: Eclipse|move: Stealth Rock
|
|-heal|p1a: COUNTING STARS|280\/354|[from] item: Leftovers
|upkeep
|turn|14
|choice|move uturn|move flashcannon
|
|move|p2a: Magneton|Flash Cannon|p1a: COUNTING STARS
|-damage|p1a: COUNTING STARS|159\/354
|move|p1a: COUNTING STARS|U-turn|p2a: Magneton
|-resisted|p2a: Magneton
|-damage|p2a: Magneton|217\/241
|choice|switch 6|
|
|switch|p1a: ODANATA|Flygon, M|364\/364
|
|upkeep
|turn|15
|choice|move earthquake|switch 5
|
|switch|p2a: Jellicent|Jellicent, M|342\/401
|-damage|p2a: Jellicent|292\/401|[from] Stealth Rock
|move|p1a: ODANATA|Earthquake|p2a: Jellicent
|-damage|p2a: Jellicent|166\/401
|
|upkeep
|turn|16
|choice|move uturn|switch 4
|
|switch|p2a: Sawk|Sawk, M|291\/291
|-damage|p2a: Sawk|273\/291|[from] Stealth Rock
|move|p1a: ODANATA|U-turn|p2a: Sawk
|-resisted|p2a: Sawk
|-crit|p2a: Sawk
|-damage|p2a: Sawk|218\/291
|L|Fish18
|choice|switch 4|
|
|switch|p1a: PROMINENCE|Emboar, F|159\/361
|
|upkeep
|turn|17
|choice|move flareblitz|switch 4
|
|switch|p2a: Jellicent|Jellicent, M|166\/401
|-damage|p2a: Jellicent|116\/401|[from] Stealth Rock
|move|p1a: PROMINENCE|Flare Blitz|p2a: Jellicent
|-resisted|p2a: Jellicent
|-damage|p2a: Jellicent|0 fnt
|-damage|p1a: PROMINENCE|121\/361|[from] recoil|[of] p2a: Jellicent
|faint|p2a: Jellicent
|
|upkeep
|choice||switch 6
|
|switch|p2a: Drapion|Drapion, M|281\/281
|-damage|p2a: Drapion|246\/281|[from] Stealth Rock
|turn|18
|choice|switch 6|move aquatail
|
|switch|p1a: COUNTING STARS|Uxie|159\/354
|move|p2a: Drapion|Aqua Tail|p1a: COUNTING STARS
|-crit|p1a: COUNTING STARS
|-damage|p1a: COUNTING STARS|48\/354
|
|-heal|p1a: COUNTING STARS|70\/354|[from] item: Leftovers
|upkeep
|turn|19
|choice|move uturn|move aquatail
|
|move|p2a: Drapion|Aqua Tail|p1a: COUNTING STARS|[miss]
|-miss|p2a: Drapion|p1a: COUNTING STARS
|move|p1a: COUNTING STARS|U-turn|p2a: Drapion
|-damage|p2a: Drapion|206\/281
|choice|switch 4|
|
|switch|p1a: ODANATA|Flygon, M|364\/364
|
|upkeep
|turn|20
|choice|move earthquake|move aquatail
|
|move|p2a: Drapion|Aqua Tail|p1a: ODANATA
|-damage|p1a: ODANATA|260\/364
|move|p1a: ODANATA|Earthquake|p2a: Drapion
|-supereffective|p2a: Drapion
|-damage|p2a: Drapion|0 fnt
|faint|p2a: Drapion
|
|-heal|p1a: ODANATA|282\/364|[from] item: Leftovers
|upkeep
|choice||switch 4
|
|switch|p2a: Sawk|Sawk, M|218\/291
|-damage|p2a: Sawk|200\/291|[from] Stealth Rock
|turn|21
|choice|move uturn|move closecombat
|
|move|p1a: ODANATA|U-turn|p2a: Sawk
|-resisted|p2a: Sawk
|-damage|p2a: Sawk|168\/291
|choice|switch 4|
|
|switch|p1a: COUNTING STARS|Uxie|70\/354
|move|p2a: Sawk|Close Combat|p1a: COUNTING STARS
|-resisted|p1a: COUNTING STARS
|-damage|p1a: COUNTING STARS|0 fnt
|-unboost|p2a: Sawk|def|1
|-unboost|p2a: Sawk|spd|1
|faint|p1a: COUNTING STARS
|
|upkeep
|choice|switch 6|
|
|switch|p1a: PROMINENCE|Emboar, F|121\/361
|turn|22
|choice|move flareblitz|move closecombat
|
|move|p1a: PROMINENCE|Flare Blitz|p2a: Sawk
|-damage|p2a: Sawk|0 fnt
|-damage|p1a: PROMINENCE|66\/361|[from] recoil|[of] p2a: Sawk
|faint|p2a: Sawk
|
|upkeep
|J|Spl4sh
|c|☆Eclipse|gg
|choice||switch 5
|
|switch|p2a: Magneton|Magneton|217\/241
|-damage|p2a: Magneton|202\/241|[from] Stealth Rock
|turn|23
|c|☆Eternal Spirit#|gg
|choice|move flareblitz|move flashcannon
|
|move|p1a: PROMINENCE|Flare Blitz|p2a: Magneton
|-supereffective|p2a: Magneton
|-damage|p2a: Magneton|0 fnt
|-damage|p1a: PROMINENCE|0 fnt|[from] recoil|[of] p2a: Magneton
|faint|p2a: Magneton
|faint|p1a: PROMINENCE
|
|win|Eternal Spirit#</script>
</div>
<div class="battle-log battle-log-inline"><div class="inner"><div class="battle-options"></div><div class="inner"><div class="chat message-error">Battle timer is ON: inactive players will automatically lose when time's up.</div><div class=""><small>Format:</small> <br><strong>RU</strong></div><div class=""><small><em>Sleep Clause Mod:</em> Limit one foe put to sleep</small></div><div class=""><small><em>Species Clause:</em> Limit one of each Pokémon</small></div><div class=""><small><em>OHKO Clause:</em> OHKO moves are banned</small></div><div class=""><small><em>Moody Clause:</em> Moody is banned</small></div><div class=""><small><em>Evasion Moves Clause:</em> Evasion moves are banned</small></div><div class=""><small><em>Endless Battle Clause:</em> Forcing endless battles is banned</small></div><div class=""><small><em>HP Percentage Mod:</em> HP is shown in percentages</small></div><div class=""><small><em>Swagger Clause:</em> Swagger is banned</small></div><div class=""><small><em>Baton Pass Clause:</em> Limit one Baton Passer, can't pass Spe and other stats simultaneously</small></div><div class="chat battle-history"><strong>Eternal Spirit#'s team:</strong> <em style="color:#445566;display:block;">Houndoom / Emboar / Uxie / Audino / Flygon / Aggron</em></div><div class="chat battle-history"><strong>Eclipse's team:</strong> <em style="color:#445566;display:block;">Sawk / Magneton / Flygon / Drapion / Jellicent / Diancie</em></div><div class="chat chatmessage-eclipse"><strong style="color:hsl(29,55%,38.985298380678806%)"><small>☆</small><span class="username" data-name="Eclipse">Eclipse</span>:</strong> <em>gl</em></div><div class="chat chatmessage-eternalspirit"><strong style="color:hsl(282,74%,48.225930964200685%)"><small>☆</small><span class="username" data-name="Eternal Spirit#">Eternal Spirit#</span>:</strong> <em>hf</em></div><div class="chat chatmessage-fish18"><strong style="color:hsl(110,50%,32%)"><small>+</small><span class="username" data-name="Fish18">Fish18</span>:</strong> <em>go cram :3</em></div><div class="spacer battle-history"><br></div><div class="battle-history">Battle started between Eternal Spirit# and Eclipse!<br></div><div class="spacer battle-history"><br></div><div class="battle-history">Go! ODANATA (<strong>Flygon</strong>)!<br></div><div class="spacer battle-history"><br></div><div class="battle-history">Eclipse sent out <strong>Magneton</strong>!<br></div><div class="spacer battle-history"><br></div><h2 class="battle-history">Turn 1</h2><div class="chat chatmessage-rampecker"><strong style="color:hsl(224,74%,55.32040601216539%)"><small>+</small><span class="username" data-name="Rampecker">Rampecker</span>:</strong> <em>woo!</em></div><div class="chat chatmessage-rampecker"><strong style="color:hsl(224,74%,55.32040601216539%)"><small>+</small><span class="username" data-name="Rampecker">Rampecker</span>:</strong> <em>go eclipse!</em></div><div class="spacer battle-history"><br></div><div class="battle-history">Eclipse withdrew Magneton!<br></div><div class="battle-history">Eclipse sent out <strong>Jellicent</strong>!<br></div><div class="spacer battle-history"><br></div><div class="battle-history">ODANATA used <strong>U-turn</strong>!<br></div><div class="battle-history"><small>It's not very effective...</small><br></div><div class="battle-history"><small>(The opposing Jellicent lost <abbr title="−28/401">7.0%</abbr> of its health!)</small><br></div><div class="spacer battle-history"><br></div><div class="battle-history">ODANATA went back to Eternal Spirit#!<br></div><div class="battle-history">Go! OUT OF HEAVEN (<strong>Houndoom</strong>)!<br></div><div class="spacer battle-history"><br></div><h2 class="battle-history">Turn 2</h2><div class="spacer battle-history"><br></div><div class="battle-history">Eclipse withdrew Jellicent!<br></div><div class="battle-history">Eclipse sent out <strong>Diancie</strong>!<br></div><div class="spacer battle-history"><br></div><div class="battle-history">OUT OF HEAVEN used <strong>Nasty Plot</strong>!<br></div><div class="battle-history"><small>OUT OF HEAVEN's Special Attack rose sharply!</small><br></div><div class="spacer battle-history"><br></div><h2 class="battle-history">Turn 3</h2><div class="chat chatmessage-fmg"><strong style="color:hsl(128,40%,38%)"><small>+</small><span class="username" data-name="FMG">FMG</span>:</strong> <em>!</em></div><div class="spacer battle-history"><br></div><div class="battle-history">OUT OF HEAVEN used <strong>Hidden Power</strong>!<br></div><div class="battle-history"><small>It's super effective!</small><br></div><div class="battle-history"><small>(The opposing Diancie lost <abbr title="−301/301">100%</abbr> of its health!)</small><br></div><div class="battle-history"><small>OUT OF HEAVEN lost some of its HP!</small><br></div><div class="spacer battle-history"><br></div><div class="battle-history">The opposing Diancie fainted!<br></div><div class="spacer battle-history"><br></div><div class="battle-history">Eclipse sent out <strong>Flygon</strong>!<br></div><div class="spacer battle-history"><br></div><h2 class="battle-history">Turn 4</h2><div class="spacer battle-history"><br></div><div class="battle-history">OUT OF HEAVEN, come back!<br></div><div class="battle-history">Go! MAGIC RUSH (<strong>Audino</strong>)!<br></div><div class="spacer battle-history"><br></div><div class="battle-history">The opposing Flygon used <strong>U-turn</strong>!<br></div><div class="battle-history"><small>A critical hit!</small><br></div><div class="battle-history"><small>(MAGIC RUSH lost <abbr title="−97/410">23.7%</abbr> of its health!)</small><br></div><div class="spacer battle-history"><br></div><div class="battle-history">The opposing Flygon went back to Eclipse!<br></div><div class="battle-history">Eclipse sent out <strong>Magneton</strong>!<br></div><div class="spacer battle-history"><br></div><h2 class="battle-history">Turn 5</h2><div class="spacer battle-history"><br></div><div class="battle-history">MAGIC RUSH, come back!<br></div><div class="battle-history">Go! PROMINENCE (<strong>Emboar</strong>)!<br></div><div class="spacer battle-history"><br></div><div class="battle-history">The opposing Magneton used <strong>Flash Cannon</strong>!<br></div><div class="battle-history"><small>It's not very effective...</small><br></div><div class="battle-history"><small>(PROMINENCE lost <abbr title="−177/361">49.0%</abbr> of its health!)</small><br></div><div class="spacer battle-history"><br></div><h2 class="battle-history">Turn 6</h2><div class="spacer battle-history"><br></div><div class="battle-history">Eclipse withdrew Magneton!<br></div><div class="battle-history">Eclipse sent out <strong>Flygon</strong>!<br></div><div class="spacer battle-history"><br></div><div class="battle-history">PROMINENCE used <strong>Toxic</strong>!<br></div><div class="battle-history"><small>The opposing Flygon avoided the attack!</small><br></div><div class="spacer battle-history"><br></div><h2 class="battle-history">Turn 7</h2><div class="chat chatmessage-eclipse"><strong style="color:hsl(29,55%,38.985298380678806%)"><small>☆</small><span class="username" data-name="Eclipse">Eclipse</span>:</strong> <em>sorry bout that</em></div><div class="chat chatmessage-eternalspirit"><strong style="color:hsl(282,74%,48.225930964200685%)"><small>☆</small><span class="username" data-name="Eternal Spirit#">Eternal Spirit#</span>:</strong> <em>np</em></div><div class="spacer battle-history"><br></div><div class="battle-history">PROMINENCE used <strong>Toxic</strong>!<br></div><div class="battle-history"><small>The opposing Flygon was badly poisoned!</small><br></div><div class="spacer battle-history"><br></div><div class="battle-history">The opposing Flygon used <strong>U-turn</strong>!<br></div><div class="battle-history"><small>It's not very effective...</small><br></div><div class="battle-history"><small>(PROMINENCE lost <abbr title="−25/361">6.9%</abbr> of its health!)</small><br></div><div class="spacer battle-history"><br></div><div class="battle-history">The opposing Flygon went back to Eclipse!<br></div><div class="battle-history">Eclipse sent out <strong>Magneton</strong>!<br></div><div class="spacer battle-history"><br></div><h2 class="battle-history">Turn 8</h2><div class="spacer battle-history"><br></div><div class="battle-history">PROMINENCE, come back!<br></div><div class="battle-history">Go! OUT OF HEAVEN (<strong>Houndoom</strong>)!<br></div><div class="spacer battle-history"><br></div><div class="battle-history">The opposing Magneton used <strong>Volt Switch</strong>!<br></div><div class="battle-history"><small>(OUT OF HEAVEN lost <abbr title="−262/291">90.0%</abbr> of its health!)</small><br></div><div class="spacer battle-history"><br></div><div class="battle-history">OUT OF HEAVEN fainted!<br></div><div class="chat chatmessage-eternalspirit"><strong style="color:hsl(282,74%,48.225930964200685%)"><small>☆</small><span class="username" data-name="Eternal Spirit#">Eternal Spirit#</span>:</strong> <em>wow</em></div><div class="spacer battle-history"><br></div><div class="battle-history">The opposing Magneton went back to Eclipse!<br></div><div class="battle-history">Eclipse sent out <strong>Drapion</strong>!<br></div><div class="spacer battle-history"><br></div><div class="battle-history">Go! ODANATA (<strong>Flygon</strong>)!<br></div><div class="spacer battle-history"><br></div><h2 class="battle-history">Turn 9</h2><div class="spacer battle-history"><br></div><div class="battle-history">Eclipse withdrew Drapion!<br></div><div class="battle-history">Eclipse sent out <strong>Jellicent</strong>!<br></div><div class="spacer battle-history"><br></div><div class="battle-history">ODANATA used <strong>U-turn</strong>!<br></div><div class="battle-history"><small>It's not very effective...</small><br></div><div class="battle-history"><small>(The opposing Jellicent lost <abbr title="−31/401">7.7%</abbr> of its health!)</small><br></div><div class="spacer battle-history"><br></div><div class="battle-history">ODANATA went back to Eternal Spirit#!<br></div><div class="battle-history">Go! RUSSEL (<strong>Aggron</strong>)!<br></div><div class="spacer battle-history"><br></div><h2 class="battle-history">Turn 10</h2><div class="spacer battle-history"><br></div><div class="battle-history">Eclipse withdrew Jellicent!<br></div><div class="battle-history">Eclipse sent out <strong>Flygon</strong>!<br></div><div class="spacer battle-history"><br></div><div class="battle-history">RUSSEL used <strong>Head Smash</strong>!<br></div><div class="battle-history"><small>It's not very effective...</small><br></div><div class="battle-history"><small>(The opposing Flygon lost <abbr title="−206/301">68.4%</abbr> of its health!)</small><br></div><div class="spacer battle-history"><br></div><div class="battle-history"><small>The opposing Flygon was hurt by poison!</small><br></div><div class="spacer battle-history"><br></div><h2 class="battle-history">Turn 11</h2><div class="spacer battle-history"><br></div><div class="battle-history">The opposing Flygon used <strong>Roost</strong>!<br></div><div class="battle-history"><small>The opposing Flygon restored its HP.</small><br></div><div class="spacer battle-history"><br></div><div class="battle-history">RUSSEL used <strong>Head Smash</strong>!<br></div><div class="battle-history"><small>It's not very effective...</small><br></div><div class="battle-history"><small>(The opposing Flygon lost <abbr title="−228/301">75.7%</abbr> of its health!)</small><br></div><div class="spacer battle-history"><br></div><div class="battle-history">The opposing Flygon fainted!<br></div><div class="chat chatmessage-eclipse"><strong style="color:hsl(29,55%,38.985298380678806%)"><small>☆</small><span class="username" data-name="Eclipse">Eclipse</span>:</strong> <em>gone</em></div><div class="spacer battle-history"><br></div><div class="battle-history">Eclipse sent out <strong>Sawk</strong>!<br></div><div class="spacer battle-history"><br></div><h2 class="battle-history">Turn 12</h2><div class="spacer battle-history"><br></div><div class="battle-history">RUSSEL, come back!<br></div><div class="battle-history">Go! COUNTING STARS (<strong>Uxie</strong>)!<br></div><div class="spacer battle-history"><br></div><div class="battle-history">The opposing Sawk used <strong>Close Combat</strong>!<br></div><div class="battle-history"><small>It's not very effective...</small><br></div><div class="battle-history"><small>(COUNTING STARS lost <abbr title="−118/354">33.3%</abbr> of its health!)</small><br></div><div class="battle-history"><small>The opposing Sawk's Defense fell!</small><br></div><div class="battle-history"><small>The opposing Sawk's Special Defense fell!</small><br></div><div class="spacer battle-history"><br></div><div class="battle-history"><small>COUNTING STARS restored a little HP using its Leftovers!</small><br></div><div class="spacer battle-history"><br></div><h2 class="battle-history">Turn 13</h2><div class="spacer battle-history"><br></div><div class="battle-history">Eclipse withdrew Sawk!<br></div><div class="battle-history">Eclipse sent out <strong>Magneton</strong>!<br></div><div class="spacer battle-history"><br></div><div class="battle-history">COUNTING STARS used <strong>Stealth Rock</strong>!<br></div><div class="battle-history"><small>Pointed stones float in the air around the opposing team!</small><br></div><div class="spacer battle-history"><br></div><div class="battle-history"><small>COUNTING STARS restored a little HP using its Leftovers!</small><br></div><div class="spacer battle-history"><br></div><h2 class="battle-history">Turn 14</h2><div class="spacer battle-history"><br></div><div class="battle-history">The opposing Magneton used <strong>Flash Cannon</strong>!<br></div><div class="battle-history"><small>(COUNTING STARS lost <abbr title="−121/354">34.2%</abbr> of its health!)</small><br></div><div class="spacer battle-history"><br></div><div class="battle-history">COUNTING STARS used <strong>U-turn</strong>!<br></div><div class="battle-history"><small>It's not very effective...</small><br></div><div class="battle-history"><small>(The opposing Magneton lost <abbr title="−24/241">10.0%</abbr> of its health!)</small><br></div><div class="spacer battle-history"><br></div><div class="battle-history">COUNTING STARS went back to Eternal Spirit#!<br></div><div class="battle-history">Go! ODANATA (<strong>Flygon</strong>)!<br></div><div class="spacer battle-history"><br></div><h2 class="battle-history">Turn 15</h2><div class="spacer battle-history"><br></div><div class="battle-history">Eclipse withdrew Magneton!<br></div><div class="battle-history">Eclipse sent out <strong>Jellicent</strong>!<br></div><div class="battle-history"><small>Pointed stones dug into the opposing Jellicent!</small><br></div><div class="spacer battle-history"><br></div><div class="battle-history">ODANATA used <strong>Earthquake</strong>!<br></div><div class="battle-history"><small>(The opposing Jellicent lost <abbr title="−126/401">31.4%</abbr> of its health!)</small><br></div><div class="spacer battle-history"><br></div><h2 class="battle-history">Turn 16</h2><div class="spacer battle-history"><br></div><div class="battle-history">Eclipse withdrew Jellicent!<br></div><div class="battle-history">Eclipse sent out <strong>Sawk</strong>!<br></div><div class="battle-history"><small>Pointed stones dug into the opposing Sawk!</small><br></div><div class="spacer battle-history"><br></div><div class="battle-history">ODANATA used <strong>U-turn</strong>!<br></div><div class="battle-history"><small>It's not very effective...</small><br></div><div class="battle-history"><small>A critical hit!</small><br></div><div class="battle-history"><small>(The opposing Sawk lost <abbr title="−55/291">18.9%</abbr> of its health!)</small><br></div><div class="spacer battle-history"><br></div><div class="battle-history">ODANATA went back to Eternal Spirit#!<br></div><div class="battle-history">Go! PROMINENCE (<strong>Emboar</strong>)!<br></div><div class="spacer battle-history"><br></div><h2 class="battle-history">Turn 17</h2><div class="spacer battle-history"><br></div><div class="battle-history">Eclipse withdrew Sawk!<br></div><div class="battle-history">Eclipse sent out <strong>Jellicent</strong>!<br></div><div class="battle-history"><small>Pointed stones dug into the opposing Jellicent!</small><br></div><div class="spacer battle-history"><br></div><div class="battle-history">PROMINENCE used <strong>Flare Blitz</strong>!<br></div><div class="battle-history"><small>It's not very effective...</small><br></div><div class="battle-history"><small>(The opposing Jellicent lost <abbr title="−116/401">28.9%</abbr> of its health!)</small><br></div><div class="battle-history"><small>PROMINENCE is damaged by the recoil!</small><br></div><div class="spacer battle-history"><br></div><div class="battle-history">The opposing Jellicent fainted!<br></div><div class="spacer battle-history"><br></div><div class="battle-history">Eclipse sent out <strong>Drapion</strong>!<br></div><div class="battle-history"><small>Pointed stones dug into the opposing Drapion!</small><br></div><div class="spacer battle-history"><br></div><h2 class="battle-history">Turn 18</h2><div class="spacer battle-history"><br></div><div class="battle-history">PROMINENCE, come back!<br></div><div class="battle-history">Go! COUNTING STARS (<strong>Uxie</strong>)!<br></div><div class="spacer battle-history"><br></div><div class="battle-history">The opposing Drapion used <strong>Aqua Tail</strong>!<br></div><div class="battle-history"><small>A critical hit!</small><br></div><div class="battle-history"><small>(COUNTING STARS lost <abbr title="−111/354">31.4%</abbr> of its health!)</small><br></div><div class="spacer battle-history"><br></div><div class="battle-history"><small>COUNTING STARS restored a little HP using its Leftovers!</small><br></div><div class="spacer battle-history"><br></div><h2 class="battle-history">Turn 19</h2><div class="spacer battle-history"><br></div><div class="battle-history">The opposing Drapion used <strong>Aqua Tail</strong>!<br></div><div class="battle-history"><small>COUNTING STARS avoided the attack!</small><br></div><div class="spacer battle-history"><br></div><div class="battle-history">COUNTING STARS used <strong>U-turn</strong>!<br></div><div class="battle-history"><small>(The opposing Drapion lost <abbr title="−40/281">14.2%</abbr> of its health!)</small><br></div><div class="spacer battle-history"><br></div><div class="battle-history">COUNTING STARS went back to Eternal Spirit#!<br></div><div class="battle-history">Go! ODANATA (<strong>Flygon</strong>)!<br></div><div class="spacer battle-history"><br></div><h2 class="battle-history">Turn 20</h2><div class="spacer battle-history"><br></div><div class="battle-history">The opposing Drapion used <strong>Aqua Tail</strong>!<br></div><div class="battle-history"><small>(ODANATA lost <abbr title="−104/364">28.6%</abbr> of its health!)</small><br></div><div class="spacer battle-history"><br></div><div class="battle-history">ODANATA used <strong>Earthquake</strong>!<br></div><div class="battle-history"><small>It's super effective!</small><br></div><div class="battle-history"><small>(The opposing Drapion lost <abbr title="−206/281">73.3%</abbr> of its health!)</small><br></div><div class="spacer battle-history"><br></div><div class="battle-history">The opposing Drapion fainted!<br></div><div class="spacer battle-history"><br></div><div class="battle-history"><small>ODANATA restored a little HP using its Leftovers!</small><br></div><div class="spacer battle-history"><br></div><div class="battle-history">Eclipse sent out <strong>Sawk</strong>!<br></div><div class="battle-history"><small>Pointed stones dug into the opposing Sawk!</small><br></div><div class="spacer battle-history"><br></div><h2 class="battle-history">Turn 21</h2><div class="spacer battle-history"><br></div><div class="battle-history">ODANATA used <strong>U-turn</strong>!<br></div><div class="battle-history"><small>It's not very effective...</small><br></div><div class="battle-history"><small>(The opposing Sawk lost <abbr title="−32/291">11.0%</abbr> of its health!)</small><br></div><div class="spacer battle-history"><br></div><div class="battle-history">ODANATA went back to Eternal Spirit#!<br></div><div class="battle-history">Go! COUNTING STARS (<strong>Uxie</strong>)!<br></div><div class="spacer battle-history"><br></div><div class="battle-history">The opposing Sawk used <strong>Close Combat</strong>!<br></div><div class="battle-history"><small>It's not very effective...</small><br></div><div class="battle-history"><small>(COUNTING STARS lost <abbr title="−70/354">19.8%</abbr> of its health!)</small><br></div><div class="battle-history"><small>The opposing Sawk's Defense fell!</small><br></div><div class="battle-history"><small>The opposing Sawk's Special Defense fell!</small><br></div><div class="spacer battle-history"><br></div><div class="battle-history">COUNTING STARS fainted!<br></div><div class="spacer battle-history"><br></div><div class="battle-history">Go! PROMINENCE (<strong>Emboar</strong>)!<br></div><div class="spacer battle-history"><br></div><h2 class="battle-history">Turn 22</h2><div class="spacer battle-history"><br></div><div class="battle-history">PROMINENCE used <strong>Flare Blitz</strong>!<br></div><div class="battle-history"><small>(The opposing Sawk lost <abbr title="−168/291">57.7%</abbr> of its health!)</small><br></div><div class="battle-history"><small>PROMINENCE is damaged by the recoil!</small><br></div><div class="spacer battle-history"><br></div><div class="battle-history">The opposing Sawk fainted!<br></div><div class="chat chatmessage-eclipse"><strong style="color:hsl(29,55%,38.985298380678806%)"><small>☆</small><span class="username" data-name="Eclipse">Eclipse</span>:</strong> <em>gg</em></div><div class="spacer battle-history"><br></div><div class="battle-history">Eclipse sent out <strong>Magneton</strong>!<br></div><div class="battle-history"><small>Pointed stones dug into the opposing Magneton!</small><br></div><div class="spacer battle-history"><br></div><h2 class="battle-history">Turn 23</h2><div class="chat chatmessage-eternalspirit"><strong style="color:hsl(282,74%,48.225930964200685%)"><small>☆</small><span class="username" data-name="Eternal Spirit#">Eternal Spirit#</span>:</strong> <em>gg</em></div><div class="spacer battle-history"><br></div><div class="battle-history">PROMINENCE used <strong>Flare Blitz</strong>!<br></div><div class="battle-history"><small>It's super effective!</small><br></div><div class="battle-history"><small>(The opposing Magneton lost <abbr title="−202/241">83.8%</abbr> of its health!)</small><br></div><div class="battle-history"><small>PROMINENCE is damaged by the recoil!</small><br></div><div class="spacer battle-history"><br></div><div class="battle-history">The opposing Magneton fainted!<br></div><div class="battle-history">PROMINENCE fainted!<br></div><div class="spacer battle-history"><br></div><div class="battle-history"><strong>Eternal Spirit#</strong> won the battle!<br></div></div><div class="inner-preempt"></div></div></div>
</div>
<script>
let daily = Math.floor(Date.now()/1000/60/60/24);document.write('<script src="https://play.pokemonshowdown.com/js/replay-embed.js?version'+daily+'"></'+'script>');
</script>
