<!DOCTYPE html>
<meta charset="utf-8" />
<!-- version 1 -->
<title>RU replay: Umbra Soul vs. Lord Esche</title>
<style>
html,body {font-family:Verdana, sans-serif;font-size:10pt;margin:0;padding:0;}body{padding:12px 0;} .battle-log {font-family:Verdana, sans-serif;font-size:10pt;} .battle-log-inline {border:1px solid #AAAAAA;background:#EEF2F5;color:black;max-width:640px;margin:0 auto 80px;padding-bottom:5px;} .battle-log .inner {padding:4px 8px 0px 8px;} .battle-log .inner-preempt {padding:0 8px 4px 8px;} .battle-log .inner-after {margin-top:0.5em;} .battle-log h2 {margin:0.5em -8px;padding:4px 8px;border:1px solid #AAAAAA;background:#E0E7EA;border-left:0;border-right:0;font-family:Verdana, sans-serif;font-size:13pt;} .battle-log .chat {vertical-align:middle;padding:3px 0 3px 0;font-size:8pt;} .battle-log .chat strong {color:#40576A;} .battle-log .chat em {padding:1px 4px 1px 3px;color:#000000;font-style:normal;} .chat.mine {background:rgba(0,0,0,0.05);margin-left:-8px;margin-right:-8px;padding-left:8px;padding-right:8px;} .spoiler {color:#BBBBBB;background:#BBBBBB;padding:0px 3px;} .spoiler:hover, .spoiler:active, .spoiler-shown {color:#000000;background:#E2E2E2;padding:0px 3px;} .spoiler a {color:#BBBBBB;} .spoiler:hover a, .spoiler:active a, .spoiler-shown a {color:#2288CC;} .chat code, .chat .spoiler:hover code, .chat .spoiler:active code, .chat .spoiler-shown code {border:1px solid #C0C0C0;background:#EEEEEE;color:black;padding:0 2px;} .chat .spoiler code {border:1px solid #CCCCCC;background:#CCCCCC;color:#CCCCCC;} .battle-log .rated {padding:3px 4px;} .battle-log .rated strong {color:white;background:#89A;padding:1px 4px;border-radius:4px;} .spacer {margin-top:0.5em;} .message-announce {background:#6688AA;color:white;padding:1px 4px 2px;} .message-announce a, .broadcast-green a, .broadcast-blue a, .broadcast-red a {color:#DDEEFF;} .broadcast-green {background-color:#559955;color:white;padding:2px 4px;} .broadcast-blue {background-color:#6688AA;color:white;padding:2px 4px;} .infobox {border:1px solid #6688AA;padding:2px 4px;} .infobox-limited {max-height:200px;overflow:auto;overflow-x:hidden;} .broadcast-red {background-color:#AA5544;color:white;padding:2px 4px;} .message-learn-canlearn {font-weight:bold;color:#228822;text-decoration:underline;} .message-learn-cannotlearn {font-weight:bold;color:#CC2222;text-decoration:underline;} .message-effect-weak {font-weight:bold;color:#CC2222;} .message-effect-resist {font-weight:bold;color:#6688AA;} .message-effect-immune {font-weight:bold;color:#666666;} .message-learn-list {margin-top:0;margin-bottom:0;} .message-throttle-notice, .message-error {color:#992222;} .message-overflow, .chat small.message-overflow {font-size:0pt;} .message-overflow::before {font-size:9pt;content:'...';} .subtle {color:#3A4A66;}
</style>
<div class="wrapper replay-wrapper" style="max-width:1180px;margin:0 auto">
<input type="hidden" name="replayid" value="ru-488916756" />
<div class="battle"></div><div class="battle-log"></div><div class="replay-controls"></div><div class="replay-controls-2"></div>
<h1 style="font-weight:normal;text-align:center"><strong>RU</strong><br /><a href="http://pokemonshowdown.com/users/umbrasoul" class="subtle" target="_blank">Umbra Soul</a> vs. <a href="http://pokemonshowdown.com/users/lordesche" class="subtle" target="_blank">Lord Esche</a></h1>
<script type="text/plain" class="battle-log-data">|j|Umbra Soul
|j|Lord Esche
|player|p1|Umbra Soul|144
|player|p2|Lord Esche|110
|gametype|singles
|gen|6
|tier|RU
|seed|5017,17105,48456,55799
|rule|Sleep Clause Mod: Limit one foe put to sleep
|rule|Species Clause: Limit one of each Pokémon
|rule|OHKO Clause: OHKO moves are banned
|rule|Moody Clause: Moody is banned
|rule|Evasion Moves Clause: Evasion moves are banned
|rule|Endless Battle Clause: Forcing endless battles is banned
|rule|HP Percentage Mod: HP is shown in percentages
|clearpoke
|poke|p1|Aerodactyl, F|item
|poke|p1|Venusaur, M|item
|poke|p1|Escavalier, M|item
|poke|p1|Sawk, M|item
|poke|p1|Rotom|item
|poke|p1|Delphox, M|item
|poke|p2|Blastoise, F|item
|poke|p2|Venusaur, F|item
|poke|p2|Aromatisse, F|item
|poke|p2|Sneasel, M|item
|poke|p2|Rhyperior, F|item
|poke|p2|Braviary, M|item
|rule|Swagger Clause: Swagger is banned
|rule|Baton Pass Clause: Limit one Baton Passer, can't pass Spe and other stats simultaneously
|teampreview
|choice|team 1, team 2, team 3, team 4, team 5, team 6|team 5, team 2, team 3, team 4, team 1, team 6
|
|start
|switch|p1a: Aerodactyl|Aerodactyl, F|301\/301
|switch|p2a: Rhyperior|Rhyperior, F|434\/434
|-ability|p1a: Aerodactyl|Unnerve|p2: Lord Esche
|turn|1
|choice|move taunt|move rockblast
|
|move|p1a: Aerodactyl|Taunt|p2a: Rhyperior
|-start|p2a: Rhyperior|move: Taunt
|move|p2a: Rhyperior|Rock Blast|p1a: Aerodactyl
|-supereffective|p1a: Aerodactyl
|-damage|p1a: Aerodactyl|167\/301
|-supereffective|p1a: Aerodactyl
|-damage|p1a: Aerodactyl|45\/301
|-supereffective|p1a: Aerodactyl
|-damage|p1a: Aerodactyl|0 fnt
|-hitcount|p1a: Aerodactyl|3
|faint|p1a: Aerodactyl
|
|choice|switch 5|
|
|switch|p1a: Rotom|Rotom|263\/263
|turn|2
|choice|move willowisp|switch 3
|
|switch|p2a: Aromatisse|Aromatisse, F|406\/406
|move|p1a: Rotom|Will-O-Wisp|p2a: Aromatisse
|-status|p2a: Aromatisse|brn
|
|-damage|p2a: Aromatisse|356\/406 brn|[from] brn
|turn|3
|choice|move voltswitch|switch 4
|
|switch|p2a: Sneasel|Sneasel, M|251\/251
|move|p1a: Rotom|Volt Switch|p2a: Sneasel
|-crit|p2a: Sneasel
|-damage|p2a: Sneasel|67\/251
|choice|switch 4|
|
|switch|p1a: Sawk|Sawk, M|291\/291
|
|turn|4
|choice|move knockoff|switch 4
|
|switch|p2a: Aromatisse|Aromatisse, F|356\/406 brn
|move|p1a: Sawk|Knock Off|p2a: Aromatisse
|-resisted|p2a: Aromatisse
|-damage|p2a: Aromatisse|286\/406 brn
|-enditem|p2a: Aromatisse|Leftovers|[from] move: Knock Off|[of] p1a: Sawk
|
|-damage|p2a: Aromatisse|236\/406 brn|[from] brn
|turn|5
|choice|switch 3|move moonblast
|
|switch|p1a: Escavalier|Escavalier, M|323\/323
|move|p2a: Aromatisse|Moonblast|p1a: Escavalier
|-resisted|p1a: Escavalier
|-damage|p1a: Escavalier|266\/323
|
|-heal|p1a: Escavalier|286\/323|[from] item: Leftovers
|-damage|p2a: Aromatisse|186\/406 brn|[from] brn
|turn|6
|choice|move swordsdance|switch 3
|
|switch|p2a: Rhyperior|Rhyperior, F|434\/434
|move|p1a: Escavalier|Swords Dance|p1a: Escavalier
|-boost|p1a: Escavalier|atk|2
|
|-heal|p1a: Escavalier|306\/323|[from] item: Leftovers
|turn|7
|c|★Lord Esche|o
|choice|move ironhead|move firepunch
|
|move|p1a: Escavalier|Iron Head|p2a: Rhyperior
|-supereffective|p2a: Rhyperior
|-damage|p2a: Rhyperior|131\/434
|move|p2a: Rhyperior|Fire Punch|p1a: Escavalier
|-supereffective|p1a: Escavalier
|-damage|p1a: Escavalier|0 fnt
|faint|p1a: Escavalier
|
|-heal|p2a: Rhyperior|158\/434|[from] item: Leftovers
|c|★Umbra Soul|double oo
|c|★Umbra Soul|ah dang the random
|c|★Umbra Soul|fire punch rhyperior
|c|★Lord Esche|dang u were fast
|c|★Umbra Soul|yeah it's funny
|c|★Umbra Soul|when people don't expect it
|choice|switch 3|
|
|switch|p1a: Sawk|Sawk, M|291\/291
|turn|8
|c|★Umbra Soul|still wasn't expecting fire punch rhyp
|c|★Lord Esche|well escav does kinda fuck me up otherwise lol
|choice|move closecombat|move stealthrock
|
|move|p1a: Sawk|Close Combat|p2a: Rhyperior
|-supereffective|p2a: Rhyperior
|-damage|p2a: Rhyperior|0 fnt
|-unboost|p1a: Sawk|def|1
|-unboost|p1a: Sawk|spd|1
|faint|p2a: Rhyperior
|
|choice||switch 2
|
|switch|p2a: Venusaur|Venusaur, F|299\/299
|turn|9
|choice|switch 6|move sludgebomb
|
|switch|p1a: Delphox|Delphox, M|291\/291
|move|p2a: Venusaur|Sludge Bomb|p1a: Delphox
|-damage|p1a: Delphox|104\/291
|-status|p1a: Delphox|psn
|-damage|p2a: Venusaur|270\/299|[from] item: Life Orb
|
|-damage|p1a: Delphox|68\/291 psn|[from] psn
|turn|10
|c|★Lord Esche|ah
|c|★Lord Esche|sry
|c|★Umbra Soul|it's fine
|choice|move fireblast|switch 5
|
|switch|p2a: Blastoise|Blastoise, F|362\/362
|move|p1a: Delphox|Fire Blast|p2a: Blastoise|[miss]
|-miss|p1a: Delphox|p2a: Blastoise
|
|-damage|p1a: Delphox|32\/291 psn|[from] psn
|turn|11
|choice|switch 4|move scald
|
|switch|p1a: Rotom|Rotom|263\/263
|move|p2a: Blastoise|Scald|p1a: Rotom
|-damage|p1a: Rotom|169\/263
|-status|p1a: Rotom|brn
|
|-heal|p1a: Rotom|185\/263 brn|[from] item: Leftovers
|-damage|p1a: Rotom|153\/263 brn|[from] brn
|turn|12
|c|★Umbra Soul|this does not really favor me anymore if that's BU Braviary
|c|★Umbra Soul|which it probably is
|choice|move voltswitch|move scald
|
|move|p1a: Rotom|Volt Switch|p2a: Blastoise
|-supereffective|p2a: Blastoise
|-damage|p2a: Blastoise|180\/362
|choice|switch 4|
|
|switch|p1a: Delphox|Delphox, M|32\/291 psn
|move|p2a: Blastoise|Scald|p1a: Delphox
|-supereffective|p1a: Delphox
|-damage|p1a: Delphox|0 fnt
|faint|p1a: Delphox
|
|-heal|p2a: Blastoise|202\/362|[from] item: Leftovers
|choice|switch 2|
|
|switch|p1a: Venusaur|Venusaur, M|301\/301
|turn|13
|choice|move sunnyday|move scald
|
|move|p1a: Venusaur|Sunny Day|p1a: Venusaur
|-weather|SunnyDay
|move|p2a: Blastoise|Scald|p1a: Venusaur
|-resisted|p1a: Venusaur
|-damage|p1a: Venusaur|281\/301
|
|-weather|SunnyDay|[upkeep]
|-heal|p2a: Blastoise|224\/362|[from] item: Leftovers
|turn|14
|c|★Lord Esche|ooo
|c|★Umbra Soul|SUN POWER
|choice|move solarbeam|move scald
|
|move|p1a: Venusaur|Solar Beam|p2a: Blastoise|[still]
|-prepare|p1a: Venusaur|Solar Beam|p2a: Blastoise
|-anim|p1a: Venusaur|Solar Beam|p2a: Blastoise
|-supereffective|p2a: Blastoise
|-damage|p2a: Blastoise|0 fnt
|-damage|p1a: Venusaur|251\/301|[from] item: Life Orb
|faint|p2a: Blastoise
|
|-weather|SunnyDay|[upkeep]
|choice||switch 6
|
|switch|p2a: Braviary|Braviary, M|404\/404
|turn|15
|c|★Umbra Soul|super sun power
|choice|switch 4|move bravebird
|
|switch|p1a: Rotom|Rotom|153\/263 brn
|move|p2a: Braviary|Brave Bird|p1a: Rotom
|-resisted|p1a: Rotom
|-damage|p1a: Rotom|41\/263 brn
|-damage|p2a: Braviary|367\/404|[from] recoil|[of] p1a: Rotom
|
|-weather|SunnyDay|[upkeep]
|-heal|p1a: Rotom|57\/263 brn|[from] item: Leftovers
|-heal|p2a: Braviary|392\/404|[from] item: Leftovers
|-damage|p1a: Rotom|25\/263 brn|[from] brn
|turn|16
|choice|move voltswitch|switch 3
|
|switch|p2a: Aromatisse|Aromatisse, F|186\/406 brn
|move|p1a: Rotom|Volt Switch|p2a: Aromatisse
|-damage|p2a: Aromatisse|77\/406 brn
|choice|switch 4|
|
|switch|p1a: Venusaur|Venusaur, M|251\/301
|
|-weather|SunnyDay|[upkeep]
|-damage|p2a: Aromatisse|27\/406 brn|[from] brn
|turn|17
|choice|move sludgebomb|move moonblast
|
|move|p1a: Venusaur|Sludge Bomb|p2a: Aromatisse
|-supereffective|p2a: Aromatisse
|-crit|p2a: Aromatisse
|-damage|p2a: Aromatisse|0 fnt
|-damage|p1a: Venusaur|221\/301|[from] item: Life Orb
|faint|p2a: Aromatisse
|
|-weather|none
|choice||switch 4
|
|switch|p2a: Sneasel|Sneasel, M|67\/251
|turn|18
|choice|switch 4|move iciclecrash
|
|switch|p1a: Rotom|Rotom|25\/263 brn
|move|p2a: Sneasel|Icicle Crash|p1a: Rotom|[miss]
|-miss|p2a: Sneasel|p1a: Rotom
|
|-heal|p1a: Rotom|41\/263 brn|[from] item: Leftovers
|-damage|p1a: Rotom|9\/263 brn|[from] brn
|turn|19
|c|★Umbra Soul|hm sometimes i should just try to take advantage of a hopeful luck lol
|c|★Umbra Soul|could of set up sun and tried to see where that took me lol
|choice|move willowisp|move iciclecrash
|
|move|p2a: Sneasel|Icicle Crash|p1a: Rotom
|-damage|p1a: Rotom|0 fnt
|faint|p1a: Rotom
|
|choice|switch 6|
|
|switch|p1a: Sawk|Sawk, M|291\/291
|turn|20
|choice|move icepunch|move iciclecrash
|
|move|p2a: Sneasel|Icicle Crash|p1a: Sawk
|-damage|p1a: Sawk|42\/291
|cant|p1a: Sawk|flinch
|
|turn|21
|choice|move icepunch|switch 5
|
|switch|p2a: Venusaur|Venusaur, F|270\/299
|move|p1a: Sawk|Ice Punch|p2a: Venusaur
|-supereffective|p2a: Venusaur
|-damage|p2a: Venusaur|0 fnt
|faint|p2a: Venusaur
|
|c|★Umbra Soul|welp lol
|choice||switch 5
|
|switch|p2a: Sneasel|Sneasel, M|67\/251
|turn|22
|choice|move icepunch|move knockoff
|
|move|p2a: Sneasel|Knock Off|p1a: Sawk
|-resisted|p1a: Sawk
|-damage|p1a: Sawk|0 fnt
|-enditem|p1a: Sawk|Choice Band|[from] move: Knock Off|[of] p2a: Sneasel
|faint|p1a: Sawk
|
|choice|switch 4|
|
|switch|p1a: Venusaur|Venusaur, M|221\/301
|turn|23
|choice|move sludgebomb|move knockoff
|
|move|p2a: Sneasel|Knock Off|p1a: Venusaur
|-damage|p1a: Venusaur|0 fnt
|-enditem|p1a: Venusaur|Life Orb|[from] move: Knock Off|[of] p2a: Sneasel
|faint|p1a: Venusaur
|
|win|Lord Esche
|player|p1
|player|p2
|c|★Lord Esche|sry bout that flinch
|c|★Lord Esche|:\/
|c|★Umbra Soul|i think had it not happened
|c|★Umbra Soul|ice punch might have swept
|c|★Lord Esche|yeh
|c|★Lord Esche|i didnt consider ice punch
|c|★Umbra Soul|i have it on there b\/c i like it more than poison jab</script>
</div>
<div class="battle-log battle-log-inline"><div class="inner"><div class="battle-options"></div><div class="inner"><div class="chat"><small>Umbra Soul joined.</small></div><div class="chat"><small>Lord Esche joined.</small></div><div class=""><small>Format:</small> <br><strong>RU</strong></div><div class=""><small><em>Sleep Clause Mod:</em> Limit one foe put to sleep</small></div><div class=""><small><em>Species Clause:</em> Limit one of each Pokémon</small></div><div class=""><small><em>OHKO Clause:</em> OHKO moves are banned</small></div><div class=""><small><em>Moody Clause:</em> Moody is banned</small></div><div class=""><small><em>Evasion Moves Clause:</em> Evasion moves are banned</small></div><div class=""><small><em>Endless Battle Clause:</em> Forcing endless battles is banned</small></div><div class=""><small><em>HP Percentage Mod:</em> HP is shown in percentages</small></div><div class=""><small><em>Swagger Clause:</em> Swagger is banned</small></div><div class=""><small><em>Baton Pass Clause:</em> Limit one Baton Passer, can't pass Spe and other stats simultaneously</small></div><div class="chat battle-history"><strong>Umbra Soul's team:</strong> <em style="color:#445566;display:block;">Aerodactyl / Venusaur / Escavalier / Sawk / Rotom / Delphox</em></div><div class="chat battle-history"><strong>Lord Esche's team:</strong> <em style="color:#445566;display:block;">Blastoise / Venusaur / Aromatisse / Sneasel / Rhyperior / Braviary</em></div><div class="spacer battle-history"><br></div><div class="battle-history">Battle started between Umbra Soul and Lord Esche!<br></div><div class="spacer battle-history"><br></div><div class="battle-history">Go! <strong>Aerodactyl</strong>!<br></div><div class="spacer battle-history"><br></div><div class="battle-history">Lord Esche sent out <strong>Rhyperior</strong>!<br></div><div class="battle-history"><small>[Aerodactyl's Unnerve]</small><br><small>The opposing team is too nervous to eat Berries!</small><br></div><div class="spacer battle-history"><br></div><h2 class="battle-history">Turn 1</h2><div class="spacer battle-history"><br></div><div class="battle-history">Aerodactyl used <strong>Taunt</strong>!<br></div><div class="battle-history"><small>The opposing Rhyperior fell for the taunt!</small><br></div><div class="spacer battle-history"><br></div><div class="battle-history">The opposing Rhyperior used <strong>Rock Blast</strong>!<br></div><div class="battle-history"><small>It's super effective!</small><br></div><div class="battle-history"><small>(Aerodactyl lost <abbr title="−134/301">44.5%</abbr> of its health!)</small><br></div><div class="battle-history"><small>It's super effective!</small><br></div><div class="battle-history"><small>(Aerodactyl lost <abbr title="−122/301">40.5%</abbr> of its health!)</small><br></div><div class="battle-history"><small>It's super effective!</small><br></div><div class="battle-history"><small>(Aerodactyl lost <abbr title="−45/301">15.0%</abbr> of its health!)</small><br></div><div class="battle-history"><small>Hit 3 times!</small><br></div><div class="spacer battle-history"><br></div><div class="battle-history">Aerodactyl fainted!<br></div><div class="spacer battle-history"><br></div><div class="battle-history">Go! <strong>Rotom</strong>!<br></div><div class="spacer battle-history"><br></div><h2 class="battle-history">Turn 2</h2><div class="spacer battle-history"><br></div><div class="battle-history">Lord Esche withdrew Rhyperior!<br></div><div class="battle-history">Lord Esche sent out <strong>Aromatisse</strong>!<br></div><div class="spacer battle-history"><br></div><div class="battle-history">Rotom used <strong>Will-O-Wisp</strong>!<br></div><div class="battle-history"><small>The opposing Aromatisse was burned!</small><br></div><div class="spacer battle-history"><br></div><div class="battle-history"><small>The opposing Aromatisse was hurt by its burn!</small><br></div><div class="spacer battle-history"><br></div><h2 class="battle-history">Turn 3</h2><div class="spacer battle-history"><br></div><div class="battle-history">Lord Esche withdrew Aromatisse!<br></div><div class="battle-history">Lord Esche sent out <strong>Sneasel</strong>!<br></div><div class="spacer battle-history"><br></div><div class="battle-history">Rotom used <strong>Volt Switch</strong>!<br></div><div class="battle-history"><small>A critical hit!</small><br></div><div class="battle-history"><small>(The opposing Sneasel lost <abbr title="−184/251">73.3%</abbr> of its health!)</small><br></div><div class="spacer battle-history"><br></div><div class="battle-history">Rotom went back to Umbra Soul!<br></div><div class="battle-history">Go! <strong>Sawk</strong>!<br></div><div class="spacer battle-history"><br></div><h2 class="battle-history">Turn 4</h2><div class="spacer battle-history"><br></div><div class="battle-history">Lord Esche withdrew Sneasel!<br></div><div class="battle-history">Lord Esche sent out <strong>Aromatisse</strong>!<br></div><div class="spacer battle-history"><br></div><div class="battle-history">Sawk used <strong>Knock Off</strong>!<br></div><div class="battle-history"><small>It's not very effective...</small><br></div><div class="battle-history"><small>(The opposing Aromatisse lost <abbr title="−70/406">17.2%</abbr> of its health!)</small><br></div><div class="battle-history"><small>Sawk knocked off the opposing Aromatisse's Leftovers!</small><br></div><div class="spacer battle-history"><br></div><div class="battle-history"><small>The opposing Aromatisse was hurt by its burn!</small><br></div><div class="spacer battle-history"><br></div><h2 class="battle-history">Turn 5</h2><div class="spacer battle-history"><br></div><div class="battle-history">Sawk, come back!<br></div><div class="battle-history">Go! <strong>Escavalier</strong>!<br></div><div class="spacer battle-history"><br></div><div class="battle-history">The opposing Aromatisse used <strong>Moonblast</strong>!<br></div><div class="battle-history"><small>It's not very effective...</small><br></div><div class="battle-history"><small>(Escavalier lost <abbr title="−57/323">17.6%</abbr> of its health!)</small><br></div><div class="spacer battle-history"><br></div><div class="battle-history"><small>Escavalier restored a little HP using its Leftovers!</small><br></div><div class="battle-history"><small>The opposing Aromatisse was hurt by its burn!</small><br></div><div class="spacer battle-history"><br></div><h2 class="battle-history">Turn 6</h2><div class="spacer battle-history"><br></div><div class="battle-history">Lord Esche withdrew Aromatisse!<br></div><div class="battle-history">Lord Esche sent out <strong>Rhyperior</strong>!<br></div><div class="spacer battle-history"><br></div><div class="battle-history">Escavalier used <strong>Swords Dance</strong>!<br></div><div class="battle-history"><small>Escavalier's Attack rose sharply!</small><br></div><div class="spacer battle-history"><br></div><div class="battle-history"><small>Escavalier restored a little HP using its Leftovers!</small><br></div><div class="spacer battle-history"><br></div><h2 class="battle-history">Turn 7</h2><div class="chat chatmessage-lordesche"><strong style="color:hsl(257,87%,54.68326773582998%)"><small>★</small><span class="username" data-name="Lord Esche">Lord Esche</span>:</strong> <em>o</em></div><div class="spacer battle-history"><br></div><div class="battle-history">Escavalier used <strong>Iron Head</strong>!<br></div><div class="battle-history"><small>It's super effective!</small><br></div><div class="battle-history"><small>(The opposing Rhyperior lost <abbr title="−303/434">69.8%</abbr> of its health!)</small><br></div><div class="spacer battle-history"><br></div><div class="battle-history">The opposing Rhyperior used <strong>Fire Punch</strong>!<br></div><div class="battle-history"><small>It's super effective!</small><br></div><div class="battle-history"><small>(Escavalier lost <abbr title="−306/323">94.7%</abbr> of its health!)</small><br></div><div class="spacer battle-history"><br></div><div class="battle-history">Escavalier fainted!<br></div><div class="spacer battle-history"><br></div><div class="battle-history"><small>The opposing Rhyperior restored a little HP using its Leftovers!</small><br></div><div class="chat chatmessage-umbrasoul"><strong style="color:hsl(339,51%,46.52860891092949%)"><small>★</small><span class="username" data-name="Umbra Soul">Umbra Soul</span>:</strong> <em>double oo</em></div><div class="chat chatmessage-umbrasoul"><strong style="color:hsl(339,51%,46.52860891092949%)"><small>★</small><span class="username" data-name="Umbra Soul">Umbra Soul</span>:</strong> <em>ah dang the random</em></div><div class="chat chatmessage-umbrasoul"><strong style="color:hsl(339,51%,46.52860891092949%)"><small>★</small><span class="username" data-name="Umbra Soul">Umbra Soul</span>:</strong> <em>fire punch rhyperior</em></div><div class="chat chatmessage-lordesche"><strong style="color:hsl(257,87%,54.68326773582998%)"><small>★</small><span class="username" data-name="Lord Esche">Lord Esche</span>:</strong> <em>dang u were fast</em></div><div class="chat chatmessage-umbrasoul"><strong style="color:hsl(339,51%,46.52860891092949%)"><small>★</small><span class="username" data-name="Umbra Soul">Umbra Soul</span>:</strong> <em>yeah it's funny</em></div><div class="chat chatmessage-umbrasoul"><strong style="color:hsl(339,51%,46.52860891092949%)"><small>★</small><span class="username" data-name="Umbra Soul">Umbra Soul</span>:</strong> <em>when people don't expect it</em></div><div class="spacer battle-history"><br></div><div class="battle-history">Go! <strong>Sawk</strong>!<br></div><div class="spacer battle-history"><br></div><h2 class="battle-history">Turn 8</h2><div class="chat chatmessage-umbrasoul"><strong style="color:hsl(339,51%,46.52860891092949%)"><small>★</small><span class="username" data-name="Umbra Soul">Umbra Soul</span>:</strong> <em>still wasn't expecting fire punch rhyp</em></div><div class="chat chatmessage-lordesche"><strong style="color:hsl(257,87%,54.68326773582998%)"><small>★</small><span class="username" data-name="Lord Esche">Lord Esche</span>:</strong> <em>well escav does kinda fuck me up otherwise lol</em></div><div class="spacer battle-history"><br></div><div class="battle-history">Sawk used <strong>Close Combat</strong>!<br></div><div class="battle-history"><small>It's super effective!</small><br></div><div class="battle-history"><small>(The opposing Rhyperior lost <abbr title="−158/434">36.4%</abbr> of its health!)</small><br></div><div class="battle-history"><small>Sawk's Defense fell!</small><br></div><div class="battle-history"><small>Sawk's Special Defense fell!</small><br></div><div class="spacer battle-history"><br></div><div class="battle-history">The opposing Rhyperior fainted!<br></div><div class="spacer battle-history"><br></div><div class="battle-history">Lord Esche sent out <strong>Venusaur</strong>!<br></div><div class="spacer battle-history"><br></div><h2 class="battle-history">Turn 9</h2><div class="spacer battle-history"><br></div><div class="battle-history">Sawk, come back!<br></div><div class="battle-history">Go! <strong>Delphox</strong>!<br></div><div class="spacer battle-history"><br></div><div class="battle-history">The opposing Venusaur used <strong>Sludge Bomb</strong>!<br></div><div class="battle-history"><small>(Delphox lost <abbr title="−187/291">64.3%</abbr> of its health!)</small><br></div><div class="battle-history"><small>Delphox was poisoned!</small><br></div><div class="battle-history"><small>The opposing Venusaur lost some of its HP!</small><br></div><div class="spacer battle-history"><br></div><div class="battle-history"><small>Delphox was hurt by poison!</small><br></div><div class="spacer battle-history"><br></div><h2 class="battle-history">Turn 10</h2><div class="chat chatmessage-lordesche"><strong style="color:hsl(257,87%,54.68326773582998%)"><small>★</small><span class="username" data-name="Lord Esche">Lord Esche</span>:</strong> <em>ah</em></div><div class="chat chatmessage-lordesche"><strong style="color:hsl(257,87%,54.68326773582998%)"><small>★</small><span class="username" data-name="Lord Esche">Lord Esche</span>:</strong> <em>sry</em></div><div class="chat chatmessage-umbrasoul"><strong style="color:hsl(339,51%,46.52860891092949%)"><small>★</small><span class="username" data-name="Umbra Soul">Umbra Soul</span>:</strong> <em>it's fine</em></div><div class="spacer battle-history"><br></div><div class="battle-history">Lord Esche withdrew Venusaur!<br></div><div class="battle-history">Lord Esche sent out <strong>Blastoise</strong>!<br></div><div class="spacer battle-history"><br></div><div class="battle-history">Delphox used <strong>Fire Blast</strong>!<br></div><div class="battle-history"><small>The opposing Blastoise avoided the attack!</small><br></div><div class="spacer battle-history"><br></div><div class="battle-history"><small>Delphox was hurt by poison!</small><br></div><div class="spacer battle-history"><br></div><h2 class="battle-history">Turn 11</h2><div class="spacer battle-history"><br></div><div class="battle-history">Delphox, come back!<br></div><div class="battle-history">Go! <strong>Rotom</strong>!<br></div><div class="spacer battle-history"><br></div><div class="battle-history">The opposing Blastoise used <strong>Scald</strong>!<br></div><div class="battle-history"><small>(Rotom lost <abbr title="−94/263">35.7%</abbr> of its health!)</small><br></div><div class="battle-history"><small>Rotom was burned!</small><br></div><div class="spacer battle-history"><br></div><div class="battle-history"><small>Rotom restored a little HP using its Leftovers!</small><br></div><div class="battle-history"><small>Rotom was hurt by its burn!</small><br></div><div class="spacer battle-history"><br></div><h2 class="battle-history">Turn 12</h2><div class="chat chatmessage-umbrasoul"><strong style="color:hsl(339,51%,46.52860891092949%)"><small>★</small><span class="username" data-name="Umbra Soul">Umbra Soul</span>:</strong> <em>this does not really favor me anymore if that's BU Braviary</em></div><div class="chat chatmessage-umbrasoul"><strong style="color:hsl(339,51%,46.52860891092949%)"><small>★</small><span class="username" data-name="Umbra Soul">Umbra Soul</span>:</strong> <em>which it probably is</em></div><div class="spacer battle-history"><br></div><div class="battle-history">Rotom used <strong>Volt Switch</strong>!<br></div><div class="battle-history"><small>It's super effective!</small><br></div><div class="battle-history"><small>(The opposing Blastoise lost <abbr title="−182/362">50.3%</abbr> of its health!)</small><br></div><div class="spacer battle-history"><br></div><div class="battle-history">Rotom went back to Umbra Soul!<br></div><div class="battle-history">Go! <strong>Delphox</strong>!<br></div><div class="spacer battle-history"><br></div><div class="battle-history">The opposing Blastoise used <strong>Scald</strong>!<br></div><div class="battle-history"><small>It's super effective!</small><br></div><div class="battle-history"><small>(Delphox lost <abbr title="−32/291">11.0%</abbr> of its health!)</small><br></div><div class="spacer battle-history"><br></div><div class="battle-history">Delphox fainted!<br></div><div class="spacer battle-history"><br></div><div class="battle-history"><small>The opposing Blastoise restored a little HP using its Leftovers!</small><br></div><div class="spacer battle-history"><br></div><div class="battle-history">Go! <strong>Venusaur</strong>!<br></div><div class="spacer battle-history"><br></div><h2 class="battle-history">Turn 13</h2><div class="spacer battle-history"><br></div><div class="battle-history">Venusaur used <strong>Sunny Day</strong>!<br></div><div class="battle-history"><small>The sunlight turned harsh!</small><br></div><div class="spacer battle-history"><br></div><div class="battle-history">The opposing Blastoise used <strong>Scald</strong>!<br></div><div class="battle-history"><small>It's not very effective...</small><br></div><div class="battle-history"><small>(Venusaur lost <abbr title="−20/301">6.6%</abbr> of its health!)</small><br></div><div class="spacer battle-history"><br></div><div class="battle-history"><small>(The sunlight is strong!)</small><br></div><div class="battle-history"><small>The opposing Blastoise restored a little HP using its Leftovers!</small><br></div><div class="spacer battle-history"><br></div><h2 class="battle-history">Turn 14</h2><div class="chat chatmessage-lordesche"><strong style="color:hsl(257,87%,54.68326773582998%)"><small>★</small><span class="username" data-name="Lord Esche">Lord Esche</span>:</strong> <em>ooo</em></div><div class="chat chatmessage-umbrasoul"><strong style="color:hsl(339,51%,46.52860891092949%)"><small>★</small><span class="username" data-name="Umbra Soul">Umbra Soul</span>:</strong> <em>SUN POWER</em></div><div class="spacer battle-history"><br></div><div class="battle-history">Venusaur used <strong>Solar Beam</strong>!<br></div><div class="battle-history"><small>Venusaur absorbed light!</small><br></div><div class="battle-history"><small>It's super effective!</small><br></div><div class="battle-history"><small>(The opposing Blastoise lost <abbr title="−224/362">61.9%</abbr> of its health!)</small><br></div><div class="battle-history"><small>Venusaur lost some of its HP!</small><br></div><div class="spacer battle-history"><br></div><div class="battle-history">The opposing Blastoise fainted!<br></div><div class="spacer battle-history"><br></div><div class="battle-history"><small>(The sunlight is strong!)</small><br></div><div class="spacer battle-history"><br></div><div class="battle-history">Lord Esche sent out <strong>Braviary</strong>!<br></div><div class="spacer battle-history"><br></div><h2 class="battle-history">Turn 15</h2><div class="chat chatmessage-umbrasoul"><strong style="color:hsl(339,51%,46.52860891092949%)"><small>★</small><span class="username" data-name="Umbra Soul">Umbra Soul</span>:</strong> <em>super sun power</em></div><div class="spacer battle-history"><br></div><div class="battle-history">Venusaur, come back!<br></div><div class="battle-history">Go! <strong>Rotom</strong>!<br></div><div class="spacer battle-history"><br></div><div class="battle-history">The opposing Braviary used <strong>Brave Bird</strong>!<br></div><div class="battle-history"><small>It's not very effective...</small><br></div><div class="battle-history"><small>(Rotom lost <abbr title="−112/263">42.6%</abbr> of its health!)</small><br></div><div class="battle-history"><small>The opposing Braviary is damaged by the recoil!</small><br></div><div class="spacer battle-history"><br></div><div class="battle-history"><small>(The sunlight is strong!)</small><br></div><div class="battle-history"><small>Rotom restored a little HP using its Leftovers!</small><br></div><div class="battle-history"><small>The opposing Braviary restored a little HP using its Leftovers!</small><br></div><div class="battle-history"><small>Rotom was hurt by its burn!</small><br></div><div class="spacer battle-history"><br></div><h2 class="battle-history">Turn 16</h2><div class="spacer battle-history"><br></div><div class="battle-history">Lord Esche withdrew Braviary!<br></div><div class="battle-history">Lord Esche sent out <strong>Aromatisse</strong>!<br></div><div class="spacer battle-history"><br></div><div class="battle-history">Rotom used <strong>Volt Switch</strong>!<br></div><div class="battle-history"><small>(The opposing Aromatisse lost <abbr title="−109/406">26.8%</abbr> of its health!)</small><br></div><div class="spacer battle-history"><br></div><div class="battle-history">Rotom went back to Umbra Soul!<br></div><div class="battle-history">Go! <strong>Venusaur</strong>!<br></div><div class="spacer battle-history"><br></div><div class="battle-history"><small>(The sunlight is strong!)</small><br></div><div class="battle-history"><small>The opposing Aromatisse was hurt by its burn!</small><br></div><div class="spacer battle-history"><br></div><h2 class="battle-history">Turn 17</h2><div class="spacer battle-history"><br></div><div class="battle-history">Venusaur used <strong>Sludge Bomb</strong>!<br></div><div class="battle-history"><small>It's super effective!</small><br></div><div class="battle-history"><small>A critical hit!</small><br></div><div class="battle-history"><small>(The opposing Aromatisse lost <abbr title="−27/406">6.7%</abbr> of its health!)</small><br></div><div class="battle-history"><small>Venusaur lost some of its HP!</small><br></div><div class="spacer battle-history"><br></div><div class="battle-history">The opposing Aromatisse fainted!<br></div><div class="spacer battle-history"><br></div><div class="battle-history"><small>The sunlight faded.</small><br></div><div class="spacer battle-history"><br></div><div class="battle-history">Lord Esche sent out <strong>Sneasel</strong>!<br></div><div class="spacer battle-history"><br></div><h2 class="battle-history">Turn 18</h2><div class="spacer battle-history"><br></div><div class="battle-history">Venusaur, come back!<br></div><div class="battle-history">Go! <strong>Rotom</strong>!<br></div><div class="spacer battle-history"><br></div><div class="battle-history">The opposing Sneasel used <strong>Icicle Crash</strong>!<br></div><div class="battle-history"><small>Rotom avoided the attack!</small><br></div><div class="spacer battle-history"><br></div><div class="battle-history"><small>Rotom restored a little HP using its Leftovers!</small><br></div><div class="battle-history"><small>Rotom was hurt by its burn!</small><br></div><div class="spacer battle-history"><br></div><h2 class="battle-history">Turn 19</h2><div class="chat chatmessage-umbrasoul"><strong style="color:hsl(339,51%,46.52860891092949%)"><small>★</small><span class="username" data-name="Umbra Soul">Umbra Soul</span>:</strong> <em>hm sometimes i should just try to take advantage of a hopeful luck lol</em></div><div class="chat chatmessage-umbrasoul"><strong style="color:hsl(339,51%,46.52860891092949%)"><small>★</small><span class="username" data-name="Umbra Soul">Umbra Soul</span>:</strong> <em>could of set up sun and tried to see where that took me lol</em></div><div class="spacer battle-history"><br></div><div class="battle-history">The opposing Sneasel used <strong>Icicle Crash</strong>!<br></div><div class="battle-history"><small>(Rotom lost <abbr title="−9/263">3.4%</abbr> of its health!)</small><br></div><div class="spacer battle-history"><br></div><div class="battle-history">Rotom fainted!<br></div><div class="spacer battle-history"><br></div><div class="battle-history">Go! <strong>Sawk</strong>!<br></div><div class="spacer battle-history"><br></div><h2 class="battle-history">Turn 20</h2><div class="spacer battle-history"><br></div><div class="battle-history">The opposing Sneasel used <strong>Icicle Crash</strong>!<br></div><div class="battle-history"><small>(Sawk lost <abbr title="−249/291">85.6%</abbr> of its health!)</small><br></div><div class="spacer battle-history"><br></div><div class="battle-history">Sawk flinched and couldn't move!<br></div><div class="spacer battle-history"><br></div><h2 class="battle-history">Turn 21</h2><div class="spacer battle-history"><br></div><div class="battle-history">Lord Esche withdrew Sneasel!<br></div><div class="battle-history">Lord Esche sent out <strong>Venusaur</strong>!<br></div><div class="spacer battle-history"><br></div><div class="battle-history">Sawk used <strong>Ice Punch</strong>!<br></div><div class="battle-history"><small>It's super effective!</small><br></div><div class="battle-history"><small>(The opposing Venusaur lost <abbr title="−270/299">90.3%</abbr> of its health!)</small><br></div><div class="spacer battle-history"><br></div><div class="battle-history">The opposing Venusaur fainted!<br></div><div class="chat chatmessage-umbrasoul"><strong style="color:hsl(339,51%,46.52860891092949%)"><small>★</small><span class="username" data-name="Umbra Soul">Umbra Soul</span>:</strong> <em>welp lol</em></div><div class="spacer battle-history"><br></div><div class="battle-history">Lord Esche sent out <strong>Sneasel</strong>!<br></div><div class="spacer battle-history"><br></div><h2 class="battle-history">Turn 22</h2><div class="spacer battle-history"><br></div><div class="battle-history">The opposing Sneasel used <strong>Knock Off</strong>!<br></div><div class="battle-history"><small>It's not very effective...</small><br></div><div class="battle-history"><small>(Sawk lost <abbr title="−42/291">14.4%</abbr> of its health!)</small><br></div><div class="battle-history"><small>The opposing Sneasel knocked off Sawk's Choice Band!</small><br></div><div class="spacer battle-history"><br></div><div class="battle-history">Sawk fainted!<br></div><div class="spacer battle-history"><br></div><div class="battle-history">Go! <strong>Venusaur</strong>!<br></div><div class="spacer battle-history"><br></div><h2 class="battle-history">Turn 23</h2><div class="spacer battle-history"><br></div><div class="battle-history">The opposing Sneasel used <strong>Knock Off</strong>!<br></div><div class="battle-history"><small>(Venusaur lost <abbr title="−221/301">73.4%</abbr> of its health!)</small><br></div><div class="battle-history"><small>The opposing Sneasel knocked off Venusaur's Life Orb!</small><br></div><div class="spacer battle-history"><br></div><div class="battle-history">Venusaur fainted!<br></div><div class="spacer battle-history"><br></div><div class="battle-history"><strong>Lord Esche</strong> won the battle!<br></div><div class="chat chatmessage-lordesche"><strong style="color:hsl(257,87%,54.68326773582998%)"><small>★</small><span class="username" data-name="Lord Esche">Lord Esche</span>:</strong> <em>sry bout that flinch</em></div><div class="chat chatmessage-lordesche"><strong style="color:hsl(257,87%,54.68326773582998%)"><small>★</small><span class="username" data-name="Lord Esche">Lord Esche</span>:</strong> <em>:/</em></div><div class="chat chatmessage-umbrasoul"><strong style="color:hsl(339,51%,46.52860891092949%)"><small>★</small><span class="username" data-name="Umbra Soul">Umbra Soul</span>:</strong> <em>i think had it not happened</em></div><div class="chat chatmessage-umbrasoul"><strong style="color:hsl(339,51%,46.52860891092949%)"><small>★</small><span class="username" data-name="Umbra Soul">Umbra Soul</span>:</strong> <em>ice punch might have swept</em></div><div class="chat chatmessage-lordesche"><strong style="color:hsl(257,87%,54.68326773582998%)"><small>★</small><span class="username" data-name="Lord Esche">Lord Esche</span>:</strong> <em>yeh</em></div><div class="chat chatmessage-lordesche"><strong style="color:hsl(257,87%,54.68326773582998%)"><small>★</small><span class="username" data-name="Lord Esche">Lord Esche</span>:</strong> <em>i didnt consider ice punch</em></div><div class="chat chatmessage-umbrasoul"><strong style="color:hsl(339,51%,46.52860891092949%)"><small>★</small><span class="username" data-name="Umbra Soul">Umbra Soul</span>:</strong> <em>i have it on there b/c i like it more than poison jab</em></div></div><div class="inner-preempt"></div></div></div>
</div>
<script>
let daily = Math.floor(Date.now()/1000/60/60/24);document.write('<script src="https://play.pokemonshowdown.com/js/replay-embed.js?version'+daily+'"></'+'script>');
</script>
