<!DOCTYPE html>
<meta charset="utf-8" />
<!-- version 1 -->
<title>RU replay: lighthouses vs. Conni</title>
<style>
html,body {font-family:Verdana, sans-serif;font-size:10pt;margin:0;padding:0;}body{padding:12px 0;} .battle-log {font-family:Verdana, sans-serif;font-size:10pt;} .battle-log-inline {border:1px solid #AAAAAA;background:#EEF2F5;color:black;max-width:640px;margin:0 auto 80px;padding-bottom:5px;} .battle-log .inner {padding:4px 8px 0px 8px;} .battle-log .inner-preempt {padding:0 8px 4px 8px;} .battle-log .inner-after {margin-top:0.5em;} .battle-log h2 {margin:0.5em -8px;padding:4px 8px;border:1px solid #AAAAAA;background:#E0E7EA;border-left:0;border-right:0;font-family:Verdana, sans-serif;font-size:13pt;} .battle-log .chat {vertical-align:middle;padding:3px 0 3px 0;font-size:8pt;} .battle-log .chat strong {color:#40576A;} .battle-log .chat em {padding:1px 4px 1px 3px;color:#000000;font-style:normal;} .chat.mine {background:rgba(0,0,0,0.05);margin-left:-8px;margin-right:-8px;padding-left:8px;padding-right:8px;} .spoiler {color:#BBBBBB;background:#BBBBBB;padding:0px 3px;} .spoiler:hover, .spoiler:active, .spoiler-shown {color:#000000;background:#E2E2E2;padding:0px 3px;} .spoiler a {color:#BBBBBB;} .spoiler:hover a, .spoiler:active a, .spoiler-shown a {color:#2288CC;} .chat code, .chat .spoiler:hover code, .chat .spoiler:active code, .chat .spoiler-shown code {border:1px solid #C0C0C0;background:#EEEEEE;color:black;padding:0 2px;} .chat .spoiler code {border:1px solid #CCCCCC;background:#CCCCCC;color:#CCCCCC;} .battle-log .rated {padding:3px 4px;} .battle-log .rated strong {color:white;background:#89A;padding:1px 4px;border-radius:4px;} .spacer {margin-top:0.5em;} .message-announce {background:#6688AA;color:white;padding:1px 4px 2px;} .message-announce a, .broadcast-green a, .broadcast-blue a, .broadcast-red a {color:#DDEEFF;} .broadcast-green {background-color:#559955;color:white;padding:2px 4px;} .broadcast-blue {background-color:#6688AA;color:white;padding:2px 4px;} .infobox {border:1px solid #6688AA;padding:2px 4px;} .infobox-limited {max-height:200px;overflow:auto;overflow-x:hidden;} .broadcast-red {background-color:#AA5544;color:white;padding:2px 4px;} .message-learn-canlearn {font-weight:bold;color:#228822;text-decoration:underline;} .message-learn-cannotlearn {font-weight:bold;color:#CC2222;text-decoration:underline;} .message-effect-weak {font-weight:bold;color:#CC2222;} .message-effect-resist {font-weight:bold;color:#6688AA;} .message-effect-immune {font-weight:bold;color:#666666;} .message-learn-list {margin-top:0;margin-bottom:0;} .message-throttle-notice, .message-error {color:#992222;} .message-overflow, .chat small.message-overflow {font-size:0pt;} .message-overflow::before {font-size:9pt;content:'...';} .subtle {color:#3A4A66;}
</style>
<div class="wrapper replay-wrapper" style="max-width:1180px;margin:0 auto">
<input type="hidden" name="replayid" value="smogtours-ru-281354" />
<div class="battle"></div><div class="battle-log"></div><div class="replay-controls"></div><div class="replay-controls-2"></div>
<h1 style="font-weight:normal;text-align:center"><strong>RU</strong><br /><a href="http://pokemonshowdown.com/users/lighthouses" class="subtle" target="_blank">lighthouses</a> vs. <a href="http://pokemonshowdown.com/users/conni" class="subtle" target="_blank">Conni</a></h1>
<script type="text/plain" class="battle-log-data">|inactive|Battle timer is ON: inactive players will automatically lose when time's up.
|J|lighthouses
|J|Conni
|player|p1|lighthouses|11
|player|p2|Conni|169
|gametype|singles
|gen|6
|tier|RU
|seed|14157,21263,46493,51019
|rule|Sleep Clause Mod: Limit one foe put to sleep
|rule|Species Clause: Limit one of each Pokémon
|rule|OHKO Clause: OHKO moves are banned
|rule|Moody Clause: Moody is banned
|rule|Evasion Moves Clause: Evasion moves are banned
|rule|Endless Battle Clause: Forcing endless battles is banned
|rule|HP Percentage Mod: HP is shown in percentages
|clearpoke
|poke|p1|Abomasnow, F|item
|poke|p1|Granbull, M|item
|poke|p1|Steelix, M|item
|poke|p1|Flygon, M|item
|poke|p1|Jolteon, M|item
|poke|p1|Drapion, F|item
|poke|p2|Rhyperior, F|item
|poke|p2|Venusaur, M|item
|poke|p2|Granbull, M|item
|poke|p2|Jellicent, M|item
|poke|p2|Emboar, M|item
|poke|p2|Glalie, M|item
|rule|Swagger Clause: Swagger is banned
|rule|Baton Pass Clause: Limit one Baton Passer, can't pass Spe and other stats simultaneously
|teampreview
|c|☆lighthouses|glhf
|J|TSR
|J|Feliburn
|J|dice
|c|☆Conni|u2
|J|Mr. Aldo
|J|Wheitron
|J|slurmz &
|c|+slurmz &|GO DIOGO
|c|+Mr. Aldo|now we are bringing fire
|c|+Mr. Aldo|this is what I like to see
|J|adracman
|c|+Wheitron|Go lighthouses :]
|J|trash
|c|☆lighthouses|this support is kinda moving
|c|☆lighthouses|ngl
|c|+slurmz &|Ele é um ser humano que existe?
|c|+slurmz &|Ele é um ser humano que existe?
|c|+slurmz &|- diogo
|c|☆lighthouses|.
|c|☆Conni|lol
|c|+slurmz &|Wheitron 
|c|+Wheitron|Yo
|c|+slurmz &|Conni é um ser humano que existe?
|c|+slurmz &|??
|c|+slurmz &|- diogo
|choice|team 4, team 2, team 3, team 1, team 5, team 6|team 4, team 2, team 3, team 1, team 5, team 6
|
|start
|switch|p1a: Flygon|Flygon, M|364\/364
|switch|p2a: Jellicent|Jellicent, M|403\/403
|turn|1
|c|+Feliburn|,,,,
|c|+Wheitron|Com sorte
|c|+Feliburn|when u steal the meme I spam
|choice|move uturn|move willowisp
|
|move|p1a: Flygon|U-turn|p2a: Jellicent
|-resisted|p2a: Jellicent
|-damage|p2a: Jellicent|377\/403
|J|aherosdestiny╲✸ ✹
|c|+Feliburn|classic alolan vai lusa
|choice|switch 4|
|
|switch|p1a: Abomasnow|Abomasnow, F|321\/321
|-weather|Hail|[from] ability: Snow Warning|[of] p1a: Abomasnow
|move|p2a: Jellicent|Will-O-Wisp|p1a: Abomasnow
|-status|p1a: Abomasnow|brn
|
|-weather|Hail|[upkeep]
|-damage|p2a: Jellicent|352\/403|[from] hail
|-heal|p2a: Jellicent|377\/403|[from] item: Leftovers
|-damage|p1a: Abomasnow|281\/321 brn|[from] brn
|upkeep
|turn|2
|c|☆lighthouses|u cant just call him alolan vai lusa
|c|+slurmz &|LOOOL
|c|+Feliburn|I've done it twice now
|choice|move blizzard|switch 5
|
|switch|p2a: Emboar|Emboar, M|361\/361
|move|p1a: Abomasnow|Blizzard|p2a: Emboar
|-resisted|p2a: Emboar
|-damage|p2a: Emboar|205\/361
|-damage|p1a: Abomasnow|249\/321 brn|[from] item: Life Orb
|
|-weather|Hail|[upkeep]
|-damage|p2a: Emboar|183\/361|[from] hail
|-damage|p1a: Abomasnow|209\/321 brn|[from] brn
|upkeep
|turn|3
|choice|switch 2|move flareblitz
|
|switch|p1a: Granbull|Granbull, M|384\/384
|-ability|p1a: Granbull|Intimidate|boost
|-unboost|p2a: Emboar|atk|1
|move|p2a: Emboar|Flare Blitz|p1a: Granbull
|-damage|p1a: Granbull|162\/384
|-damage|p2a: Emboar|110\/361|[from] recoil|[of] p1a: Granbull
|
|-weather|Hail|[upkeep]
|-damage|p2a: Emboar|88\/361|[from] hail
|-damage|p1a: Granbull|138\/384|[from] hail
|-heal|p1a: Granbull|162\/384|[from] item: Leftovers
|upkeep
|turn|4
|choice|switch 4|switch 2
|
|switch|p2a: Venusaur|Venusaur, M|363\/363
|switch|p1a: Flygon|Flygon, M|364\/364
|
|-weather|Hail|[upkeep]
|-damage|p1a: Flygon|342\/364|[from] hail
|-damage|p2a: Venusaur|341\/363|[from] hail
|-heal|p1a: Flygon|364\/364|[from] item: Leftovers
|-heal|p2a: Venusaur|363\/363|[from] item: Black Sludge
|upkeep
|turn|5
|choice|move uturn|switch 5
|
|switch|p2a: Jellicent|Jellicent, M|377\/403
|move|p1a: Flygon|U-turn|p2a: Jellicent
|-resisted|p2a: Jellicent
|-damage|p2a: Jellicent|351\/403
|choice|switch 6|
|
|switch|p1a: Drapion|Drapion, F|281\/281
|
|-weather|none
|-heal|p2a: Jellicent|376\/403|[from] item: Leftovers
|upkeep
|turn|6
|choice|move swordsdance|switch 4
|
|switch|p2a: Rhyperior|Rhyperior, F|433\/433
|move|p1a: Drapion|Swords Dance|p1a: Drapion
|-boost|p1a: Drapion|atk|2
|
|upkeep
|turn|7
|choice|move knockoff|move earthquake
|
|move|p1a: Drapion|Knock Off|p2a: Rhyperior
|-damage|p2a: Rhyperior|228\/433
|-enditem|p2a: Rhyperior|Leftovers|[from] move: Knock Off|[of] p1a: Drapion
|move|p2a: Rhyperior|Earthquake|p1a: Drapion
|-supereffective|p1a: Drapion
|-enditem|p1a: Drapion|Shuca Berry|[eat]
|-enditem|p1a: Drapion|Shuca Berry|[weaken]
|-damage|p1a: Drapion|112\/281
|
|upkeep
|turn|8
|choice|move earthquake|move earthquake
|
|move|p1a: Drapion|Earthquake|p2a: Rhyperior
|-supereffective|p2a: Rhyperior
|-damage|p2a: Rhyperior|0 fnt
|faint|p2a: Rhyperior
|
|upkeep
|choice||switch 6
|
|switch|p2a: Glalie|Glalie, M|301\/301
|turn|9
|choice|move poisonjab|move doubleedge mega
|
|detailschange|p2a: Glalie|Glalie-Mega, M
|-mega|p2a: Glalie|Glalie|Glalitite
|move|p1a: Drapion|Poison Jab|p2a: Glalie
|-damage|p2a: Glalie|16\/301
|move|p2a: Glalie|Double-Edge|p1a: Drapion
|-damage|p1a: Drapion|0 fnt
|-damage|p2a: Glalie|0 fnt|[from] recoil|[of] p1a: Drapion
|faint|p1a: Drapion
|faint|p2a: Glalie
|
|upkeep
|choice|switch 5|switch 4
|
|switch|p1a: Jolteon|Jolteon, M|271\/271
|switch|p2a: Jellicent|Jellicent, M|376\/403
|turn|10
|c|+Wheitron|Vai Lusa is a Lord
|choice|move voltswitch|switch 5
|
|switch|p2a: Venusaur|Venusaur, M|363\/363
|move|p1a: Jolteon|Volt Switch|p2a: Venusaur
|-resisted|p2a: Venusaur
|-crit|p2a: Venusaur
|-damage|p2a: Venusaur|237\/363
|choice|switch 4|
|
|switch|p1a: Granbull|Granbull, M|162\/384
|-ability|p1a: Granbull|Intimidate|boost
|-unboost|p2a: Venusaur|atk|1
|
|-heal|p2a: Venusaur|259\/363|[from] item: Black Sludge
|-heal|p1a: Granbull|186\/384|[from] item: Leftovers
|upkeep
|turn|11
|choice|switch 3|move synthesis
|
|switch|p1a: Steelix|Steelix, M|354\/354
|move|p2a: Venusaur|Synthesis|p2a: Venusaur
|-heal|p2a: Venusaur|363\/363
|
|upkeep
|turn|12
|choice|move stealthrock|switch 5
|
|switch|p2a: Jellicent|Jellicent, M|376\/403
|move|p1a: Steelix|Stealth Rock|p2a: Jellicent
|-sidestart|p2: Conni|move: Stealth Rock
|
|-heal|p2a: Jellicent|401\/403|[from] item: Leftovers
|upkeep
|turn|13
|choice|switch 3|move willowisp
|
|switch|p1a: Granbull|Granbull, M|186\/384
|-ability|p1a: Granbull|Intimidate|boost
|-unboost|p2a: Jellicent|atk|1
|move|p2a: Jellicent|Will-O-Wisp|p1a: Granbull
|-status|p1a: Granbull|brn
|
|-heal|p2a: Jellicent|403\/403|[from] item: Leftovers
|-heal|p1a: Granbull|210\/384 brn|[from] item: Leftovers
|-damage|p1a: Granbull|162\/384 brn|[from] brn
|upkeep
|turn|14
|choice|move thunderwave|move hex
|
|move|p2a: Jellicent|Hex|p1a: Granbull
|-damage|p1a: Granbull|0 fnt
|faint|p1a: Granbull
|
|upkeep
|choice|switch 4|
|
|switch|p1a: Jolteon|Jolteon, M|271\/271
|turn|15
|choice|move voltswitch|switch 5
|
|switch|p2a: Venusaur|Venusaur, M|363\/363
|-damage|p2a: Venusaur|318\/363|[from] Stealth Rock
|move|p1a: Jolteon|Volt Switch|p2a: Venusaur
|-resisted|p2a: Venusaur
|-damage|p2a: Venusaur|237\/363
|choice|switch 3|
|
|switch|p1a: Steelix|Steelix, M|354\/354
|
|-heal|p2a: Venusaur|259\/363|[from] item: Black Sludge
|upkeep
|turn|16
|choice|move earthquake|switch 5
|
|switch|p2a: Jellicent|Jellicent, M|403\/403
|-damage|p2a: Jellicent|353\/403|[from] Stealth Rock
|move|p1a: Steelix|Earthquake|p2a: Jellicent
|-crit|p2a: Jellicent
|-damage|p2a: Jellicent|202\/403
|
|-heal|p2a: Jellicent|227\/403|[from] item: Leftovers
|upkeep
|turn|17
|choice|switch 3|move willowisp
|
|switch|p1a: Jolteon|Jolteon, M|271\/271
|move|p2a: Jellicent|Will-O-Wisp|p1a: Jolteon
|-status|p1a: Jolteon|brn
|
|-heal|p2a: Jellicent|252\/403|[from] item: Leftovers
|-damage|p1a: Jolteon|238\/271 brn|[from] brn
|upkeep
|turn|18
|choice|move voltswitch|switch 5
|
|switch|p2a: Venusaur|Venusaur, M|259\/363
|-damage|p2a: Venusaur|214\/363|[from] Stealth Rock
|move|p1a: Jolteon|Volt Switch|p2a: Venusaur
|-resisted|p2a: Venusaur
|-damage|p2a: Venusaur|133\/363
|choice|switch 3|
|
|switch|p1a: Steelix|Steelix, M|354\/354
|
|-heal|p2a: Venusaur|155\/363|[from] item: Black Sludge
|upkeep
|turn|19
|choice|move earthquake|switch 5
|
|switch|p2a: Jellicent|Jellicent, M|252\/403
|-damage|p2a: Jellicent|202\/403|[from] Stealth Rock
|move|p1a: Steelix|Earthquake|p2a: Jellicent
|-damage|p2a: Jellicent|112\/403
|
|-heal|p2a: Jellicent|137\/403|[from] item: Leftovers
|upkeep
|turn|20
|choice|switch 3|move hex
|
|switch|p1a: Jolteon|Jolteon, M|238\/271 brn
|move|p2a: Jellicent|Hex|p1a: Jolteon
|-damage|p1a: Jolteon|96\/271 brn
|
|-heal|p2a: Jellicent|162\/403|[from] item: Leftovers
|-damage|p1a: Jolteon|63\/271 brn|[from] brn
|upkeep
|turn|21
|choice|move voltswitch|switch 5
|
|switch|p2a: Venusaur|Venusaur, M|155\/363
|-damage|p2a: Venusaur|110\/363|[from] Stealth Rock
|move|p1a: Jolteon|Volt Switch|p2a: Venusaur
|-resisted|p2a: Venusaur
|-damage|p2a: Venusaur|23\/363
|choice|switch 6|
|
|switch|p1a: Flygon|Flygon, M|364\/364
|
|-heal|p2a: Venusaur|45\/363|[from] item: Black Sludge
|upkeep
|turn|22
|choice|move earthquake|switch 3
|
|switch|p2a: Granbull|Granbull, M|383\/383
|-damage|p2a: Granbull|336\/383|[from] Stealth Rock
|-ability|p2a: Granbull|Intimidate|boost
|-unboost|p1a: Flygon|atk|1
|move|p1a: Flygon|Earthquake|p2a: Granbull
|-damage|p2a: Granbull|270\/383
|
|-heal|p2a: Granbull|293\/383|[from] item: Leftovers
|upkeep
|turn|23
|choice|move uturn|move playrough
|
|move|p1a: Flygon|U-turn|p2a: Granbull
|-resisted|p2a: Granbull
|-damage|p2a: Granbull|276\/383
|choice|switch 3|
|
|switch|p1a: Steelix|Steelix, M|354\/354
|move|p2a: Granbull|Play Rough|p1a: Steelix
|-resisted|p1a: Steelix
|-damage|p1a: Steelix|320\/354
|
|-heal|p2a: Granbull|299\/383|[from] item: Leftovers
|-heal|p1a: Steelix|342\/354|[from] item: Leftovers
|upkeep
|turn|24
|choice|move earthquake|switch 5
|
|switch|p2a: Jellicent|Jellicent, M|162\/403
|-damage|p2a: Jellicent|112\/403|[from] Stealth Rock
|move|p1a: Steelix|Earthquake|p2a: Jellicent
|-damage|p2a: Jellicent|7\/403
|
|-heal|p2a: Jellicent|32\/403|[from] item: Leftovers
|-heal|p1a: Steelix|354\/354|[from] item: Leftovers
|upkeep
|turn|25
|choice|switch 2|move recover
|
|switch|p1a: Abomasnow|Abomasnow, F|209\/321 brn
|-weather|Hail|[from] ability: Snow Warning|[of] p1a: Abomasnow
|move|p2a: Jellicent|Recover|p2a: Jellicent
|-heal|p2a: Jellicent|234\/403
|
|-weather|Hail|[upkeep]
|-damage|p2a: Jellicent|209\/403|[from] hail
|-heal|p2a: Jellicent|234\/403|[from] item: Leftovers
|-damage|p1a: Abomasnow|169\/321 brn|[from] brn
|upkeep
|turn|26
|choice|move gigadrain|switch 2
|
|switch|p2a: Emboar|Emboar, M|88\/361
|-damage|p2a: Emboar|43\/361|[from] Stealth Rock
|move|p1a: Abomasnow|Giga Drain|p2a: Emboar
|-resisted|p2a: Emboar
|-damage|p2a: Emboar|0 fnt
|-heal|p1a: Abomasnow|191\/321 brn|[from] drain|[of] p2a: Emboar
|-damage|p1a: Abomasnow|159\/321 brn|[from] item: Life Orb
|faint|p2a: Emboar
|
|-weather|Hail|[upkeep]
|-damage|p1a: Abomasnow|119\/321 brn|[from] brn
|upkeep
|choice||switch 5
|
|switch|p2a: Granbull|Granbull, M|299\/383
|-damage|p2a: Granbull|252\/383|[from] Stealth Rock
|-ability|p2a: Granbull|Intimidate|boost
|-unboost|p1a: Abomasnow|atk|1
|turn|27
|choice|switch 2|move playrough
|
|switch|p1a: Steelix|Steelix, M|354\/354
|move|p2a: Granbull|Play Rough|p1a: Steelix
|-resisted|p1a: Steelix
|-damage|p1a: Steelix|323\/354
|
|-weather|Hail|[upkeep]
|-damage|p2a: Granbull|229\/383|[from] hail
|-damage|p1a: Steelix|301\/354|[from] hail
|-heal|p2a: Granbull|252\/383|[from] item: Leftovers
|-heal|p1a: Steelix|323\/354|[from] item: Leftovers
|upkeep
|turn|28
|choice|move earthquake|switch 2
|
|switch|p2a: Jellicent|Jellicent, M|234\/403
|-damage|p2a: Jellicent|184\/403|[from] Stealth Rock
|move|p1a: Steelix|Earthquake|p2a: Jellicent
|-crit|p2a: Jellicent
|-damage|p2a: Jellicent|49\/403
|
|-weather|Hail|[upkeep]
|-damage|p2a: Jellicent|24\/403|[from] hail
|-damage|p1a: Steelix|301\/354|[from] hail
|-heal|p2a: Jellicent|49\/403|[from] item: Leftovers
|-heal|p1a: Steelix|323\/354|[from] item: Leftovers
|upkeep
|turn|29
|choice|switch 6|move recover
|
|switch|p1a: Jolteon|Jolteon, M|63\/271 brn
|move|p2a: Jellicent|Recover|p2a: Jellicent
|-heal|p2a: Jellicent|251\/403
|
|-weather|none
|-heal|p2a: Jellicent|276\/403|[from] item: Leftovers
|-damage|p1a: Jolteon|30\/271 brn|[from] brn
|upkeep
|turn|30
|choice|move thunderbolt|switch 3
|
|switch|p2a: Venusaur|Venusaur, M|45\/363
|-damage|p2a: Venusaur|0 fnt|[from] Stealth Rock
|faint|p2a: Venusaur
|move|p1a: Jolteon|Thunderbolt|p2: Venusaur|[notarget]
|-notarget
|
|-damage|p1a: Jolteon|0 fnt|[from] brn
|upkeep
|faint|p1a: Jolteon
|choice|switch 6|switch 2
|
|switch|p2a: Granbull|Granbull, M|252\/383
|switch|p1a: Steelix|Steelix, M|323\/354
|-damage|p2a: Granbull|205\/383|[from] Stealth Rock
|-ability|p2a: Granbull|Intimidate|boost
|-unboost|p1a: Steelix|atk|1
|turn|31
|choice|move roar|move earthquake
|
|move|p2a: Granbull|Earthquake|p1a: Steelix
|-supereffective|p1a: Steelix
|-damage|p1a: Steelix|221\/354
|move|p1a: Steelix|Roar|p2a: Granbull
|drag|p2a: Jellicent|Jellicent, M|276\/403
|-damage|p2a: Jellicent|226\/403|[from] Stealth Rock
|
|-heal|p2a: Jellicent|251\/403|[from] item: Leftovers
|-heal|p1a: Steelix|243\/354|[from] item: Leftovers
|upkeep
|turn|32
|choice|move roar|move willowisp
|
|move|p2a: Jellicent|Will-O-Wisp|p1a: Steelix
|-status|p1a: Steelix|brn
|move|p1a: Steelix|Roar|p2a: Jellicent
|drag|p2a: Granbull|Granbull, M|205\/383
|-damage|p2a: Granbull|158\/383|[from] Stealth Rock
|-ability|p2a: Granbull|Intimidate|boost
|-unboost|p1a: Steelix|atk|1
|
|-heal|p2a: Granbull|181\/383|[from] item: Leftovers
|-heal|p1a: Steelix|265\/354 brn|[from] item: Leftovers
|-damage|p1a: Steelix|221\/354 brn|[from] brn
|upkeep
|turn|33
|choice|move roar|move earthquake
|
|move|p2a: Granbull|Earthquake|p1a: Steelix
|-supereffective|p1a: Steelix
|-damage|p1a: Steelix|111\/354 brn
|move|p1a: Steelix|Roar|p2a: Granbull
|drag|p2a: Jellicent|Jellicent, M|251\/403
|-damage|p2a: Jellicent|201\/403|[from] Stealth Rock
|
|-heal|p2a: Jellicent|226\/403|[from] item: Leftovers
|-heal|p1a: Steelix|133\/354 brn|[from] item: Leftovers
|-damage|p1a: Steelix|89\/354 brn|[from] brn
|upkeep
|turn|34
|choice|move roar|move hex
|
|move|p2a: Jellicent|Hex|p1a: Steelix
|-damage|p1a: Steelix|0 fnt
|faint|p1a: Steelix
|
|-heal|p2a: Jellicent|251\/403|[from] item: Leftovers
|upkeep
|choice|switch 2|
|
|switch|p1a: Abomasnow|Abomasnow, F|119\/321 brn
|-weather|Hail|[from] ability: Snow Warning|[of] p1a: Abomasnow
|turn|35
|choice|move gigadrain|switch 3
|
|switch|p2a: Granbull|Granbull, M|181\/383
|-damage|p2a: Granbull|134\/383|[from] Stealth Rock
|-ability|p2a: Granbull|Intimidate|boost
|-unboost|p1a: Abomasnow|atk|1
|move|p1a: Abomasnow|Giga Drain|p2a: Granbull
|-damage|p2a: Granbull|0 fnt
|-heal|p1a: Abomasnow|186\/321 brn|[from] drain|[of] p2a: Granbull
|-damage|p1a: Abomasnow|154\/321 brn|[from] item: Life Orb
|faint|p2a: Granbull
|
|-weather|Hail|[upkeep]
|-damage|p1a: Abomasnow|114\/321 brn|[from] brn
|upkeep
|c|☆Conni|gg
|c|☆lighthouses|gg
|choice||switch 3
|
|switch|p2a: Jellicent|Jellicent, M|251\/403
|-damage|p2a: Jellicent|201\/403|[from] Stealth Rock
|turn|36
|choice|move gigadrain|move hex
|
|move|p1a: Abomasnow|Giga Drain|p2a: Jellicent
|-supereffective|p2a: Jellicent
|-damage|p2a: Jellicent|0 fnt
|-heal|p1a: Abomasnow|215\/321 brn|[from] drain|[of] p2a: Jellicent
|-damage|p1a: Abomasnow|183\/321 brn|[from] item: Life Orb
|faint|p2a: Jellicent
|
|win|lighthouses</script>
</div>
<div class="battle-log battle-log-inline"><div class="inner"><div class="battle-options"></div><div class="inner"><div class="chat message-error">Battle timer is ON: inactive players will automatically lose when time's up.</div><div class=""><small>Format:</small> <br><strong>RU</strong></div><div class=""><small><em>Sleep Clause Mod:</em> Limit one foe put to sleep</small></div><div class=""><small><em>Species Clause:</em> Limit one of each Pokémon</small></div><div class=""><small><em>OHKO Clause:</em> OHKO moves are banned</small></div><div class=""><small><em>Moody Clause:</em> Moody is banned</small></div><div class=""><small><em>Evasion Moves Clause:</em> Evasion moves are banned</small></div><div class=""><small><em>Endless Battle Clause:</em> Forcing endless battles is banned</small></div><div class=""><small><em>HP Percentage Mod:</em> HP is shown in percentages</small></div><div class=""><small><em>Swagger Clause:</em> Swagger is banned</small></div><div class=""><small><em>Baton Pass Clause:</em> Limit one Baton Passer, can't pass Spe and other stats simultaneously</small></div><div class="chat battle-history"><strong>lighthouses's team:</strong> <em style="color:#445566;display:block;">Abomasnow / Granbull / Steelix / Flygon / Jolteon / Drapion</em></div><div class="chat battle-history"><strong>Conni's team:</strong> <em style="color:#445566;display:block;">Rhyperior / Venusaur / Granbull / Jellicent / Emboar / Glalie</em></div><div class="chat chatmessage-lighthouses"><strong style="color:hsl(320,49%,50.56078876181623%)"><small>☆</small><span class="username" data-name="lighthouses">lighthouses</span>:</strong> <em>glhf</em></div><div class="chat chatmessage-conni"><strong style="color:hsl(324,84%,41.80945153794561%)"><small>☆</small><span class="username" data-name="Conni">Conni</span>:</strong> <em>u2</em></div><div class="chat chatmessage-slurmz"><strong style="color:hsl(28,40%,43.095599481124275%)"><small>+</small><span class="username" data-name="slurmz &amp;">slurmz &amp;</span>:</strong> <em>GO DIOGO</em></div><div class="chat chatmessage-mraldo"><strong style="color:hsl(234,45%,61.885059011812395%)"><small>+</small><span class="username" data-name="Mr. Aldo">Mr. Aldo</span>:</strong> <em>now we are bringing fire</em></div><div class="chat chatmessage-mraldo"><strong style="color:hsl(234,45%,61.885059011812395%)"><small>+</small><span class="username" data-name="Mr. Aldo">Mr. Aldo</span>:</strong> <em>this is what I like to see</em></div><div class="chat chatmessage-wheitron"><strong style="color:hsl(353,53%,51.49513646970273%)"><small>+</small><span class="username" data-name="Wheitron">Wheitron</span>:</strong> <em>Go lighthouses :]</em></div><div class="chat chatmessage-lighthouses"><strong style="color:hsl(320,49%,50.56078876181623%)"><small>☆</small><span class="username" data-name="lighthouses">lighthouses</span>:</strong> <em>this support is kinda moving</em></div><div class="chat chatmessage-lighthouses"><strong style="color:hsl(320,49%,50.56078876181623%)"><small>☆</small><span class="username" data-name="lighthouses">lighthouses</span>:</strong> <em>ngl</em></div><div class="chat chatmessage-slurmz"><strong style="color:hsl(28,40%,43.095599481124275%)"><small>+</small><span class="username" data-name="slurmz &amp;">slurmz &amp;</span>:</strong> <em>Ele é um ser humano que existe?</em></div><div class="chat chatmessage-slurmz"><strong style="color:hsl(28,40%,43.095599481124275%)"><small>+</small><span class="username" data-name="slurmz &amp;">slurmz &amp;</span>:</strong> <em>Ele é um ser humano que existe?</em></div><div class="chat chatmessage-slurmz"><strong style="color:hsl(28,40%,43.095599481124275%)"><small>+</small><span class="username" data-name="slurmz &amp;">slurmz &amp;</span>:</strong> <em>- diogo</em></div><div class="chat chatmessage-lighthouses"><strong style="color:hsl(320,49%,50.56078876181623%)"><small>☆</small><span class="username" data-name="lighthouses">lighthouses</span>:</strong> <em>.</em></div><div class="chat chatmessage-conni"><strong style="color:hsl(324,84%,41.80945153794561%)"><small>☆</small><span class="username" data-name="Conni">Conni</span>:</strong> <em>lol</em></div><div class="chat chatmessage-slurmz"><strong style="color:hsl(28,40%,43.095599481124275%)"><small>+</small><span class="username" data-name="slurmz &amp;">slurmz &amp;</span>:</strong> <em>Wheitron </em></div><div class="chat chatmessage-wheitron"><strong style="color:hsl(353,53%,51.49513646970273%)"><small>+</small><span class="username" data-name="Wheitron">Wheitron</span>:</strong> <em>Yo</em></div><div class="chat chatmessage-slurmz"><strong style="color:hsl(28,40%,43.095599481124275%)"><small>+</small><span class="username" data-name="slurmz &amp;">slurmz &amp;</span>:</strong> <em>Conni é um ser humano que existe?</em></div><div class="chat chatmessage-slurmz"><strong style="color:hsl(28,40%,43.095599481124275%)"><small>+</small><span class="username" data-name="slurmz &amp;">slurmz &amp;</span>:</strong> <em>??</em></div><div class="chat chatmessage-slurmz"><strong style="color:hsl(28,40%,43.095599481124275%)"><small>+</small><span class="username" data-name="slurmz &amp;">slurmz &amp;</span>:</strong> <em>- diogo</em></div><div class="spacer battle-history"><br></div><div class="battle-history">Battle started between lighthouses and Conni!<br></div><div class="spacer battle-history"><br></div><div class="battle-history">Go! <strong>Flygon</strong>!<br></div><div class="spacer battle-history"><br></div><div class="battle-history">Conni sent out <strong>Jellicent</strong>!<br></div><div class="spacer battle-history"><br></div><h2 class="battle-history">Turn 1</h2><div class="chat chatmessage-feliburn"><strong style="color:hsl(59,89%,31.085366448508736%)"><small>+</small><span class="username" data-name="Feliburn">Feliburn</span>:</strong> <em>,,,,</em></div><div class="chat chatmessage-wheitron"><strong style="color:hsl(353,53%,51.49513646970273%)"><small>+</small><span class="username" data-name="Wheitron">Wheitron</span>:</strong> <em>Com sorte</em></div><div class="chat chatmessage-feliburn"><strong style="color:hsl(59,89%,31.085366448508736%)"><small>+</small><span class="username" data-name="Feliburn">Feliburn</span>:</strong> <em>when u steal the meme I spam</em></div><div class="spacer battle-history"><br></div><div class="battle-history">Flygon used <strong>U-turn</strong>!<br></div><div class="battle-history"><small>It's not very effective...</small><br></div><div class="battle-history"><small>(The opposing Jellicent lost <abbr title="−26/403">6.5%</abbr> of its health!)</small><br></div><div class="chat chatmessage-feliburn"><strong style="color:hsl(59,89%,31.085366448508736%)"><small>+</small><span class="username" data-name="Feliburn">Feliburn</span>:</strong> <em>classic alolan vai lusa</em></div><div class="spacer battle-history"><br></div><div class="battle-history">Flygon went back to lighthouses!<br></div><div class="battle-history">Go! <strong>Abomasnow</strong>!<br></div><div class="battle-history"><small>[Abomasnow's Snow Warning]</small><br><small>It started to hail!</small><br></div><div class="spacer battle-history"><br></div><div class="battle-history">The opposing Jellicent used <strong>Will-O-Wisp</strong>!<br></div><div class="battle-history"><small>Abomasnow was burned!</small><br></div><div class="spacer battle-history"><br></div><div class="battle-history"><small>The hail is crashing down.</small><br></div><div class="battle-history"><small>The opposing Jellicent is buffeted by the hail!</small><br></div><div class="battle-history"><small>The opposing Jellicent restored a little HP using its Leftovers!</small><br></div><div class="battle-history"><small>Abomasnow was hurt by its burn!</small><br></div><div class="spacer battle-history"><br></div><h2 class="battle-history">Turn 2</h2><div class="chat chatmessage-lighthouses"><strong style="color:hsl(320,49%,50.56078876181623%)"><small>☆</small><span class="username" data-name="lighthouses">lighthouses</span>:</strong> <em>u cant just call him alolan vai lusa</em></div><div class="chat chatmessage-slurmz"><strong style="color:hsl(28,40%,43.095599481124275%)"><small>+</small><span class="username" data-name="slurmz &amp;">slurmz &amp;</span>:</strong> <em>LOOOL</em></div><div class="chat chatmessage-feliburn"><strong style="color:hsl(59,89%,31.085366448508736%)"><small>+</small><span class="username" data-name="Feliburn">Feliburn</span>:</strong> <em>I've done it twice now</em></div><div class="spacer battle-history"><br></div><div class="battle-history">Conni withdrew Jellicent!<br></div><div class="battle-history">Conni sent out <strong>Emboar</strong>!<br></div><div class="spacer battle-history"><br></div><div class="battle-history">Abomasnow used <strong>Blizzard</strong>!<br></div><div class="battle-history"><small>It's not very effective...</small><br></div><div class="battle-history"><small>(The opposing Emboar lost <abbr title="−156/361">43.2%</abbr> of its health!)</small><br></div><div class="battle-history"><small>Abomasnow lost some of its HP!</small><br></div><div class="spacer battle-history"><br></div><div class="battle-history"><small>The hail is crashing down.</small><br></div><div class="battle-history"><small>The opposing Emboar is buffeted by the hail!</small><br></div><div class="battle-history"><small>Abomasnow was hurt by its burn!</small><br></div><div class="spacer battle-history"><br></div><h2 class="battle-history">Turn 3</h2><div class="spacer battle-history"><br></div><div class="battle-history">Abomasnow, come back!<br></div><div class="battle-history">Go! <strong>Granbull</strong>!<br></div><div class="battle-history"><small>[Granbull's Intimidate]</small><br></div><div class="battle-history"><small>The opposing Emboar's Attack fell!</small><br></div><div class="spacer battle-history"><br></div><div class="battle-history">The opposing Emboar used <strong>Flare Blitz</strong>!<br></div><div class="battle-history"><small>(Granbull lost <abbr title="−222/384">57.8%</abbr> of its health!)</small><br></div><div class="battle-history"><small>The opposing Emboar is damaged by the recoil!</small><br></div><div class="spacer battle-history"><br></div><div class="battle-history"><small>The hail is crashing down.</small><br></div><div class="battle-history"><small>The opposing Emboar is buffeted by the hail!</small><br></div><div class="battle-history"><small>Granbull is buffeted by the hail!</small><br></div><div class="battle-history"><small>Granbull restored a little HP using its Leftovers!</small><br></div><div class="spacer battle-history"><br></div><h2 class="battle-history">Turn 4</h2><div class="spacer battle-history"><br></div><div class="battle-history">Conni withdrew Emboar!<br></div><div class="battle-history">Conni sent out <strong>Venusaur</strong>!<br></div><div class="spacer battle-history"><br></div><div class="battle-history">Granbull, come back!<br></div><div class="battle-history">Go! <strong>Flygon</strong>!<br></div><div class="spacer battle-history"><br></div><div class="battle-history"><small>The hail is crashing down.</small><br></div><div class="battle-history"><small>Flygon is buffeted by the hail!</small><br></div><div class="battle-history"><small>The opposing Venusaur is buffeted by the hail!</small><br></div><div class="battle-history"><small>Flygon restored a little HP using its Leftovers!</small><br></div><div class="battle-history"><small>The opposing Venusaur restored a little HP using its Black Sludge!</small><br></div><div class="spacer battle-history"><br></div><h2 class="battle-history">Turn 5</h2><div class="spacer battle-history"><br></div><div class="battle-history">Conni withdrew Venusaur!<br></div><div class="battle-history">Conni sent out <strong>Jellicent</strong>!<br></div><div class="spacer battle-history"><br></div><div class="battle-history">Flygon used <strong>U-turn</strong>!<br></div><div class="battle-history"><small>It's not very effective...</small><br></div><div class="battle-history"><small>(The opposing Jellicent lost <abbr title="−26/403">6.5%</abbr> of its health!)</small><br></div><div class="spacer battle-history"><br></div><div class="battle-history">Flygon went back to lighthouses!<br></div><div class="battle-history">Go! <strong>Drapion</strong>!<br></div><div class="spacer battle-history"><br></div><div class="battle-history"><small>The hail stopped.</small><br></div><div class="battle-history"><small>The opposing Jellicent restored a little HP using its Leftovers!</small><br></div><div class="spacer battle-history"><br></div><h2 class="battle-history">Turn 6</h2><div class="spacer battle-history"><br></div><div class="battle-history">Conni withdrew Jellicent!<br></div><div class="battle-history">Conni sent out <strong>Rhyperior</strong>!<br></div><div class="spacer battle-history"><br></div><div class="battle-history">Drapion used <strong>Swords Dance</strong>!<br></div><div class="battle-history"><small>Drapion's Attack rose sharply!</small><br></div><div class="spacer battle-history"><br></div><h2 class="battle-history">Turn 7</h2><div class="spacer battle-history"><br></div><div class="battle-history">Drapion used <strong>Knock Off</strong>!<br></div><div class="battle-history"><small>(The opposing Rhyperior lost <abbr title="−205/433">47.3%</abbr> of its health!)</small><br></div><div class="battle-history"><small>Drapion knocked off the opposing Rhyperior's Leftovers!</small><br></div><div class="spacer battle-history"><br></div><div class="battle-history">The opposing Rhyperior used <strong>Earthquake</strong>!<br></div><div class="battle-history"><small>It's super effective!</small><br></div><div class="battle-history"><small>Drapion ate its Shuca Berry!</small><br></div><div class="battle-history"><small>The Shuca Berry weakened the damage to Drapion!</small><br></div><div class="battle-history"><small>(Drapion lost <abbr title="−169/281">60.1%</abbr> of its health!)</small><br></div><div class="spacer battle-history"><br></div><h2 class="battle-history">Turn 8</h2><div class="spacer battle-history"><br></div><div class="battle-history">Drapion used <strong>Earthquake</strong>!<br></div><div class="battle-history"><small>It's super effective!</small><br></div><div class="battle-history"><small>(The opposing Rhyperior lost <abbr title="−228/433">52.7%</abbr> of its health!)</small><br></div><div class="spacer battle-history"><br></div><div class="battle-history">The opposing Rhyperior fainted!<br></div><div class="spacer battle-history"><br></div><div class="battle-history">Conni sent out <strong>Glalie</strong>!<br></div><div class="spacer battle-history"><br></div><h2 class="battle-history">Turn 9</h2><div class="spacer battle-history"><br></div><div class="battle-history"><small>The opposing Glalie's Glalitite is reacting to Conni's Mega Bracelet!</small><br>The opposing Glalie has Mega Evolved into Mega Glalie!<br></div><div class="spacer battle-history"><br></div><div class="battle-history">Drapion used <strong>Poison Jab</strong>!<br></div><div class="battle-history"><small>(The opposing Glalie lost <abbr title="−285/301">94.7%</abbr> of its health!)</small><br></div><div class="spacer battle-history"><br></div><div class="battle-history">The opposing Glalie used <strong>Double-Edge</strong>!<br></div><div class="battle-history"><small>(Drapion lost <abbr title="−112/281">39.9%</abbr> of its health!)</small><br></div><div class="battle-history"><small>The opposing Glalie is damaged by the recoil!</small><br></div><div class="spacer battle-history"><br></div><div class="battle-history">Drapion fainted!<br></div><div class="battle-history">The opposing Glalie fainted!<br></div><div class="spacer battle-history"><br></div><div class="battle-history">Go! <strong>Jolteon</strong>!<br></div><div class="spacer battle-history"><br></div><div class="battle-history">Conni sent out <strong>Jellicent</strong>!<br></div><div class="spacer battle-history"><br></div><h2 class="battle-history">Turn 10</h2><div class="chat chatmessage-wheitron"><strong style="color:hsl(353,53%,51.49513646970273%)"><small>+</small><span class="username" data-name="Wheitron">Wheitron</span>:</strong> <em>Vai Lusa is a Lord</em></div><div class="spacer battle-history"><br></div><div class="battle-history">Conni withdrew Jellicent!<br></div><div class="battle-history">Conni sent out <strong>Venusaur</strong>!<br></div><div class="spacer battle-history"><br></div><div class="battle-history">Jolteon used <strong>Volt Switch</strong>!<br></div><div class="battle-history"><small>It's not very effective...</small><br></div><div class="battle-history"><small>A critical hit!</small><br></div><div class="battle-history"><small>(The opposing Venusaur lost <abbr title="−126/363">34.7%</abbr> of its health!)</small><br></div><div class="spacer battle-history"><br></div><div class="battle-history">Jolteon went back to lighthouses!<br></div><div class="battle-history">Go! <strong>Granbull</strong>!<br></div><div class="battle-history"><small>[Granbull's Intimidate]</small><br></div><div class="battle-history"><small>The opposing Venusaur's Attack fell!</small><br></div><div class="spacer battle-history"><br></div><div class="battle-history"><small>The opposing Venusaur restored a little HP using its Black Sludge!</small><br></div><div class="battle-history"><small>Granbull restored a little HP using its Leftovers!</small><br></div><div class="spacer battle-history"><br></div><h2 class="battle-history">Turn 11</h2><div class="spacer battle-history"><br></div><div class="battle-history">Granbull, come back!<br></div><div class="battle-history">Go! <strong>Steelix</strong>!<br></div><div class="spacer battle-history"><br></div><div class="battle-history">The opposing Venusaur used <strong>Synthesis</strong>!<br></div><div class="battle-history"><small>The opposing Venusaur restored its HP.</small><br></div><div class="spacer battle-history"><br></div><h2 class="battle-history">Turn 12</h2><div class="spacer battle-history"><br></div><div class="battle-history">Conni withdrew Venusaur!<br></div><div class="battle-history">Conni sent out <strong>Jellicent</strong>!<br></div><div class="spacer battle-history"><br></div><div class="battle-history">Steelix used <strong>Stealth Rock</strong>!<br></div><div class="battle-history"><small>Pointed stones float in the air around the opposing team!</small><br></div><div class="spacer battle-history"><br></div><div class="battle-history"><small>The opposing Jellicent restored a little HP using its Leftovers!</small><br></div><div class="spacer battle-history"><br></div><h2 class="battle-history">Turn 13</h2><div class="spacer battle-history"><br></div><div class="battle-history">Steelix, come back!<br></div><div class="battle-history">Go! <strong>Granbull</strong>!<br></div><div class="battle-history"><small>[Granbull's Intimidate]</small><br></div><div class="battle-history"><small>The opposing Jellicent's Attack fell!</small><br></div><div class="spacer battle-history"><br></div><div class="battle-history">The opposing Jellicent used <strong>Will-O-Wisp</strong>!<br></div><div class="battle-history"><small>Granbull was burned!</small><br></div><div class="spacer battle-history"><br></div><div class="battle-history"><small>The opposing Jellicent restored a little HP using its Leftovers!</small><br></div><div class="battle-history"><small>Granbull restored a little HP using its Leftovers!</small><br></div><div class="battle-history"><small>Granbull was hurt by its burn!</small><br></div><div class="spacer battle-history"><br></div><h2 class="battle-history">Turn 14</h2><div class="spacer battle-history"><br></div><div class="battle-history">The opposing Jellicent used <strong>Hex</strong>!<br></div><div class="battle-history"><small>(Granbull lost <abbr title="−162/384">42.2%</abbr> of its health!)</small><br></div><div class="spacer battle-history"><br></div><div class="battle-history">Granbull fainted!<br></div><div class="spacer battle-history"><br></div><div class="battle-history">Go! <strong>Jolteon</strong>!<br></div><div class="spacer battle-history"><br></div><h2 class="battle-history">Turn 15</h2><div class="spacer battle-history"><br></div><div class="battle-history">Conni withdrew Jellicent!<br></div><div class="battle-history">Conni sent out <strong>Venusaur</strong>!<br></div><div class="battle-history"><small>Pointed stones dug into the opposing Venusaur!</small><br></div><div class="spacer battle-history"><br></div><div class="battle-history">Jolteon used <strong>Volt Switch</strong>!<br></div><div class="battle-history"><small>It's not very effective...</small><br></div><div class="battle-history"><small>(The opposing Venusaur lost <abbr title="−81/363">22.3%</abbr> of its health!)</small><br></div><div class="spacer battle-history"><br></div><div class="battle-history">Jolteon went back to lighthouses!<br></div><div class="battle-history">Go! <strong>Steelix</strong>!<br></div><div class="spacer battle-history"><br></div><div class="battle-history"><small>The opposing Venusaur restored a little HP using its Black Sludge!</small><br></div><div class="spacer battle-history"><br></div><h2 class="battle-history">Turn 16</h2><div class="spacer battle-history"><br></div><div class="battle-history">Conni withdrew Venusaur!<br></div><div class="battle-history">Conni sent out <strong>Jellicent</strong>!<br></div><div class="battle-history"><small>Pointed stones dug into the opposing Jellicent!</small><br></div><div class="spacer battle-history"><br></div><div class="battle-history">Steelix used <strong>Earthquake</strong>!<br></div><div class="battle-history"><small>A critical hit!</small><br></div><div class="battle-history"><small>(The opposing Jellicent lost <abbr title="−151/403">37.5%</abbr> of its health!)</small><br></div><div class="spacer battle-history"><br></div><div class="battle-history"><small>The opposing Jellicent restored a little HP using its Leftovers!</small><br></div><div class="spacer battle-history"><br></div><h2 class="battle-history">Turn 17</h2><div class="spacer battle-history"><br></div><div class="battle-history">Steelix, come back!<br></div><div class="battle-history">Go! <strong>Jolteon</strong>!<br></div><div class="spacer battle-history"><br></div><div class="battle-history">The opposing Jellicent used <strong>Will-O-Wisp</strong>!<br></div><div class="battle-history"><small>Jolteon was burned!</small><br></div><div class="spacer battle-history"><br></div><div class="battle-history"><small>The opposing Jellicent restored a little HP using its Leftovers!</small><br></div><div class="battle-history"><small>Jolteon was hurt by its burn!</small><br></div><div class="spacer battle-history"><br></div><h2 class="battle-history">Turn 18</h2><div class="spacer battle-history"><br></div><div class="battle-history">Conni withdrew Jellicent!<br></div><div class="battle-history">Conni sent out <strong>Venusaur</strong>!<br></div><div class="battle-history"><small>Pointed stones dug into the opposing Venusaur!</small><br></div><div class="spacer battle-history"><br></div><div class="battle-history">Jolteon used <strong>Volt Switch</strong>!<br></div><div class="battle-history"><small>It's not very effective...</small><br></div><div class="battle-history"><small>(The opposing Venusaur lost <abbr title="−81/363">22.3%</abbr> of its health!)</small><br></div><div class="spacer battle-history"><br></div><div class="battle-history">Jolteon went back to lighthouses!<br></div><div class="battle-history">Go! <strong>Steelix</strong>!<br></div><div class="spacer battle-history"><br></div><div class="battle-history"><small>The opposing Venusaur restored a little HP using its Black Sludge!</small><br></div><div class="spacer battle-history"><br></div><h2 class="battle-history">Turn 19</h2><div class="spacer battle-history"><br></div><div class="battle-history">Conni withdrew Venusaur!<br></div><div class="battle-history">Conni sent out <strong>Jellicent</strong>!<br></div><div class="battle-history"><small>Pointed stones dug into the opposing Jellicent!</small><br></div><div class="spacer battle-history"><br></div><div class="battle-history">Steelix used <strong>Earthquake</strong>!<br></div><div class="battle-history"><small>(The opposing Jellicent lost <abbr title="−90/403">22.3%</abbr> of its health!)</small><br></div><div class="spacer battle-history"><br></div><div class="battle-history"><small>The opposing Jellicent restored a little HP using its Leftovers!</small><br></div><div class="spacer battle-history"><br></div><h2 class="battle-history">Turn 20</h2><div class="spacer battle-history"><br></div><div class="battle-history">Steelix, come back!<br></div><div class="battle-history">Go! <strong>Jolteon</strong>!<br></div><div class="spacer battle-history"><br></div><div class="battle-history">The opposing Jellicent used <strong>Hex</strong>!<br></div><div class="battle-history"><small>(Jolteon lost <abbr title="−142/271">52.4%</abbr> of its health!)</small><br></div><div class="spacer battle-history"><br></div><div class="battle-history"><small>The opposing Jellicent restored a little HP using its Leftovers!</small><br></div><div class="battle-history"><small>Jolteon was hurt by its burn!</small><br></div><div class="spacer battle-history"><br></div><h2 class="battle-history">Turn 21</h2><div class="spacer battle-history"><br></div><div class="battle-history">Conni withdrew Jellicent!<br></div><div class="battle-history">Conni sent out <strong>Venusaur</strong>!<br></div><div class="battle-history"><small>Pointed stones dug into the opposing Venusaur!</small><br></div><div class="spacer battle-history"><br></div><div class="battle-history">Jolteon used <strong>Volt Switch</strong>!<br></div><div class="battle-history"><small>It's not very effective...</small><br></div><div class="battle-history"><small>(The opposing Venusaur lost <abbr title="−87/363">24.0%</abbr> of its health!)</small><br></div><div class="spacer battle-history"><br></div><div class="battle-history">Jolteon went back to lighthouses!<br></div><div class="battle-history">Go! <strong>Flygon</strong>!<br></div><div class="spacer battle-history"><br></div><div class="battle-history"><small>The opposing Venusaur restored a little HP using its Black Sludge!</small><br></div><div class="spacer battle-history"><br></div><h2 class="battle-history">Turn 22</h2><div class="spacer battle-history"><br></div><div class="battle-history">Conni withdrew Venusaur!<br></div><div class="battle-history">Conni sent out <strong>Granbull</strong>!<br></div><div class="battle-history"><small>Pointed stones dug into the opposing Granbull!</small><br></div><div class="battle-history"><small>[The opposing Granbull's Intimidate]</small><br></div><div class="battle-history"><small>Flygon's Attack fell!</small><br></div><div class="spacer battle-history"><br></div><div class="battle-history">Flygon used <strong>Earthquake</strong>!<br></div><div class="battle-history"><small>(The opposing Granbull lost <abbr title="−66/383">17.2%</abbr> of its health!)</small><br></div><div class="spacer battle-history"><br></div><div class="battle-history"><small>The opposing Granbull restored a little HP using its Leftovers!</small><br></div><div class="spacer battle-history"><br></div><h2 class="battle-history">Turn 23</h2><div class="spacer battle-history"><br></div><div class="battle-history">Flygon used <strong>U-turn</strong>!<br></div><div class="battle-history"><small>It's not very effective...</small><br></div><div class="battle-history"><small>(The opposing Granbull lost <abbr title="−17/383">4.4%</abbr> of its health!)</small><br></div><div class="spacer battle-history"><br></div><div class="battle-history">Flygon went back to lighthouses!<br></div><div class="battle-history">Go! <strong>Steelix</strong>!<br></div><div class="spacer battle-history"><br></div><div class="battle-history">The opposing Granbull used <strong>Play Rough</strong>!<br></div><div class="battle-history"><small>It's not very effective...</small><br></div><div class="battle-history"><small>(Steelix lost <abbr title="−34/354">9.6%</abbr> of its health!)</small><br></div><div class="spacer battle-history"><br></div><div class="battle-history"><small>The opposing Granbull restored a little HP using its Leftovers!</small><br></div><div class="battle-history"><small>Steelix restored a little HP using its Leftovers!</small><br></div><div class="spacer battle-history"><br></div><h2 class="battle-history">Turn 24</h2><div class="spacer battle-history"><br></div><div class="battle-history">Conni withdrew Granbull!<br></div><div class="battle-history">Conni sent out <strong>Jellicent</strong>!<br></div><div class="battle-history"><small>Pointed stones dug into the opposing Jellicent!</small><br></div><div class="spacer battle-history"><br></div><div class="battle-history">Steelix used <strong>Earthquake</strong>!<br></div><div class="battle-history"><small>(The opposing Jellicent lost <abbr title="−105/403">26.1%</abbr> of its health!)</small><br></div><div class="spacer battle-history"><br></div><div class="battle-history"><small>The opposing Jellicent restored a little HP using its Leftovers!</small><br></div><div class="battle-history"><small>Steelix restored a little HP using its Leftovers!</small><br></div><div class="spacer battle-history"><br></div><h2 class="battle-history">Turn 25</h2><div class="spacer battle-history"><br></div><div class="battle-history">Steelix, come back!<br></div><div class="battle-history">Go! <strong>Abomasnow</strong>!<br></div><div class="battle-history"><small>[Abomasnow's Snow Warning]</small><br><small>It started to hail!</small><br></div><div class="spacer battle-history"><br></div><div class="battle-history">The opposing Jellicent used <strong>Recover</strong>!<br></div><div class="battle-history"><small>The opposing Jellicent restored its HP.</small><br></div><div class="spacer battle-history"><br></div><div class="battle-history"><small>The hail is crashing down.</small><br></div><div class="battle-history"><small>The opposing Jellicent is buffeted by the hail!</small><br></div><div class="battle-history"><small>The opposing Jellicent restored a little HP using its Leftovers!</small><br></div><div class="battle-history"><small>Abomasnow was hurt by its burn!</small><br></div><div class="spacer battle-history"><br></div><h2 class="battle-history">Turn 26</h2><div class="spacer battle-history"><br></div><div class="battle-history">Conni withdrew Jellicent!<br></div><div class="battle-history">Conni sent out <strong>Emboar</strong>!<br></div><div class="battle-history"><small>Pointed stones dug into the opposing Emboar!</small><br></div><div class="spacer battle-history"><br></div><div class="battle-history">Abomasnow used <strong>Giga Drain</strong>!<br></div><div class="battle-history"><small>It's not very effective...</small><br></div><div class="battle-history"><small>(The opposing Emboar lost <abbr title="−43/361">11.9%</abbr> of its health!)</small><br></div><div class="battle-history"><small>The opposing Emboar had its energy drained!</small><br></div><div class="battle-history"><small>Abomasnow lost some of its HP!</small><br></div><div class="spacer battle-history"><br></div><div class="battle-history">The opposing Emboar fainted!<br></div><div class="spacer battle-history"><br></div><div class="battle-history"><small>The hail is crashing down.</small><br></div><div class="battle-history"><small>Abomasnow was hurt by its burn!</small><br></div><div class="spacer battle-history"><br></div><div class="battle-history">Conni sent out <strong>Granbull</strong>!<br></div><div class="battle-history"><small>Pointed stones dug into the opposing Granbull!</small><br></div><div class="battle-history"><small>[The opposing Granbull's Intimidate]</small><br></div><div class="battle-history"><small>Abomasnow's Attack fell!</small><br></div><div class="spacer battle-history"><br></div><h2 class="battle-history">Turn 27</h2><div class="spacer battle-history"><br></div><div class="battle-history">Abomasnow, come back!<br></div><div class="battle-history">Go! <strong>Steelix</strong>!<br></div><div class="spacer battle-history"><br></div><div class="battle-history">The opposing Granbull used <strong>Play Rough</strong>!<br></div><div class="battle-history"><small>It's not very effective...</small><br></div><div class="battle-history"><small>(Steelix lost <abbr title="−31/354">8.8%</abbr> of its health!)</small><br></div><div class="spacer battle-history"><br></div><div class="battle-history"><small>The hail is crashing down.</small><br></div><div class="battle-history"><small>The opposing Granbull is buffeted by the hail!</small><br></div><div class="battle-history"><small>Steelix is buffeted by the hail!</small><br></div><div class="battle-history"><small>The opposing Granbull restored a little HP using its Leftovers!</small><br></div><div class="battle-history"><small>Steelix restored a little HP using its Leftovers!</small><br></div><div class="spacer battle-history"><br></div><h2 class="battle-history">Turn 28</h2><div class="spacer battle-history"><br></div><div class="battle-history">Conni withdrew Granbull!<br></div><div class="battle-history">Conni sent out <strong>Jellicent</strong>!<br></div><div class="battle-history"><small>Pointed stones dug into the opposing Jellicent!</small><br></div><div class="spacer battle-history"><br></div><div class="battle-history">Steelix used <strong>Earthquake</strong>!<br></div><div class="battle-history"><small>A critical hit!</small><br></div><div class="battle-history"><small>(The opposing Jellicent lost <abbr title="−135/403">33.5%</abbr> of its health!)</small><br></div><div class="spacer battle-history"><br></div><div class="battle-history"><small>The hail is crashing down.</small><br></div><div class="battle-history"><small>The opposing Jellicent is buffeted by the hail!</small><br></div><div class="battle-history"><small>Steelix is buffeted by the hail!</small><br></div><div class="battle-history"><small>The opposing Jellicent restored a little HP using its Leftovers!</small><br></div><div class="battle-history"><small>Steelix restored a little HP using its Leftovers!</small><br></div><div class="spacer battle-history"><br></div><h2 class="battle-history">Turn 29</h2><div class="spacer battle-history"><br></div><div class="battle-history">Steelix, come back!<br></div><div class="battle-history">Go! <strong>Jolteon</strong>!<br></div><div class="spacer battle-history"><br></div><div class="battle-history">The opposing Jellicent used <strong>Recover</strong>!<br></div><div class="battle-history"><small>The opposing Jellicent restored its HP.</small><br></div><div class="spacer battle-history"><br></div><div class="battle-history"><small>The hail stopped.</small><br></div><div class="battle-history"><small>The opposing Jellicent restored a little HP using its Leftovers!</small><br></div><div class="battle-history"><small>Jolteon was hurt by its burn!</small><br></div><div class="spacer battle-history"><br></div><h2 class="battle-history">Turn 30</h2><div class="spacer battle-history"><br></div><div class="battle-history">Conni withdrew Jellicent!<br></div><div class="battle-history">Conni sent out <strong>Venusaur</strong>!<br></div><div class="battle-history"><small>Pointed stones dug into the opposing Venusaur!</small><br></div><div class="spacer battle-history"><br></div><div class="battle-history">The opposing Venusaur fainted!<br></div><div class="battle-history">Jolteon used <strong>Thunderbolt</strong>!<br></div><div class="battle-history"><small>But there was no target...</small><br></div><div class="spacer battle-history"><br></div><div class="battle-history"><small>Jolteon was hurt by its burn!</small><br></div><div class="spacer battle-history"><br></div><div class="battle-history">Jolteon fainted!<br></div><div class="spacer battle-history"><br></div><div class="battle-history">Conni sent out <strong>Granbull</strong>!<br></div><div class="spacer battle-history"><br></div><div class="battle-history">Go! <strong>Steelix</strong>!<br></div><div class="battle-history"><small>Pointed stones dug into the opposing Granbull!</small><br></div><div class="battle-history"><small>[The opposing Granbull's Intimidate]</small><br></div><div class="battle-history"><small>Steelix's Attack fell!</small><br></div><div class="spacer battle-history"><br></div><h2 class="battle-history">Turn 31</h2><div class="spacer battle-history"><br></div><div class="battle-history">The opposing Granbull used <strong>Earthquake</strong>!<br></div><div class="battle-history"><small>It's super effective!</small><br></div><div class="battle-history"><small>(Steelix lost <abbr title="−102/354">28.8%</abbr> of its health!)</small><br></div><div class="spacer battle-history"><br></div><div class="battle-history">Steelix used <strong>Roar</strong>!<br></div><div class="spacer battle-history"><br></div><div class="battle-history"><strong>Jellicent</strong> was dragged out!<br></div><div class="battle-history"><small>Pointed stones dug into the opposing Jellicent!</small><br></div><div class="spacer battle-history"><br></div><div class="battle-history"><small>The opposing Jellicent restored a little HP using its Leftovers!</small><br></div><div class="battle-history"><small>Steelix restored a little HP using its Leftovers!</small><br></div><div class="spacer battle-history"><br></div><h2 class="battle-history">Turn 32</h2><div class="spacer battle-history"><br></div><div class="battle-history">The opposing Jellicent used <strong>Will-O-Wisp</strong>!<br></div><div class="battle-history"><small>Steelix was burned!</small><br></div><div class="spacer battle-history"><br></div><div class="battle-history">Steelix used <strong>Roar</strong>!<br></div><div class="spacer battle-history"><br></div><div class="battle-history"><strong>Granbull</strong> was dragged out!<br></div><div class="battle-history"><small>Pointed stones dug into the opposing Granbull!</small><br></div><div class="battle-history"><small>[The opposing Granbull's Intimidate]</small><br></div><div class="battle-history"><small>Steelix's Attack fell!</small><br></div><div class="spacer battle-history"><br></div><div class="battle-history"><small>The opposing Granbull restored a little HP using its Leftovers!</small><br></div><div class="battle-history"><small>Steelix restored a little HP using its Leftovers!</small><br></div><div class="battle-history"><small>Steelix was hurt by its burn!</small><br></div><div class="spacer battle-history"><br></div><h2 class="battle-history">Turn 33</h2><div class="spacer battle-history"><br></div><div class="battle-history">The opposing Granbull used <strong>Earthquake</strong>!<br></div><div class="battle-history"><small>It's super effective!</small><br></div><div class="battle-history"><small>(Steelix lost <abbr title="−110/354">31.1%</abbr> of its health!)</small><br></div><div class="spacer battle-history"><br></div><div class="battle-history">Steelix used <strong>Roar</strong>!<br></div><div class="spacer battle-history"><br></div><div class="battle-history"><strong>Jellicent</strong> was dragged out!<br></div><div class="battle-history"><small>Pointed stones dug into the opposing Jellicent!</small><br></div><div class="spacer battle-history"><br></div><div class="battle-history"><small>The opposing Jellicent restored a little HP using its Leftovers!</small><br></div><div class="battle-history"><small>Steelix restored a little HP using its Leftovers!</small><br></div><div class="battle-history"><small>Steelix was hurt by its burn!</small><br></div><div class="spacer battle-history"><br></div><h2 class="battle-history">Turn 34</h2><div class="spacer battle-history"><br></div><div class="battle-history">The opposing Jellicent used <strong>Hex</strong>!<br></div><div class="battle-history"><small>(Steelix lost <abbr title="−89/354">25.1%</abbr> of its health!)</small><br></div><div class="spacer battle-history"><br></div><div class="battle-history">Steelix fainted!<br></div><div class="spacer battle-history"><br></div><div class="battle-history"><small>The opposing Jellicent restored a little HP using its Leftovers!</small><br></div><div class="spacer battle-history"><br></div><div class="battle-history">Go! <strong>Abomasnow</strong>!<br></div><div class="battle-history"><small>[Abomasnow's Snow Warning]</small><br><small>It started to hail!</small><br></div><div class="spacer battle-history"><br></div><h2 class="battle-history">Turn 35</h2><div class="spacer battle-history"><br></div><div class="battle-history">Conni withdrew Jellicent!<br></div><div class="battle-history">Conni sent out <strong>Granbull</strong>!<br></div><div class="battle-history"><small>Pointed stones dug into the opposing Granbull!</small><br></div><div class="battle-history"><small>[The opposing Granbull's Intimidate]</small><br></div><div class="battle-history"><small>Abomasnow's Attack fell!</small><br></div><div class="spacer battle-history"><br></div><div class="battle-history">Abomasnow used <strong>Giga Drain</strong>!<br></div><div class="battle-history"><small>(The opposing Granbull lost <abbr title="−134/383">35.0%</abbr> of its health!)</small><br></div><div class="battle-history"><small>The opposing Granbull had its energy drained!</small><br></div><div class="battle-history"><small>Abomasnow lost some of its HP!</small><br></div><div class="spacer battle-history"><br></div><div class="battle-history">The opposing Granbull fainted!<br></div><div class="spacer battle-history"><br></div><div class="battle-history"><small>The hail is crashing down.</small><br></div><div class="battle-history"><small>Abomasnow was hurt by its burn!</small><br></div><div class="chat chatmessage-conni"><strong style="color:hsl(324,84%,41.80945153794561%)"><small>☆</small><span class="username" data-name="Conni">Conni</span>:</strong> <em>gg</em></div><div class="chat chatmessage-lighthouses"><strong style="color:hsl(320,49%,50.56078876181623%)"><small>☆</small><span class="username" data-name="lighthouses">lighthouses</span>:</strong> <em>gg</em></div><div class="spacer battle-history"><br></div><div class="battle-history">Conni sent out <strong>Jellicent</strong>!<br></div><div class="battle-history"><small>Pointed stones dug into the opposing Jellicent!</small><br></div><div class="spacer battle-history"><br></div><h2 class="battle-history">Turn 36</h2><div class="spacer battle-history"><br></div><div class="battle-history">Abomasnow used <strong>Giga Drain</strong>!<br></div><div class="battle-history"><small>It's super effective!</small><br></div><div class="battle-history"><small>(The opposing Jellicent lost <abbr title="−201/403">49.9%</abbr> of its health!)</small><br></div><div class="battle-history"><small>The opposing Jellicent had its energy drained!</small><br></div><div class="battle-history"><small>Abomasnow lost some of its HP!</small><br></div><div class="spacer battle-history"><br></div><div class="battle-history">The opposing Jellicent fainted!<br></div><div class="spacer battle-history"><br></div><div class="battle-history"><strong>lighthouses</strong> won the battle!<br></div></div><div class="inner-preempt"></div></div></div>
</div>
<script>
let daily = Math.floor(Date.now()/1000/60/60/24);document.write('<script src="https://play.pokemonshowdown.com/js/replay-embed.js?version'+daily+'"></'+'script>');
</script>
