<!DOCTYPE html>
<meta charset="utf-8" />
<!-- version 1 -->
<title>RU replay: luke402 vs. LCezasfuck</title>
<style>
html,body {font-family:Verdana, sans-serif;font-size:10pt;margin:0;padding:0;}body{padding:12px 0;} .battle-log {font-family:Verdana, sans-serif;font-size:10pt;} .battle-log-inline {border:1px solid #AAAAAA;background:#EEF2F5;color:black;max-width:640px;margin:0 auto 80px;padding-bottom:5px;} .battle-log .inner {padding:4px 8px 0px 8px;} .battle-log .inner-preempt {padding:0 8px 4px 8px;} .battle-log .inner-after {margin-top:0.5em;} .battle-log h2 {margin:0.5em -8px;padding:4px 8px;border:1px solid #AAAAAA;background:#E0E7EA;border-left:0;border-right:0;font-family:Verdana, sans-serif;font-size:13pt;} .battle-log .chat {vertical-align:middle;padding:3px 0 3px 0;font-size:8pt;} .battle-log .chat strong {color:#40576A;} .battle-log .chat em {padding:1px 4px 1px 3px;color:#000000;font-style:normal;} .chat.mine {background:rgba(0,0,0,0.05);margin-left:-8px;margin-right:-8px;padding-left:8px;padding-right:8px;} .spoiler {color:#BBBBBB;background:#BBBBBB;padding:0px 3px;} .spoiler:hover, .spoiler:active, .spoiler-shown {color:#000000;background:#E2E2E2;padding:0px 3px;} .spoiler a {color:#BBBBBB;} .spoiler:hover a, .spoiler:active a, .spoiler-shown a {color:#2288CC;} .chat code, .chat .spoiler:hover code, .chat .spoiler:active code, .chat .spoiler-shown code {border:1px solid #C0C0C0;background:#EEEEEE;color:black;padding:0 2px;} .chat .spoiler code {border:1px solid #CCCCCC;background:#CCCCCC;color:#CCCCCC;} .battle-log .rated {padding:3px 4px;} .battle-log .rated strong {color:white;background:#89A;padding:1px 4px;border-radius:4px;} .spacer {margin-top:0.5em;} .message-announce {background:#6688AA;color:white;padding:1px 4px 2px;} .message-announce a, .broadcast-green a, .broadcast-blue a, .broadcast-red a {color:#DDEEFF;} .broadcast-green {background-color:#559955;color:white;padding:2px 4px;} .broadcast-blue {background-color:#6688AA;color:white;padding:2px 4px;} .infobox {border:1px solid #6688AA;padding:2px 4px;} .infobox-limited {max-height:200px;overflow:auto;overflow-x:hidden;} .broadcast-red {background-color:#AA5544;color:white;padding:2px 4px;} .message-learn-canlearn {font-weight:bold;color:#228822;text-decoration:underline;} .message-learn-cannotlearn {font-weight:bold;color:#CC2222;text-decoration:underline;} .message-effect-weak {font-weight:bold;color:#CC2222;} .message-effect-resist {font-weight:bold;color:#6688AA;} .message-effect-immune {font-weight:bold;color:#666666;} .message-learn-list {margin-top:0;margin-bottom:0;} .message-throttle-notice, .message-error {color:#992222;} .message-overflow, .chat small.message-overflow {font-size:0pt;} .message-overflow::before {font-size:9pt;content:'...';} .subtle {color:#3A4A66;}
</style>
<div class="wrapper replay-wrapper" style="max-width:1180px;margin:0 auto">
<input type="hidden" name="replayid" value="ru-499902508" />
<div class="battle"></div><div class="battle-log"></div><div class="replay-controls"></div><div class="replay-controls-2"></div>
<h1 style="font-weight:normal;text-align:center"><strong>RU</strong><br /><a href="http://pokemonshowdown.com/users/luke402" class="subtle" target="_blank">luke402</a> vs. <a href="http://pokemonshowdown.com/users/lcezasfuck" class="subtle" target="_blank">LCezasfuck</a></h1>
<script type="text/plain" class="battle-log-data">|j|luke402
|j|LCezasfuck
|player|p1|luke402|169
|player|p2|LCezasfuck|184
|gametype|singles
|gen|6
|tier|RU
|rated
|seed|36783,24010,18264,41837
|rule|Sleep Clause Mod: Limit one foe put to sleep
|rule|Species Clause: Limit one of each Pokémon
|rule|OHKO Clause: OHKO moves are banned
|rule|Moody Clause: Moody is banned
|rule|Evasion Moves Clause: Evasion moves are banned
|rule|Endless Battle Clause: Forcing endless battles is banned
|rule|HP Percentage Mod: HP is shown in percentages
|clearpoke
|poke|p1|Delphox, F|item
|poke|p1|Rhyperior, M|item
|poke|p1|Drapion, M|item
|poke|p1|Cinccino, F|item
|poke|p1|Togetic, M|item
|poke|p1|Flygon, M|item
|poke|p2|Alomomola, F|item
|poke|p2|Togetic, F|item
|poke|p2|Spiritomb, F|item
|poke|p2|Virizion|item
|poke|p2|Glalie, F|item
|poke|p2|Hitmontop, M|item
|rule|Swagger Clause: Swagger is banned
|rule|Baton Pass Clause: Limit one Baton Passer, can't pass Spe and other stats simultaneously
|teampreview
|choice|team 3, team 2, team 1, team 4, team 5, team 6|team 5, team 2, team 3, team 4, team 1, team 6
|
|start
|switch|p1a: Drapion|Drapion, M|343\/343
|switch|p2a: Glalie|Glalie, F|301\/301
|turn|1
|choice|move crunch|move earthquake mega
|
|detailschange|p2a: Glalie|Glalie-Mega, F
|-mega|p2a: Glalie|Glalie|Glalitite
|move|p2a: Glalie|Earthquake|p1a: Drapion
|-supereffective|p1a: Drapion
|-damage|p1a: Drapion|129\/343
|move|p1a: Drapion|Crunch|p2a: Glalie
|-damage|p2a: Glalie|162\/301
|
|upkeep
|turn|2
|choice|move crunch|move earthquake
|
|move|p2a: Glalie|Earthquake|p1a: Drapion
|-supereffective|p1a: Drapion
|-damage|p1a: Drapion|0 fnt
|faint|p1a: Drapion
|
|upkeep
|choice|switch 3|
|
|switch|p1a: Delphox|Delphox, F|291\/291
|turn|3
|choice|move psychic|switch 2
|
|switch|p2a: Togetic|Togetic, F|314\/314
|move|p1a: Delphox|Psychic|p2a: Togetic
|-damage|p2a: Togetic|250\/314
|
|upkeep
|turn|4
|choice|switch 2|switch 3
|
|switch|p1a: Rhyperior|Rhyperior, M|433\/433
|switch|p2a: Spiritomb|Spiritomb, F|303\/303
|
|upkeep
|turn|5
|choice|move earthquake|move willowisp
|
|move|p1a: Rhyperior|Earthquake|p2a: Spiritomb
|-damage|p2a: Spiritomb|119\/303
|move|p2a: Spiritomb|Will-O-Wisp|p1a: Rhyperior
|-status|p1a: Rhyperior|brn
|
|-damage|p1a: Rhyperior|379\/433 brn|[from] brn
|upkeep
|turn|6
|choice|move earthquake|move foulplay
|
|move|p1a: Rhyperior|Earthquake|p2a: Spiritomb
|-damage|p2a: Spiritomb|20\/303
|move|p2a: Spiritomb|Foul Play|p1a: Rhyperior
|-damage|p1a: Rhyperior|192\/433 brn
|
|-damage|p1a: Rhyperior|138\/433 brn|[from] brn
|upkeep
|turn|7
|choice|move rockslide|move suckerpunch
|
|move|p2a: Spiritomb|Sucker Punch|p1a: Rhyperior
|-damage|p1a: Rhyperior|20\/433 brn
|move|p1a: Rhyperior|Rock Slide|p2a: Spiritomb
|-damage|p2a: Spiritomb|0 fnt
|faint|p2a: Spiritomb
|
|-damage|p1a: Rhyperior|0 fnt|[from] brn
|upkeep
|faint|p1a: Rhyperior
|choice|switch 4|switch 3
|
|switch|p1a: Cinccino|Cinccino, F|291\/291
|switch|p2a: Togetic|Togetic, F|250\/314
|turn|8
|choice|move rockblast|switch 5
|
|switch|p2a: Alomomola|Alomomola, F|534\/534
|move|p1a: Cinccino|Rock Blast|p2a: Alomomola
|-damage|p2a: Alomomola|510\/534
|-damage|p2a: Alomomola|487\/534
|-damage|p2a: Alomomola|465\/534
|-damage|p2a: Alomomola|443\/534
|-damage|p2a: Alomomola|419\/534
|-hitcount|p2a: Alomomola|5
|
|upkeep
|turn|9
|choice|move bulletseed|move wish
|
|move|p1a: Cinccino|Bullet Seed|p2a: Alomomola
|-supereffective|p2a: Alomomola
|-damage|p2a: Alomomola|373\/534
|-supereffective|p2a: Alomomola
|-damage|p2a: Alomomola|327\/534
|-supereffective|p2a: Alomomola
|-damage|p2a: Alomomola|279\/534
|-supereffective|p2a: Alomomola
|-damage|p2a: Alomomola|237\/534
|-supereffective|p2a: Alomomola
|-damage|p2a: Alomomola|189\/534
|-hitcount|p2a: Alomomola|5
|move|p2a: Alomomola|Wish|p2a: Alomomola
|
|upkeep
|turn|10
|choice|move knockoff|move protect
|
|move|p2a: Alomomola|Protect|p2a: Alomomola
|-singleturn|p2a: Alomomola|Protect
|move|p1a: Cinccino|Knock Off|p2a: Alomomola
|-activate|p2a: Alomomola|move: Protect
|
|-heal|p2a: Alomomola|456\/534|[from] move: Wish|[wisher] Alomomola
|upkeep
|turn|11
|choice|move bulletseed|move wish
|
|move|p1a: Cinccino|Bullet Seed|p2a: Alomomola
|-supereffective|p2a: Alomomola
|-damage|p2a: Alomomola|408\/534
|-supereffective|p2a: Alomomola
|-damage|p2a: Alomomola|364\/534
|-supereffective|p2a: Alomomola
|-damage|p2a: Alomomola|316\/534
|-supereffective|p2a: Alomomola
|-damage|p2a: Alomomola|270\/534
|-supereffective|p2a: Alomomola
|-damage|p2a: Alomomola|220\/534
|-hitcount|p2a: Alomomola|5
|cant|p2a: Alomomola|flinch
|
|upkeep
|turn|12
|choice|move bulletseed|move protect
|
|move|p2a: Alomomola|Protect|p2a: Alomomola
|-singleturn|p2a: Alomomola|Protect
|move|p1a: Cinccino|Bullet Seed|p2a: Alomomola
|-activate|p2a: Alomomola|move: Protect
|
|upkeep
|turn|13
|choice|move rockblast|switch 6
|
|switch|p2a: Hitmontop|Hitmontop, M|304\/304
|-ability|p2a: Hitmontop|Intimidate|boost
|-unboost|p1a: Cinccino|atk|1
|move|p1a: Cinccino|Rock Blast|p2a: Hitmontop
|-resisted|p2a: Hitmontop
|-damage|p2a: Hitmontop|298\/304
|-resisted|p2a: Hitmontop
|-damage|p2a: Hitmontop|291\/304
|-resisted|p2a: Hitmontop
|-damage|p2a: Hitmontop|284\/304
|-resisted|p2a: Hitmontop
|-damage|p2a: Hitmontop|277\/304
|-resisted|p2a: Hitmontop
|-damage|p2a: Hitmontop|271\/304
|-hitcount|p2a: Hitmontop|5
|
|-heal|p2a: Hitmontop|290\/304|[from] item: Leftovers
|upkeep
|turn|14
|choice|switch 5|move toxic
|
|switch|p1a: Togetic|Togetic, M|314\/314
|move|p2a: Hitmontop|Toxic|p1a: Togetic
|-status|p1a: Togetic|tox
|
|-heal|p2a: Hitmontop|304\/304|[from] item: Leftovers
|-damage|p1a: Togetic|295\/314 tox|[from] psn
|upkeep
|turn|15
|choice|move toxic|switch 6
|
|switch|p2a: Alomomola|Alomomola, F|398\/534
|move|p1a: Togetic|Toxic|p2a: Alomomola
|-status|p2a: Alomomola|tox
|
|-damage|p2a: Alomomola|365\/534 tox|[from] psn
|-damage|p1a: Togetic|257\/314 tox|[from] psn
|upkeep
|turn|16
|choice|move dazzlinggleam|switch 5
|
|switch|p2a: Togetic|Togetic, F|250\/314
|move|p1a: Togetic|Dazzling Gleam|p2a: Togetic
|-damage|p2a: Togetic|214\/314
|
|-damage|p1a: Togetic|200\/314 tox|[from] psn
|upkeep
|turn|17
|choice|move toxic|move healbell
|
|move|p2a: Togetic|Heal Bell|p2a: Togetic
|-activate|p2a: Togetic|move: Heal Bell
|-curestatus|p2: Alomomola|tox|[msg]
|move|p1a: Togetic|Toxic|p2a: Togetic
|-status|p2a: Togetic|tox
|
|-damage|p1a: Togetic|124\/314 tox|[from] psn
|-damage|p2a: Togetic|195\/314 tox|[from] psn
|upkeep
|turn|18
|choice|move dazzlinggleam|move roost
|
|move|p1a: Togetic|Dazzling Gleam|p2a: Togetic
|-damage|p2a: Togetic|156\/314 tox
|move|p2a: Togetic|Roost|p2a: Togetic
|-heal|p2a: Togetic|313\/314 tox
|
|-damage|p2a: Togetic|275\/314 tox|[from] psn
|-damage|p1a: Togetic|29\/314 tox|[from] psn
|upkeep
|turn|19
|choice|move dazzlinggleam|move flamethrower
|
|move|p2a: Togetic|Flamethrower|p1a: Togetic
|-damage|p1a: Togetic|0 fnt
|faint|p1a: Togetic
|
|-damage|p2a: Togetic|218\/314 tox|[from] psn
|upkeep
|choice|switch 2|
|
|switch|p1a: Delphox|Delphox, F|291\/291
|turn|20
|choice|move psychic|move healbell
|
|move|p1a: Delphox|Psychic|p2a: Togetic
|-damage|p2a: Togetic|146\/314 tox
|move|p2a: Togetic|Heal Bell|p2a: Togetic
|-activate|p2a: Togetic|move: Heal Bell
|-curestatus|p2a: Togetic|tox|[msg]
|
|upkeep
|turn|21
|choice|move psychic|move roost
|
|move|p1a: Delphox|Psychic|p2a: Togetic
|-damage|p2a: Togetic|82\/314
|move|p2a: Togetic|Roost|p2a: Togetic
|-heal|p2a: Togetic|239\/314
|
|upkeep
|turn|22
|choice|switch 5|move roost
|
|switch|p1a: Cinccino|Cinccino, F|291\/291
|move|p2a: Togetic|Roost|p2a: Togetic
|-heal|p2a: Togetic|314\/314
|
|upkeep
|turn|23
|choice|move knockoff|switch 6
|
|switch|p2a: Hitmontop|Hitmontop, M|304\/304
|-ability|p2a: Hitmontop|Intimidate|boost
|-unboost|p1a: Cinccino|atk|1
|move|p1a: Cinccino|Knock Off|p2a: Hitmontop
|-resisted|p2a: Hitmontop
|-damage|p2a: Hitmontop|279\/304
|-enditem|p2a: Hitmontop|Leftovers|[from] move: Knock Off|[of] p1a: Cinccino
|
|upkeep
|turn|24
|choice|move tailslap|move closecombat
|
|move|p1a: Cinccino|Tail Slap|p2a: Hitmontop
|-damage|p2a: Hitmontop|258\/304
|-damage|p2a: Hitmontop|239\/304
|-damage|p2a: Hitmontop|218\/304
|-damage|p2a: Hitmontop|197\/304
|-damage|p2a: Hitmontop|176\/304
|-hitcount|p2a: Hitmontop|5
|cant|p2a: Hitmontop|flinch
|
|upkeep
|turn|25
|choice|move tailslap|switch 5
|
|switch|p2a: Alomomola|Alomomola, F|534\/534
|move|p1a: Cinccino|Tail Slap|p2a: Alomomola
|-damage|p2a: Alomomola|509\/534
|-damage|p1a: Cinccino|243\/291|[from] item: Rocky Helmet|[of] p2a: Alomomola
|-damage|p2a: Alomomola|487\/534
|-damage|p1a: Cinccino|195\/291|[from] item: Rocky Helmet|[of] p2a: Alomomola
|-damage|p2a: Alomomola|466\/534
|-damage|p1a: Cinccino|147\/291|[from] item: Rocky Helmet|[of] p2a: Alomomola
|-damage|p2a: Alomomola|444\/534
|-damage|p1a: Cinccino|99\/291|[from] item: Rocky Helmet|[of] p2a: Alomomola
|-damage|p2a: Alomomola|422\/534
|-damage|p1a: Cinccino|51\/291|[from] item: Rocky Helmet|[of] p2a: Alomomola
|-hitcount|p2a: Alomomola|5
|
|upkeep
|turn|26
|choice|switch 5|move wish
|
|switch|p1a: Delphox|Delphox, F|291\/291
|move|p2a: Alomomola|Wish|p2a: Alomomola
|
|upkeep
|turn|27
|choice|move psychic|move toxic
|
|move|p1a: Delphox|Psychic|p2a: Alomomola
|-damage|p2a: Alomomola|146\/534
|move|p2a: Alomomola|Toxic|p1a: Delphox
|-status|p1a: Delphox|tox
|
|-heal|p2a: Alomomola|413\/534|[from] move: Wish|[wisher] Alomomola
|-damage|p1a: Delphox|273\/291 tox|[from] psn
|upkeep
|turn|28
|choice|move psychic|move wish
|
|move|p1a: Delphox|Psychic|p2a: Alomomola
|-damage|p2a: Alomomola|143\/534
|move|p2a: Alomomola|Wish|p2a: Alomomola
|
|-damage|p1a: Delphox|237\/291 tox|[from] psn
|upkeep
|turn|29
|choice|move psychic|move protect
|
|move|p2a: Alomomola|Protect|p2a: Alomomola
|-singleturn|p2a: Alomomola|Protect
|move|p1a: Delphox|Psychic|p2a: Alomomola
|-activate|p2a: Alomomola|move: Protect
|
|-heal|p2a: Alomomola|410\/534|[from] move: Wish|[wisher] Alomomola
|-damage|p1a: Delphox|183\/291 tox|[from] psn
|upkeep
|turn|30
|choice|move solarbeam|switch 6
|
|switch|p2a: Togetic|Togetic, F|314\/314
|move|p1a: Delphox|Solar Beam|p2a: Togetic|[still]
|-prepare|p1a: Delphox|Solar Beam|p2a: Togetic
|-enditem|p1a: Delphox|Power Herb
|-anim|p1a: Delphox|Solar Beam|p2a: Togetic
|-resisted|p2a: Togetic
|-damage|p2a: Togetic|286\/314
|-item|p1a: Delphox|Eviolite|[from] ability: Magician|[of] p2a: Togetic
|
|-damage|p1a: Delphox|111\/291 tox|[from] psn
|upkeep
|turn|31
|choice|move flamethrower|move flamethrower
|
|move|p1a: Delphox|Flamethrower|p2a: Togetic
|-damage|p2a: Togetic|193\/314
|move|p2a: Togetic|Flamethrower|p1a: Delphox
|-resisted|p1a: Delphox
|-damage|p1a: Delphox|80\/291 tox
|
|-damage|p1a: Delphox|0 fnt|[from] psn
|upkeep
|faint|p1a: Delphox
|choice|switch 5|
|
|switch|p1a: Cinccino|Cinccino, F|51\/291
|turn|32
|choice|move tailslap|move flamethrower
|
|move|p1a: Cinccino|Tail Slap|p2a: Togetic
|-damage|p2a: Togetic|148\/314
|-damage|p2a: Togetic|103\/314
|-crit|p2a: Togetic
|-damage|p2a: Togetic|39\/314
|-damage|p2a: Togetic|0 fnt
|-hitcount|p2a: Togetic|4
|faint|p2a: Togetic
|
|upkeep
|choice||switch 5
|
|switch|p2a: Hitmontop|Hitmontop, M|176\/304
|-ability|p2a: Hitmontop|Intimidate|boost
|-unboost|p1a: Cinccino|atk|1
|turn|33
|choice|move tailslap|move suckerpunch
|
|move|p2a: Hitmontop|Sucker Punch|p1a: Cinccino
|-damage|p1a: Cinccino|0 fnt
|faint|p1a: Cinccino
|
|upkeep
|choice|switch 6|
|
|switch|p1a: Flygon|Flygon, M|301\/301
|turn|34
|choice|move outrage|move toxic
|
|move|p1a: Flygon|Outrage|p2a: Hitmontop
|-damage|p2a: Hitmontop|35\/304
|move|p2a: Hitmontop|Toxic|p1a: Flygon
|-status|p1a: Flygon|tox
|
|-damage|p1a: Flygon|283\/301 tox|[from] psn
|upkeep
|turn|35
|choice|move outrage|switch 6
|
|switch|p2a: Alomomola|Alomomola, F|534\/534
|move|p1a: Flygon|Outrage|p2a: Alomomola|[from]lockedmove
|-damage|p2a: Alomomola|381\/534
|-damage|p1a: Flygon|233\/301 tox|[from] item: Rocky Helmet|[of] p2a: Alomomola
|-start|p1a: Flygon|confusion|[fatigue]
|
|-damage|p1a: Flygon|197\/301 tox|[from] psn
|upkeep
|turn|36
|choice|move outrage|move wish
|
|-activate|p1a: Flygon|confusion
|move|p1a: Flygon|Outrage|p2a: Alomomola
|-damage|p2a: Alomomola|224\/534
|-damage|p1a: Flygon|147\/301 tox|[from] item: Rocky Helmet|[of] p2a: Alomomola
|move|p2a: Alomomola|Wish|p2a: Alomomola
|
|-damage|p1a: Flygon|93\/301 tox|[from] psn
|upkeep
|turn|37
|choice|move outrage|move scald
|
|-activate|p1a: Flygon|confusion
|move|p1a: Flygon|Outrage|p2a: Alomomola|[from]lockedmove
|-damage|p2a: Alomomola|80\/534
|-damage|p1a: Flygon|43\/301 tox|[from] item: Rocky Helmet|[of] p2a: Alomomola
|move|p2a: Alomomola|Scald|p1a: Flygon
|-damage|p1a: Flygon|0 fnt
|faint|p1a: Flygon
|
|win|LCezasfuck
|player|p1
|player|p2</script>
</div>
<div class="battle-log battle-log-inline"><div class="inner"><div class="battle-options"></div><div class="inner"><div class="chat"><small>luke402 joined.</small></div><div class="chat"><small>LCezasfuck joined.</small></div><div class=""><small>Format:</small> <br><strong>RU</strong></div><div class="rated"><strong>Rated battle</strong></div><div class=""><small><em>Sleep Clause Mod:</em> Limit one foe put to sleep</small></div><div class=""><small><em>Species Clause:</em> Limit one of each Pokémon</small></div><div class=""><small><em>OHKO Clause:</em> OHKO moves are banned</small></div><div class=""><small><em>Moody Clause:</em> Moody is banned</small></div><div class=""><small><em>Evasion Moves Clause:</em> Evasion moves are banned</small></div><div class=""><small><em>Endless Battle Clause:</em> Forcing endless battles is banned</small></div><div class=""><small><em>HP Percentage Mod:</em> HP is shown in percentages</small></div><div class=""><small><em>Swagger Clause:</em> Swagger is banned</small></div><div class=""><small><em>Baton Pass Clause:</em> Limit one Baton Passer, can't pass Spe and other stats simultaneously</small></div><div class="chat battle-history"><strong>luke402's team:</strong> <em style="color:#445566;display:block;">Delphox / Rhyperior / Drapion / Cinccino / Togetic / Flygon</em></div><div class="chat battle-history"><strong>LCezasfuck's team:</strong> <em style="color:#445566;display:block;">Alomomola / Togetic / Spiritomb / Virizion / Glalie / Hitmontop</em></div><div class="spacer battle-history"><br></div><div class="battle-history">Battle started between luke402 and LCezasfuck!<br></div><div class="spacer battle-history"><br></div><div class="battle-history">Go! <strong>Drapion</strong>!<br></div><div class="spacer battle-history"><br></div><div class="battle-history">LCezasfuck sent out <strong>Glalie</strong>!<br></div><div class="spacer battle-history"><br></div><h2 class="battle-history">Turn 1</h2><div class="spacer battle-history"><br></div><div class="battle-history"><small>The opposing Glalie's Glalitite is reacting to LCezasfuck's Mega Bracelet!</small><br>The opposing Glalie has Mega Evolved into Mega Glalie!<br></div><div class="spacer battle-history"><br></div><div class="battle-history">The opposing Glalie used <strong>Earthquake</strong>!<br></div><div class="battle-history"><small>It's super effective!</small><br></div><div class="battle-history"><small>(Drapion lost <abbr title="−214/343">62.4%</abbr> of its health!)</small><br></div><div class="spacer battle-history"><br></div><div class="battle-history">Drapion used <strong>Crunch</strong>!<br></div><div class="battle-history"><small>(The opposing Glalie lost <abbr title="−139/301">46.2%</abbr> of its health!)</small><br></div><div class="spacer battle-history"><br></div><h2 class="battle-history">Turn 2</h2><div class="spacer battle-history"><br></div><div class="battle-history">The opposing Glalie used <strong>Earthquake</strong>!<br></div><div class="battle-history"><small>It's super effective!</small><br></div><div class="battle-history"><small>(Drapion lost <abbr title="−129/343">37.6%</abbr> of its health!)</small><br></div><div class="spacer battle-history"><br></div><div class="battle-history">Drapion fainted!<br></div><div class="spacer battle-history"><br></div><div class="battle-history">Go! <strong>Delphox</strong>!<br></div><div class="spacer battle-history"><br></div><h2 class="battle-history">Turn 3</h2><div class="spacer battle-history"><br></div><div class="battle-history">LCezasfuck withdrew Glalie!<br></div><div class="battle-history">LCezasfuck sent out <strong>Togetic</strong>!<br></div><div class="spacer battle-history"><br></div><div class="battle-history">Delphox used <strong>Psychic</strong>!<br></div><div class="battle-history"><small>(The opposing Togetic lost <abbr title="−64/314">20.4%</abbr> of its health!)</small><br></div><div class="spacer battle-history"><br></div><h2 class="battle-history">Turn 4</h2><div class="spacer battle-history"><br></div><div class="battle-history">Delphox, come back!<br></div><div class="battle-history">Go! <strong>Rhyperior</strong>!<br></div><div class="spacer battle-history"><br></div><div class="battle-history">LCezasfuck withdrew Togetic!<br></div><div class="battle-history">LCezasfuck sent out <strong>Spiritomb</strong>!<br></div><div class="spacer battle-history"><br></div><h2 class="battle-history">Turn 5</h2><div class="spacer battle-history"><br></div><div class="battle-history">Rhyperior used <strong>Earthquake</strong>!<br></div><div class="battle-history"><small>(The opposing Spiritomb lost <abbr title="−184/303">60.7%</abbr> of its health!)</small><br></div><div class="spacer battle-history"><br></div><div class="battle-history">The opposing Spiritomb used <strong>Will-O-Wisp</strong>!<br></div><div class="battle-history"><small>Rhyperior was burned!</small><br></div><div class="spacer battle-history"><br></div><div class="battle-history"><small>Rhyperior was hurt by its burn!</small><br></div><div class="spacer battle-history"><br></div><h2 class="battle-history">Turn 6</h2><div class="spacer battle-history"><br></div><div class="battle-history">Rhyperior used <strong>Earthquake</strong>!<br></div><div class="battle-history"><small>(The opposing Spiritomb lost <abbr title="−99/303">32.7%</abbr> of its health!)</small><br></div><div class="spacer battle-history"><br></div><div class="battle-history">The opposing Spiritomb used <strong>Foul Play</strong>!<br></div><div class="battle-history"><small>(Rhyperior lost <abbr title="−187/433">43.2%</abbr> of its health!)</small><br></div><div class="spacer battle-history"><br></div><div class="battle-history"><small>Rhyperior was hurt by its burn!</small><br></div><div class="spacer battle-history"><br></div><h2 class="battle-history">Turn 7</h2><div class="spacer battle-history"><br></div><div class="battle-history">The opposing Spiritomb used <strong>Sucker Punch</strong>!<br></div><div class="battle-history"><small>(Rhyperior lost <abbr title="−118/433">27.3%</abbr> of its health!)</small><br></div><div class="spacer battle-history"><br></div><div class="battle-history">Rhyperior used <strong>Rock Slide</strong>!<br></div><div class="battle-history"><small>(The opposing Spiritomb lost <abbr title="−20/303">6.6%</abbr> of its health!)</small><br></div><div class="spacer battle-history"><br></div><div class="battle-history">The opposing Spiritomb fainted!<br></div><div class="spacer battle-history"><br></div><div class="battle-history"><small>Rhyperior was hurt by its burn!</small><br></div><div class="spacer battle-history"><br></div><div class="battle-history">Rhyperior fainted!<br></div><div class="spacer battle-history"><br></div><div class="battle-history">Go! <strong>Cinccino</strong>!<br></div><div class="spacer battle-history"><br></div><div class="battle-history">LCezasfuck sent out <strong>Togetic</strong>!<br></div><div class="spacer battle-history"><br></div><h2 class="battle-history">Turn 8</h2><div class="spacer battle-history"><br></div><div class="battle-history">LCezasfuck withdrew Togetic!<br></div><div class="battle-history">LCezasfuck sent out <strong>Alomomola</strong>!<br></div><div class="spacer battle-history"><br></div><div class="battle-history">Cinccino used <strong>Rock Blast</strong>!<br></div><div class="battle-history"><small>(The opposing Alomomola lost <abbr title="−24/534">4.5%</abbr> of its health!)</small><br></div><div class="battle-history"><small>(The opposing Alomomola lost <abbr title="−23/534">4.3%</abbr> of its health!)</small><br></div><div class="battle-history"><small>(The opposing Alomomola lost <abbr title="−22/534">4.1%</abbr> of its health!)</small><br></div><div class="battle-history"><small>(The opposing Alomomola lost <abbr title="−22/534">4.1%</abbr> of its health!)</small><br></div><div class="battle-history"><small>(The opposing Alomomola lost <abbr title="−24/534">4.5%</abbr> of its health!)</small><br></div><div class="battle-history"><small>Hit 5 times!</small><br></div><div class="spacer battle-history"><br></div><h2 class="battle-history">Turn 9</h2><div class="spacer battle-history"><br></div><div class="battle-history">Cinccino used <strong>Bullet Seed</strong>!<br></div><div class="battle-history"><small>It's super effective!</small><br></div><div class="battle-history"><small>(The opposing Alomomola lost <abbr title="−46/534">8.6%</abbr> of its health!)</small><br></div><div class="battle-history"><small>It's super effective!</small><br></div><div class="battle-history"><small>(The opposing Alomomola lost <abbr title="−46/534">8.6%</abbr> of its health!)</small><br></div><div class="battle-history"><small>It's super effective!</small><br></div><div class="battle-history"><small>(The opposing Alomomola lost <abbr title="−48/534">9.0%</abbr> of its health!)</small><br></div><div class="battle-history"><small>It's super effective!</small><br></div><div class="battle-history"><small>(The opposing Alomomola lost <abbr title="−42/534">7.9%</abbr> of its health!)</small><br></div><div class="battle-history"><small>It's super effective!</small><br></div><div class="battle-history"><small>(The opposing Alomomola lost <abbr title="−48/534">9.0%</abbr> of its health!)</small><br></div><div class="battle-history"><small>Hit 5 times!</small><br></div><div class="spacer battle-history"><br></div><div class="battle-history">The opposing Alomomola used <strong>Wish</strong>!<br></div><div class="spacer battle-history"><br></div><h2 class="battle-history">Turn 10</h2><div class="spacer battle-history"><br></div><div class="battle-history">The opposing Alomomola used <strong>Protect</strong>!<br></div><div class="battle-history"><small>The opposing Alomomola protected itself!</small><br></div><div class="spacer battle-history"><br></div><div class="battle-history">Cinccino used <strong>Knock Off</strong>!<br></div><div class="battle-history"><small>The opposing Alomomola protected itself!</small><br></div><div class="spacer battle-history"><br></div><div class="battle-history"><small>Alomomola's wish came true!</small><br></div><div class="spacer battle-history"><br></div><h2 class="battle-history">Turn 11</h2><div class="spacer battle-history"><br></div><div class="battle-history">Cinccino used <strong>Bullet Seed</strong>!<br></div><div class="battle-history"><small>It's super effective!</small><br></div><div class="battle-history"><small>(The opposing Alomomola lost <abbr title="−48/534">9.0%</abbr> of its health!)</small><br></div><div class="battle-history"><small>It's super effective!</small><br></div><div class="battle-history"><small>(The opposing Alomomola lost <abbr title="−44/534">8.2%</abbr> of its health!)</small><br></div><div class="battle-history"><small>It's super effective!</small><br></div><div class="battle-history"><small>(The opposing Alomomola lost <abbr title="−48/534">9.0%</abbr> of its health!)</small><br></div><div class="battle-history"><small>It's super effective!</small><br></div><div class="battle-history"><small>(The opposing Alomomola lost <abbr title="−46/534">8.6%</abbr> of its health!)</small><br></div><div class="battle-history"><small>It's super effective!</small><br></div><div class="battle-history"><small>(The opposing Alomomola lost <abbr title="−50/534">9.4%</abbr> of its health!)</small><br></div><div class="battle-history"><small>Hit 5 times!</small><br></div><div class="spacer battle-history"><br></div><div class="battle-history">The opposing Alomomola flinched and couldn't move!<br></div><div class="spacer battle-history"><br></div><h2 class="battle-history">Turn 12</h2><div class="spacer battle-history"><br></div><div class="battle-history">The opposing Alomomola used <strong>Protect</strong>!<br></div><div class="battle-history"><small>The opposing Alomomola protected itself!</small><br></div><div class="spacer battle-history"><br></div><div class="battle-history">Cinccino used <strong>Bullet Seed</strong>!<br></div><div class="battle-history"><small>The opposing Alomomola protected itself!</small><br></div><div class="spacer battle-history"><br></div><h2 class="battle-history">Turn 13</h2><div class="spacer battle-history"><br></div><div class="battle-history">LCezasfuck withdrew Alomomola!<br></div><div class="battle-history">LCezasfuck sent out <strong>Hitmontop</strong>!<br></div><div class="battle-history"><small>[The opposing Hitmontop's Intimidate]</small><br></div><div class="battle-history"><small>Cinccino's Attack fell!</small><br></div><div class="spacer battle-history"><br></div><div class="battle-history">Cinccino used <strong>Rock Blast</strong>!<br></div><div class="battle-history"><small>It's not very effective...</small><br></div><div class="battle-history"><small>(The opposing Hitmontop lost <abbr title="−6/304">2.0%</abbr> of its health!)</small><br></div><div class="battle-history"><small>It's not very effective...</small><br></div><div class="battle-history"><small>(The opposing Hitmontop lost <abbr title="−7/304">2.3%</abbr> of its health!)</small><br></div><div class="battle-history"><small>It's not very effective...</small><br></div><div class="battle-history"><small>(The opposing Hitmontop lost <abbr title="−7/304">2.3%</abbr> of its health!)</small><br></div><div class="battle-history"><small>It's not very effective...</small><br></div><div class="battle-history"><small>(The opposing Hitmontop lost <abbr title="−7/304">2.3%</abbr> of its health!)</small><br></div><div class="battle-history"><small>It's not very effective...</small><br></div><div class="battle-history"><small>(The opposing Hitmontop lost <abbr title="−6/304">2.0%</abbr> of its health!)</small><br></div><div class="battle-history"><small>Hit 5 times!</small><br></div><div class="spacer battle-history"><br></div><div class="battle-history"><small>The opposing Hitmontop restored a little HP using its Leftovers!</small><br></div><div class="spacer battle-history"><br></div><h2 class="battle-history">Turn 14</h2><div class="spacer battle-history"><br></div><div class="battle-history">Cinccino, come back!<br></div><div class="battle-history">Go! <strong>Togetic</strong>!<br></div><div class="spacer battle-history"><br></div><div class="battle-history">The opposing Hitmontop used <strong>Toxic</strong>!<br></div><div class="battle-history"><small>Togetic was badly poisoned!</small><br></div><div class="spacer battle-history"><br></div><div class="battle-history"><small>The opposing Hitmontop restored a little HP using its Leftovers!</small><br></div><div class="battle-history"><small>Togetic was hurt by poison!</small><br></div><div class="spacer battle-history"><br></div><h2 class="battle-history">Turn 15</h2><div class="spacer battle-history"><br></div><div class="battle-history">LCezasfuck withdrew Hitmontop!<br></div><div class="battle-history">LCezasfuck sent out <strong>Alomomola</strong>!<br></div><div class="spacer battle-history"><br></div><div class="battle-history">Togetic used <strong>Toxic</strong>!<br></div><div class="battle-history"><small>The opposing Alomomola was badly poisoned!</small><br></div><div class="spacer battle-history"><br></div><div class="battle-history"><small>The opposing Alomomola was hurt by poison!</small><br></div><div class="battle-history"><small>Togetic was hurt by poison!</small><br></div><div class="spacer battle-history"><br></div><h2 class="battle-history">Turn 16</h2><div class="spacer battle-history"><br></div><div class="battle-history">LCezasfuck withdrew Alomomola!<br></div><div class="battle-history">LCezasfuck sent out <strong>Togetic</strong>!<br></div><div class="spacer battle-history"><br></div><div class="battle-history">Togetic used <strong>Dazzling Gleam</strong>!<br></div><div class="battle-history"><small>(The opposing Togetic lost <abbr title="−36/314">11.5%</abbr> of its health!)</small><br></div><div class="spacer battle-history"><br></div><div class="battle-history"><small>Togetic was hurt by poison!</small><br></div><div class="spacer battle-history"><br></div><h2 class="battle-history">Turn 17</h2><div class="spacer battle-history"><br></div><div class="battle-history">The opposing Togetic used <strong>Heal Bell</strong>!<br></div><div class="battle-history"><small>A bell chimed!</small><br></div><div class="battle-history"><small>The opposing Alomomola was cured of its poisoning.</small><br></div><div class="spacer battle-history"><br></div><div class="battle-history">Togetic used <strong>Toxic</strong>!<br></div><div class="battle-history"><small>The opposing Togetic was badly poisoned!</small><br></div><div class="spacer battle-history"><br></div><div class="battle-history"><small>Togetic was hurt by poison!</small><br></div><div class="battle-history"><small>The opposing Togetic was hurt by poison!</small><br></div><div class="spacer battle-history"><br></div><h2 class="battle-history">Turn 18</h2><div class="spacer battle-history"><br></div><div class="battle-history">Togetic used <strong>Dazzling Gleam</strong>!<br></div><div class="battle-history"><small>(The opposing Togetic lost <abbr title="−39/314">12.4%</abbr> of its health!)</small><br></div><div class="spacer battle-history"><br></div><div class="battle-history">The opposing Togetic used <strong>Roost</strong>!<br></div><div class="battle-history"><small>The opposing Togetic restored its HP.</small><br></div><div class="spacer battle-history"><br></div><div class="battle-history"><small>The opposing Togetic was hurt by poison!</small><br></div><div class="battle-history"><small>Togetic was hurt by poison!</small><br></div><div class="spacer battle-history"><br></div><h2 class="battle-history">Turn 19</h2><div class="spacer battle-history"><br></div><div class="battle-history">The opposing Togetic used <strong>Flamethrower</strong>!<br></div><div class="battle-history"><small>(Togetic lost <abbr title="−29/314">9.2%</abbr> of its health!)</small><br></div><div class="spacer battle-history"><br></div><div class="battle-history">Togetic fainted!<br></div><div class="spacer battle-history"><br></div><div class="battle-history"><small>The opposing Togetic was hurt by poison!</small><br></div><div class="spacer battle-history"><br></div><div class="battle-history">Go! <strong>Delphox</strong>!<br></div><div class="spacer battle-history"><br></div><h2 class="battle-history">Turn 20</h2><div class="spacer battle-history"><br></div><div class="battle-history">Delphox used <strong>Psychic</strong>!<br></div><div class="battle-history"><small>(The opposing Togetic lost <abbr title="−72/314">22.9%</abbr> of its health!)</small><br></div><div class="spacer battle-history"><br></div><div class="battle-history">The opposing Togetic used <strong>Heal Bell</strong>!<br></div><div class="battle-history"><small>A bell chimed!</small><br></div><div class="battle-history"><small>The opposing Togetic was cured of its poisoning.</small><br></div><div class="spacer battle-history"><br></div><h2 class="battle-history">Turn 21</h2><div class="spacer battle-history"><br></div><div class="battle-history">Delphox used <strong>Psychic</strong>!<br></div><div class="battle-history"><small>(The opposing Togetic lost <abbr title="−64/314">20.4%</abbr> of its health!)</small><br></div><div class="spacer battle-history"><br></div><div class="battle-history">The opposing Togetic used <strong>Roost</strong>!<br></div><div class="battle-history"><small>The opposing Togetic restored its HP.</small><br></div><div class="spacer battle-history"><br></div><h2 class="battle-history">Turn 22</h2><div class="spacer battle-history"><br></div><div class="battle-history">Delphox, come back!<br></div><div class="battle-history">Go! <strong>Cinccino</strong>!<br></div><div class="spacer battle-history"><br></div><div class="battle-history">The opposing Togetic used <strong>Roost</strong>!<br></div><div class="battle-history"><small>The opposing Togetic restored its HP.</small><br></div><div class="spacer battle-history"><br></div><h2 class="battle-history">Turn 23</h2><div class="spacer battle-history"><br></div><div class="battle-history">LCezasfuck withdrew Togetic!<br></div><div class="battle-history">LCezasfuck sent out <strong>Hitmontop</strong>!<br></div><div class="battle-history"><small>[The opposing Hitmontop's Intimidate]</small><br></div><div class="battle-history"><small>Cinccino's Attack fell!</small><br></div><div class="spacer battle-history"><br></div><div class="battle-history">Cinccino used <strong>Knock Off</strong>!<br></div><div class="battle-history"><small>It's not very effective...</small><br></div><div class="battle-history"><small>(The opposing Hitmontop lost <abbr title="−25/304">8.2%</abbr> of its health!)</small><br></div><div class="battle-history"><small>Cinccino knocked off the opposing Hitmontop's Leftovers!</small><br></div><div class="spacer battle-history"><br></div><h2 class="battle-history">Turn 24</h2><div class="spacer battle-history"><br></div><div class="battle-history">Cinccino used <strong>Tail Slap</strong>!<br></div><div class="battle-history"><small>(The opposing Hitmontop lost <abbr title="−21/304">6.9%</abbr> of its health!)</small><br></div><div class="battle-history"><small>(The opposing Hitmontop lost <abbr title="−19/304">6.3%</abbr> of its health!)</small><br></div><div class="battle-history"><small>(The opposing Hitmontop lost <abbr title="−21/304">6.9%</abbr> of its health!)</small><br></div><div class="battle-history"><small>(The opposing Hitmontop lost <abbr title="−21/304">6.9%</abbr> of its health!)</small><br></div><div class="battle-history"><small>(The opposing Hitmontop lost <abbr title="−21/304">6.9%</abbr> of its health!)</small><br></div><div class="battle-history"><small>Hit 5 times!</small><br></div><div class="spacer battle-history"><br></div><div class="battle-history">The opposing Hitmontop flinched and couldn't move!<br></div><div class="spacer battle-history"><br></div><h2 class="battle-history">Turn 25</h2><div class="spacer battle-history"><br></div><div class="battle-history">LCezasfuck withdrew Hitmontop!<br></div><div class="battle-history">LCezasfuck sent out <strong>Alomomola</strong>!<br></div><div class="spacer battle-history"><br></div><div class="battle-history">Cinccino used <strong>Tail Slap</strong>!<br></div><div class="battle-history"><small>(The opposing Alomomola lost <abbr title="−25/534">4.7%</abbr> of its health!)</small><br></div><div class="battle-history"><small>Cinccino was hurt by the Rocky Helmet!</small><br></div><div class="battle-history"><small>(The opposing Alomomola lost <abbr title="−22/534">4.1%</abbr> of its health!)</small><br></div><div class="battle-history"><small>Cinccino was hurt by the Rocky Helmet!</small><br></div><div class="battle-history"><small>(The opposing Alomomola lost <abbr title="−21/534">3.9%</abbr> of its health!)</small><br></div><div class="battle-history"><small>Cinccino was hurt by the Rocky Helmet!</small><br></div><div class="battle-history"><small>(The opposing Alomomola lost <abbr title="−22/534">4.1%</abbr> of its health!)</small><br></div><div class="battle-history"><small>Cinccino was hurt by the Rocky Helmet!</small><br></div><div class="battle-history"><small>(The opposing Alomomola lost <abbr title="−22/534">4.1%</abbr> of its health!)</small><br></div><div class="battle-history"><small>Cinccino was hurt by the Rocky Helmet!</small><br></div><div class="battle-history"><small>Hit 5 times!</small><br></div><div class="spacer battle-history"><br></div><h2 class="battle-history">Turn 26</h2><div class="spacer battle-history"><br></div><div class="battle-history">Cinccino, come back!<br></div><div class="battle-history">Go! <strong>Delphox</strong>!<br></div><div class="spacer battle-history"><br></div><div class="battle-history">The opposing Alomomola used <strong>Wish</strong>!<br></div><div class="spacer battle-history"><br></div><h2 class="battle-history">Turn 27</h2><div class="spacer battle-history"><br></div><div class="battle-history">Delphox used <strong>Psychic</strong>!<br></div><div class="battle-history"><small>(The opposing Alomomola lost <abbr title="−276/534">51.7%</abbr> of its health!)</small><br></div><div class="spacer battle-history"><br></div><div class="battle-history">The opposing Alomomola used <strong>Toxic</strong>!<br></div><div class="battle-history"><small>Delphox was badly poisoned!</small><br></div><div class="spacer battle-history"><br></div><div class="battle-history"><small>Alomomola's wish came true!</small><br></div><div class="battle-history"><small>Delphox was hurt by poison!</small><br></div><div class="spacer battle-history"><br></div><h2 class="battle-history">Turn 28</h2><div class="spacer battle-history"><br></div><div class="battle-history">Delphox used <strong>Psychic</strong>!<br></div><div class="battle-history"><small>(The opposing Alomomola lost <abbr title="−270/534">50.6%</abbr> of its health!)</small><br></div><div class="spacer battle-history"><br></div><div class="battle-history">The opposing Alomomola used <strong>Wish</strong>!<br></div><div class="spacer battle-history"><br></div><div class="battle-history"><small>Delphox was hurt by poison!</small><br></div><div class="spacer battle-history"><br></div><h2 class="battle-history">Turn 29</h2><div class="spacer battle-history"><br></div><div class="battle-history">The opposing Alomomola used <strong>Protect</strong>!<br></div><div class="battle-history"><small>The opposing Alomomola protected itself!</small><br></div><div class="spacer battle-history"><br></div><div class="battle-history">Delphox used <strong>Psychic</strong>!<br></div><div class="battle-history"><small>The opposing Alomomola protected itself!</small><br></div><div class="spacer battle-history"><br></div><div class="battle-history"><small>Alomomola's wish came true!</small><br></div><div class="battle-history"><small>Delphox was hurt by poison!</small><br></div><div class="spacer battle-history"><br></div><h2 class="battle-history">Turn 30</h2><div class="spacer battle-history"><br></div><div class="battle-history">LCezasfuck withdrew Alomomola!<br></div><div class="battle-history">LCezasfuck sent out <strong>Togetic</strong>!<br></div><div class="spacer battle-history"><br></div><div class="battle-history">Delphox used <strong>Solar Beam</strong>!<br></div><div class="battle-history"><small>Delphox absorbed light!</small><br></div><div class="battle-history"><small>Delphox became fully charged due to its Power Herb!</small><br></div><div class="battle-history"><small>It's not very effective...</small><br></div><div class="battle-history"><small>(The opposing Togetic lost <abbr title="−28/314">8.9%</abbr> of its health!)</small><br></div><div class="battle-history"><small>[Delphox's Magician]</small><br><small>Delphox stole the opposing Togetic's Eviolite!</small><br></div><div class="spacer battle-history"><br></div><div class="battle-history"><small>Delphox was hurt by poison!</small><br></div><div class="spacer battle-history"><br></div><h2 class="battle-history">Turn 31</h2><div class="spacer battle-history"><br></div><div class="battle-history">Delphox used <strong>Flamethrower</strong>!<br></div><div class="battle-history"><small>(The opposing Togetic lost <abbr title="−93/314">29.6%</abbr> of its health!)</small><br></div><div class="spacer battle-history"><br></div><div class="battle-history">The opposing Togetic used <strong>Flamethrower</strong>!<br></div><div class="battle-history"><small>It's not very effective...</small><br></div><div class="battle-history"><small>(Delphox lost <abbr title="−31/291">10.7%</abbr> of its health!)</small><br></div><div class="spacer battle-history"><br></div><div class="battle-history"><small>Delphox was hurt by poison!</small><br></div><div class="spacer battle-history"><br></div><div class="battle-history">Delphox fainted!<br></div><div class="spacer battle-history"><br></div><div class="battle-history">Go! <strong>Cinccino</strong>!<br></div><div class="spacer battle-history"><br></div><h2 class="battle-history">Turn 32</h2><div class="spacer battle-history"><br></div><div class="battle-history">Cinccino used <strong>Tail Slap</strong>!<br></div><div class="battle-history"><small>(The opposing Togetic lost <abbr title="−45/314">14.3%</abbr> of its health!)</small><br></div><div class="battle-history"><small>(The opposing Togetic lost <abbr title="−45/314">14.3%</abbr> of its health!)</small><br></div><div class="battle-history"><small>A critical hit!</small><br></div><div class="battle-history"><small>(The opposing Togetic lost <abbr title="−64/314">20.4%</abbr> of its health!)</small><br></div><div class="battle-history"><small>(The opposing Togetic lost <abbr title="−39/314">12.4%</abbr> of its health!)</small><br></div><div class="battle-history"><small>Hit 4 times!</small><br></div><div class="spacer battle-history"><br></div><div class="battle-history">The opposing Togetic fainted!<br></div><div class="spacer battle-history"><br></div><div class="battle-history">LCezasfuck sent out <strong>Hitmontop</strong>!<br></div><div class="battle-history"><small>[The opposing Hitmontop's Intimidate]</small><br></div><div class="battle-history"><small>Cinccino's Attack fell!</small><br></div><div class="spacer battle-history"><br></div><h2 class="battle-history">Turn 33</h2><div class="spacer battle-history"><br></div><div class="battle-history">The opposing Hitmontop used <strong>Sucker Punch</strong>!<br></div><div class="battle-history"><small>(Cinccino lost <abbr title="−51/291">17.5%</abbr> of its health!)</small><br></div><div class="spacer battle-history"><br></div><div class="battle-history">Cinccino fainted!<br></div><div class="spacer battle-history"><br></div><div class="battle-history">Go! <strong>Flygon</strong>!<br></div><div class="spacer battle-history"><br></div><h2 class="battle-history">Turn 34</h2><div class="spacer battle-history"><br></div><div class="battle-history">Flygon used <strong>Outrage</strong>!<br></div><div class="battle-history"><small>(The opposing Hitmontop lost <abbr title="−141/304">46.4%</abbr> of its health!)</small><br></div><div class="spacer battle-history"><br></div><div class="battle-history">The opposing Hitmontop used <strong>Toxic</strong>!<br></div><div class="battle-history"><small>Flygon was badly poisoned!</small><br></div><div class="spacer battle-history"><br></div><div class="battle-history"><small>Flygon was hurt by poison!</small><br></div><div class="spacer battle-history"><br></div><h2 class="battle-history">Turn 35</h2><div class="spacer battle-history"><br></div><div class="battle-history">LCezasfuck withdrew Hitmontop!<br></div><div class="battle-history">LCezasfuck sent out <strong>Alomomola</strong>!<br></div><div class="spacer battle-history"><br></div><div class="battle-history">Flygon used <strong>Outrage</strong>!<br></div><div class="battle-history"><small>(The opposing Alomomola lost <abbr title="−153/534">28.7%</abbr> of its health!)</small><br></div><div class="battle-history"><small>Flygon was hurt by the Rocky Helmet!</small><br></div><div class="battle-history"><small>Flygon became confused due to fatigue!</small><br></div><div class="spacer battle-history"><br></div><div class="battle-history"><small>Flygon was hurt by poison!</small><br></div><div class="spacer battle-history"><br></div><h2 class="battle-history">Turn 36</h2><div class="spacer battle-history"><br></div><div class="battle-history"><small>Flygon is confused!</small><br></div><div class="battle-history">Flygon used <strong>Outrage</strong>!<br></div><div class="battle-history"><small>(The opposing Alomomola lost <abbr title="−157/534">29.4%</abbr> of its health!)</small><br></div><div class="battle-history"><small>Flygon was hurt by the Rocky Helmet!</small><br></div><div class="spacer battle-history"><br></div><div class="battle-history">The opposing Alomomola used <strong>Wish</strong>!<br></div><div class="spacer battle-history"><br></div><div class="battle-history"><small>Flygon was hurt by poison!</small><br></div><div class="spacer battle-history"><br></div><h2 class="battle-history">Turn 37</h2><div class="spacer battle-history"><br></div><div class="battle-history"><small>Flygon is confused!</small><br></div><div class="battle-history">Flygon used <strong>Outrage</strong>!<br></div><div class="battle-history"><small>(The opposing Alomomola lost <abbr title="−144/534">27.0%</abbr> of its health!)</small><br></div><div class="battle-history"><small>Flygon was hurt by the Rocky Helmet!</small><br></div><div class="spacer battle-history"><br></div><div class="battle-history">The opposing Alomomola used <strong>Scald</strong>!<br></div><div class="battle-history"><small>(Flygon lost <abbr title="−43/301">14.3%</abbr> of its health!)</small><br></div><div class="spacer battle-history"><br></div><div class="battle-history">Flygon fainted!<br></div><div class="spacer battle-history"><br></div><div class="battle-history"><strong>LCezasfuck</strong> won the battle!<br></div></div><div class="inner-preempt"></div></div></div>
</div>
<script>
let daily = Math.floor(Date.now()/1000/60/60/24);document.write('<script src="https://play.pokemonshowdown.com/js/replay-embed.js?version'+daily+'"></'+'script>');
</script>
