<!DOCTYPE html>
<meta charset="utf-8" />
<!-- version 1 -->
<title>RU replay: visforvienetta vs. Yoshizilla315 ⚾</title>
<style>
html,body {font-family:Verdana, sans-serif;font-size:10pt;margin:0;padding:0;}body{padding:12px 0;} .battle-log {font-family:Verdana, sans-serif;font-size:10pt;} .battle-log-inline {border:1px solid #AAAAAA;background:#EEF2F5;color:black;max-width:640px;margin:0 auto 80px;padding-bottom:5px;} .battle-log .inner {padding:4px 8px 0px 8px;} .battle-log .inner-preempt {padding:0 8px 4px 8px;} .battle-log .inner-after {margin-top:0.5em;} .battle-log h2 {margin:0.5em -8px;padding:4px 8px;border:1px solid #AAAAAA;background:#E0E7EA;border-left:0;border-right:0;font-family:Verdana, sans-serif;font-size:13pt;} .battle-log .chat {vertical-align:middle;padding:3px 0 3px 0;font-size:8pt;} .battle-log .chat strong {color:#40576A;} .battle-log .chat em {padding:1px 4px 1px 3px;color:#000000;font-style:normal;} .chat.mine {background:rgba(0,0,0,0.05);margin-left:-8px;margin-right:-8px;padding-left:8px;padding-right:8px;} .spoiler {color:#BBBBBB;background:#BBBBBB;padding:0px 3px;} .spoiler:hover, .spoiler:active, .spoiler-shown {color:#000000;background:#E2E2E2;padding:0px 3px;} .spoiler a {color:#BBBBBB;} .spoiler:hover a, .spoiler:active a, .spoiler-shown a {color:#2288CC;} .chat code, .chat .spoiler:hover code, .chat .spoiler:active code, .chat .spoiler-shown code {border:1px solid #C0C0C0;background:#EEEEEE;color:black;padding:0 2px;} .chat .spoiler code {border:1px solid #CCCCCC;background:#CCCCCC;color:#CCCCCC;} .battle-log .rated {padding:3px 4px;} .battle-log .rated strong {color:white;background:#89A;padding:1px 4px;border-radius:4px;} .spacer {margin-top:0.5em;} .message-announce {background:#6688AA;color:white;padding:1px 4px 2px;} .message-announce a, .broadcast-green a, .broadcast-blue a, .broadcast-red a {color:#DDEEFF;} .broadcast-green {background-color:#559955;color:white;padding:2px 4px;} .broadcast-blue {background-color:#6688AA;color:white;padding:2px 4px;} .infobox {border:1px solid #6688AA;padding:2px 4px;} .infobox-limited {max-height:200px;overflow:auto;overflow-x:hidden;} .broadcast-red {background-color:#AA5544;color:white;padding:2px 4px;} .message-learn-canlearn {font-weight:bold;color:#228822;text-decoration:underline;} .message-learn-cannotlearn {font-weight:bold;color:#CC2222;text-decoration:underline;} .message-effect-weak {font-weight:bold;color:#CC2222;} .message-effect-resist {font-weight:bold;color:#6688AA;} .message-effect-immune {font-weight:bold;color:#666666;} .message-learn-list {margin-top:0;margin-bottom:0;} .message-throttle-notice, .message-error {color:#992222;} .message-overflow, .chat small.message-overflow {font-size:0pt;} .message-overflow::before {font-size:9pt;content:'...';} .subtle {color:#3A4A66;}
</style>
<div class="wrapper replay-wrapper" style="max-width:1180px;margin:0 auto">
<input type="hidden" name="replayid" value="ru-487514193" />
<div class="battle"></div><div class="battle-log"></div><div class="replay-controls"></div><div class="replay-controls-2"></div>
<h1 style="font-weight:normal;text-align:center"><strong>RU</strong><br /><a href="http://pokemonshowdown.com/users/visforvienetta" class="subtle" target="_blank">visforvienetta</a> vs. <a href="http://pokemonshowdown.com/users/yoshizilla315" class="subtle" target="_blank">Yoshizilla315 ⚾</a></h1>
<script type="text/plain" class="battle-log-data">|j|visforvienetta
|j|Yoshizilla315 ⚾
|player|p1|visforvienetta|169
|player|p2|Yoshizilla315 ⚾|294
|gametype|singles
|gen|6
|tier|RU
|rated
|seed|3476,31674,24327,50085
|rule|Sleep Clause Mod: Limit one foe put to sleep
|rule|Species Clause: Limit one of each Pokémon
|rule|OHKO Clause: OHKO moves are banned
|rule|Moody Clause: Moody is banned
|rule|Evasion Moves Clause: Evasion moves are banned
|rule|Endless Battle Clause: Forcing endless battles is banned
|rule|HP Percentage Mod: HP is shown in percentages
|clearpoke
|poke|p1|Sneasel, F|item
|poke|p1|Jolteon, F|item
|poke|p1|Glalie, M|item
|poke|p1|Hitmonlee, M|item
|poke|p1|Jellicent, F|item
|poke|p1|Bronzong|item
|poke|p2|Flygon, M|item
|poke|p2|Fletchinder, F|item
|poke|p2|Blastoise, F|item
|poke|p2|Absol, F|item
|poke|p2|Accelgor, F|item
|poke|p2|Hoopa|item
|rule|Swagger Clause: Swagger is banned
|rule|Baton Pass Clause: Limit one Baton Passer, can't pass Spe and other stats simultaneously
|teampreview
|c|★Yoshizilla315 ⚾|gl hf
|choice|team 1, team 2, team 3, team 4, team 5, team 6|team 5, team 2, team 3, team 4, team 1, team 6
|
|start
|switch|p1a: Sneasel|Sneasel, F|251\/251
|switch|p2a: Accelgor|Accelgor, F|363\/363
|turn|1
|c|★visforvienetta|you too
|choice|switch 6|move spikes
|
|switch|p1a: Bronzong|Bronzong|338\/338
|move|p2a: Accelgor|Spikes|p1a: Bronzong
|-sidestart|p1: visforvienetta|Spikes
|
|turn|2
|choice|move stealthrock|move finalgambit
|
|move|p2a: Accelgor|Final Gambit|p1a: Bronzong
|-damage|p1a: Bronzong|0 fnt
|faint|p2a: Accelgor
|faint|p1a: Bronzong
|
|choice|switch 3|switch 5
|
|switch|p1a: Glalie|Glalie, M|301\/301
|switch|p2a: Flygon|Flygon, M|301\/301
|-damage|p1a: Glalie|264\/301|[from] Spikes
|turn|3
|choice|move return mega|move earthquake
|
|detailschange|p1a: Glalie|Glalie-Mega, M
|-mega|p1a: Glalie|Glalie|Glalitite
|move|p2a: Flygon|Earthquake|p1a: Glalie
|-damage|p1a: Glalie|116\/301
|move|p1a: Glalie|Return|p2a: Flygon
|-supereffective|p2a: Flygon
|-damage|p2a: Flygon|0 fnt
|faint|p2a: Flygon
|
|choice||switch 4
|
|switch|p2a: Absol|Absol, F|271\/271
|turn|4
|choice|move iceshard|move playrough
|
|move|p1a: Glalie|Ice Shard|p2a: Absol
|-damage|p2a: Absol|159\/271
|move|p2a: Absol|Play Rough|p1a: Glalie
|-damage|p1a: Glalie|0 fnt
|-damage|p2a: Absol|132\/271|[from] item: Life Orb
|faint|p1a: Glalie
|
|choice|switch 6|
|
|switch|p1a: Sneasel|Sneasel, F|251\/251
|-damage|p1a: Sneasel|220\/251|[from] Spikes
|turn|5
|choice|move knockoff|move playrough
|
|move|p1a: Sneasel|Knock Off|p2a: Absol
|-resisted|p2a: Absol
|-damage|p2a: Absol|3\/271
|-enditem|p2a: Absol|Life Orb|[from] move: Knock Off|[of] p1a: Sneasel
|-damage|p1a: Sneasel|195\/251|[from] item: Life Orb
|move|p2a: Absol|Play Rough|p1a: Sneasel
|-supereffective|p1a: Sneasel
|-damage|p1a: Sneasel|0 fnt
|faint|p1a: Sneasel
|
|choice|switch 4|
|
|switch|p1a: Hitmonlee|Hitmonlee, M|241\/241
|-damage|p1a: Hitmonlee|211\/241|[from] Spikes
|turn|6
|choice|move rapidspin|move playrough
|
|move|p1a: Hitmonlee|Rapid Spin|p2a: Absol
|-damage|p2a: Absol|0 fnt
|-sideend|p1: visforvienetta|Spikes|[from] move: Rapid Spin|[of] p1a: Hitmonlee
|faint|p2a: Absol
|
|choice||switch 2
|
|switch|p2a: Fletchinder|Fletchinder, F|265\/265
|turn|7
|choice|switch 5|move aerialace
|
|switch|p1a: Jellicent|Jellicent, F|404\/404
|move|p2a: Fletchinder|Aerial Ace|p1a: Jellicent
|-crit|p1a: Jellicent
|-damage|p1a: Jellicent|197\/404
|
|-heal|p1a: Jellicent|222\/404|[from] item: Leftovers
|turn|8
|choice|move recover|move aerialace
|
|move|p2a: Fletchinder|Aerial Ace|p1a: Jellicent
|-damage|p1a: Jellicent|68\/404
|move|p1a: Jellicent|Recover|p1a: Jellicent
|-heal|p1a: Jellicent|270\/404
|
|-heal|p1a: Jellicent|295\/404|[from] item: Leftovers
|turn|9
|choice|move recover|switch 6
|
|switch|p2a: Hoopa|Hoopa|364\/364
|move|p1a: Jellicent|Recover|p1a: Jellicent
|-heal|p1a: Jellicent|404\/404
|
|turn|10
|choice|switch 2|move shadowball
|
|switch|p1a: Jolteon|Jolteon, F|271\/271
|move|p2a: Hoopa|Shadow Ball|p1a: Jolteon
|-damage|p1a: Jolteon|19\/271
|-unboost|p1a: Jolteon|spd|1
|
|turn|11
|choice|move shadowball|move shadowball
|
|move|p1a: Jolteon|Shadow Ball|p2a: Hoopa
|-supereffective|p2a: Hoopa
|-damage|p2a: Hoopa|10\/364
|-damage|p1a: Jolteon|0 fnt|[from] item: Life Orb
|faint|p1a: Jolteon
|move|p2a: Hoopa|Shadow Ball|p1: Jolteon|[notarget]
|-notarget
|
|choice|switch 5|
|
|switch|p1a: Hitmonlee|Hitmonlee, M|211\/241
|turn|12
|choice|move knockoff|move shadowball
|
|move|p1a: Hitmonlee|Knock Off|p2a: Hoopa
|-supereffective|p2a: Hoopa
|-damage|p2a: Hoopa|0 fnt
|-enditem|p2a: Hoopa|Choice Specs|[from] move: Knock Off|[of] p1a: Hitmonlee
|faint|p2a: Hoopa
|
|choice||switch 6
|
|switch|p2a: Fletchinder|Fletchinder, F|265\/265
|turn|13
|choice|move knockoff|move aerialace
|
|move|p2a: Fletchinder|Aerial Ace|p1a: Hitmonlee
|-supereffective|p1a: Hitmonlee
|-damage|p1a: Hitmonlee|0 fnt
|faint|p1a: Hitmonlee
|
|choice|switch 2|
|
|switch|p1a: Jellicent|Jellicent, F|404\/404
|turn|14
|choice|move scald|move aerialace
|
|move|p2a: Fletchinder|Aerial Ace|p1a: Jellicent
|-damage|p1a: Jellicent|269\/404
|move|p1a: Jellicent|Scald|p2a: Fletchinder
|-supereffective|p2a: Fletchinder
|-damage|p2a: Fletchinder|0 fnt
|faint|p2a: Fletchinder
|
|-heal|p1a: Jellicent|294\/404|[from] item: Leftovers
|choice||switch 3
|
|switch|p2a: Blastoise|Blastoise, F|362\/362
|turn|15
|choice|move taunt|move toxic
|
|move|p2a: Blastoise|Toxic|p1a: Jellicent
|-status|p1a: Jellicent|tox
|move|p1a: Jellicent|Taunt|p2a: Blastoise
|-start|p2a: Blastoise|move: Taunt
|
|-heal|p1a: Jellicent|319\/404 tox|[from] item: Leftovers
|-damage|p1a: Jellicent|294\/404 tox|[from] psn
|turn|16
|-message|visforvienetta forfeited.
|
|win|Yoshizilla315 ⚾
|l|visforvienetta
|player|p1
|player|p2</script>
</div>
<div class="battle-log battle-log-inline"><div class="inner"><div class="battle-options"></div><div class="inner"><div class="chat"><small>visforvienetta joined.</small></div><div class="chat"><small>Yoshizilla315 ⚾ joined.</small></div><div class=""><small>Format:</small> <br><strong>RU</strong></div><div class="rated"><strong>Rated battle</strong></div><div class=""><small><em>Sleep Clause Mod:</em> Limit one foe put to sleep</small></div><div class=""><small><em>Species Clause:</em> Limit one of each Pokémon</small></div><div class=""><small><em>OHKO Clause:</em> OHKO moves are banned</small></div><div class=""><small><em>Moody Clause:</em> Moody is banned</small></div><div class=""><small><em>Evasion Moves Clause:</em> Evasion moves are banned</small></div><div class=""><small><em>Endless Battle Clause:</em> Forcing endless battles is banned</small></div><div class=""><small><em>HP Percentage Mod:</em> HP is shown in percentages</small></div><div class=""><small><em>Swagger Clause:</em> Swagger is banned</small></div><div class=""><small><em>Baton Pass Clause:</em> Limit one Baton Passer, can't pass Spe and other stats simultaneously</small></div><div class="chat battle-history"><strong>visforvienetta's team:</strong> <em style="color:#445566;display:block;">Sneasel / Jolteon / Glalie / Hitmonlee / Jellicent / Bronzong</em></div><div class="chat battle-history"><strong>Yoshizilla315 ⚾'s team:</strong> <em style="color:#445566;display:block;">Flygon / Fletchinder / Blastoise / Absol / Accelgor / Hoopa</em></div><div class="chat chatmessage-yoshizilla315"><strong style="color:hsl(351,70%,49%)"><small>★</small><span class="username" data-name="Yoshizilla315 ⚾">Yoshizilla315 ⚾</span>:</strong> <em>gl hf</em></div><div class="spacer battle-history"><br></div><div class="battle-history">Battle started between visforvienetta and Yoshizilla315 ⚾!<br></div><div class="spacer battle-history"><br></div><div class="battle-history">Go! <strong>Sneasel</strong>!<br></div><div class="spacer battle-history"><br></div><div class="battle-history">Yoshizilla315 ⚾ sent out <strong>Accelgor</strong>!<br></div><div class="spacer battle-history"><br></div><h2 class="battle-history">Turn 1</h2><div class="chat chatmessage-visforvienetta"><strong style="color:hsl(69,46%,31%)"><small>★</small><span class="username" data-name="visforvienetta">visforvienetta</span>:</strong> <em>you too</em></div><div class="spacer battle-history"><br></div><div class="battle-history">Sneasel, come back!<br></div><div class="battle-history">Go! <strong>Bronzong</strong>!<br></div><div class="spacer battle-history"><br></div><div class="battle-history">The opposing Accelgor used <strong>Spikes</strong>!<br></div><div class="battle-history"><small>Spikes were scattered on the ground all around your team!</small><br></div><div class="spacer battle-history"><br></div><h2 class="battle-history">Turn 2</h2><div class="spacer battle-history"><br></div><div class="battle-history">The opposing Accelgor used <strong>Final Gambit</strong>!<br></div><div class="battle-history"><small>(Bronzong lost <abbr title="−338/338">100%</abbr> of its health!)</small><br></div><div class="spacer battle-history"><br></div><div class="battle-history">The opposing Accelgor fainted!<br></div><div class="battle-history">Bronzong fainted!<br></div><div class="spacer battle-history"><br></div><div class="battle-history">Go! <strong>Glalie</strong>!<br></div><div class="spacer battle-history"><br></div><div class="battle-history">Yoshizilla315 ⚾ sent out <strong>Flygon</strong>!<br></div><div class="battle-history"><small>Glalie is hurt by the spikes!</small><br></div><div class="spacer battle-history"><br></div><h2 class="battle-history">Turn 3</h2><div class="spacer battle-history"><br></div><div class="battle-history"><small>Glalie's Glalitite is reacting to visforvienetta's Mega Bracelet!</small><br>Glalie has Mega Evolved into Mega Glalie!<br></div><div class="spacer battle-history"><br></div><div class="battle-history">The opposing Flygon used <strong>Earthquake</strong>!<br></div><div class="battle-history"><small>(Glalie lost <abbr title="−148/301">49.2%</abbr> of its health!)</small><br></div><div class="spacer battle-history"><br></div><div class="battle-history">Glalie used <strong>Return</strong>!<br></div><div class="battle-history"><small>It's super effective!</small><br></div><div class="battle-history"><small>(The opposing Flygon lost <abbr title="−301/301">100%</abbr> of its health!)</small><br></div><div class="spacer battle-history"><br></div><div class="battle-history">The opposing Flygon fainted!<br></div><div class="spacer battle-history"><br></div><div class="battle-history">Yoshizilla315 ⚾ sent out <strong>Absol</strong>!<br></div><div class="spacer battle-history"><br></div><h2 class="battle-history">Turn 4</h2><div class="spacer battle-history"><br></div><div class="battle-history">Glalie used <strong>Ice Shard</strong>!<br></div><div class="battle-history"><small>(The opposing Absol lost <abbr title="−112/271">41.3%</abbr> of its health!)</small><br></div><div class="spacer battle-history"><br></div><div class="battle-history">The opposing Absol used <strong>Play Rough</strong>!<br></div><div class="battle-history"><small>(Glalie lost <abbr title="−116/301">38.5%</abbr> of its health!)</small><br></div><div class="battle-history"><small>The opposing Absol lost some of its HP!</small><br></div><div class="spacer battle-history"><br></div><div class="battle-history">Glalie fainted!<br></div><div class="spacer battle-history"><br></div><div class="battle-history">Go! <strong>Sneasel</strong>!<br></div><div class="battle-history"><small>Sneasel is hurt by the spikes!</small><br></div><div class="spacer battle-history"><br></div><h2 class="battle-history">Turn 5</h2><div class="spacer battle-history"><br></div><div class="battle-history">Sneasel used <strong>Knock Off</strong>!<br></div><div class="battle-history"><small>It's not very effective...</small><br></div><div class="battle-history"><small>(The opposing Absol lost <abbr title="−129/271">47.6%</abbr> of its health!)</small><br></div><div class="battle-history"><small>Sneasel knocked off the opposing Absol's Life Orb!</small><br></div><div class="battle-history"><small>Sneasel lost some of its HP!</small><br></div><div class="spacer battle-history"><br></div><div class="battle-history">The opposing Absol used <strong>Play Rough</strong>!<br></div><div class="battle-history"><small>It's super effective!</small><br></div><div class="battle-history"><small>(Sneasel lost <abbr title="−195/251">77.7%</abbr> of its health!)</small><br></div><div class="spacer battle-history"><br></div><div class="battle-history">Sneasel fainted!<br></div><div class="spacer battle-history"><br></div><div class="battle-history">Go! <strong>Hitmonlee</strong>!<br></div><div class="battle-history"><small>Hitmonlee is hurt by the spikes!</small><br></div><div class="spacer battle-history"><br></div><h2 class="battle-history">Turn 6</h2><div class="spacer battle-history"><br></div><div class="battle-history">Hitmonlee used <strong>Rapid Spin</strong>!<br></div><div class="battle-history"><small>(The opposing Absol lost <abbr title="−3/271">1.1%</abbr> of its health!)</small><br></div><div class="battle-history"><small>The spikes disappeared from the ground around your team!</small><br></div><div class="spacer battle-history"><br></div><div class="battle-history">The opposing Absol fainted!<br></div><div class="spacer battle-history"><br></div><div class="battle-history">Yoshizilla315 ⚾ sent out <strong>Fletchinder</strong>!<br></div><div class="spacer battle-history"><br></div><h2 class="battle-history">Turn 7</h2><div class="spacer battle-history"><br></div><div class="battle-history">Hitmonlee, come back!<br></div><div class="battle-history">Go! <strong>Jellicent</strong>!<br></div><div class="spacer battle-history"><br></div><div class="battle-history">The opposing Fletchinder used <strong>Aerial Ace</strong>!<br></div><div class="battle-history"><small>A critical hit!</small><br></div><div class="battle-history"><small>(Jellicent lost <abbr title="−207/404">51.2%</abbr> of its health!)</small><br></div><div class="spacer battle-history"><br></div><div class="battle-history"><small>Jellicent restored a little HP using its Leftovers!</small><br></div><div class="spacer battle-history"><br></div><h2 class="battle-history">Turn 8</h2><div class="spacer battle-history"><br></div><div class="battle-history">The opposing Fletchinder used <strong>Aerial Ace</strong>!<br></div><div class="battle-history"><small>(Jellicent lost <abbr title="−154/404">38.1%</abbr> of its health!)</small><br></div><div class="spacer battle-history"><br></div><div class="battle-history">Jellicent used <strong>Recover</strong>!<br></div><div class="battle-history"><small>Jellicent restored its HP.</small><br></div><div class="spacer battle-history"><br></div><div class="battle-history"><small>Jellicent restored a little HP using its Leftovers!</small><br></div><div class="spacer battle-history"><br></div><h2 class="battle-history">Turn 9</h2><div class="spacer battle-history"><br></div><div class="battle-history">Yoshizilla315 ⚾ withdrew Fletchinder!<br></div><div class="battle-history">Yoshizilla315 ⚾ sent out <strong>Hoopa</strong>!<br></div><div class="spacer battle-history"><br></div><div class="battle-history">Jellicent used <strong>Recover</strong>!<br></div><div class="battle-history"><small>Jellicent restored its HP.</small><br></div><div class="spacer battle-history"><br></div><h2 class="battle-history">Turn 10</h2><div class="spacer battle-history"><br></div><div class="battle-history">Jellicent, come back!<br></div><div class="battle-history">Go! <strong>Jolteon</strong>!<br></div><div class="spacer battle-history"><br></div><div class="battle-history">The opposing Hoopa used <strong>Shadow Ball</strong>!<br></div><div class="battle-history"><small>(Jolteon lost <abbr title="−252/271">93.0%</abbr> of its health!)</small><br></div><div class="battle-history"><small>Jolteon's Special Defense fell!</small><br></div><div class="spacer battle-history"><br></div><h2 class="battle-history">Turn 11</h2><div class="spacer battle-history"><br></div><div class="battle-history">Jolteon used <strong>Shadow Ball</strong>!<br></div><div class="battle-history"><small>It's super effective!</small><br></div><div class="battle-history"><small>(The opposing Hoopa lost <abbr title="−354/364">97.3%</abbr> of its health!)</small><br></div><div class="battle-history"><small>Jolteon lost some of its HP!</small><br></div><div class="spacer battle-history"><br></div><div class="battle-history">Jolteon fainted!<br></div><div class="battle-history">The opposing Hoopa used <strong>Shadow Ball</strong>!<br></div><div class="battle-history"><small>But there was no target...</small><br></div><div class="spacer battle-history"><br></div><div class="battle-history">Go! <strong>Hitmonlee</strong>!<br></div><div class="spacer battle-history"><br></div><h2 class="battle-history">Turn 12</h2><div class="spacer battle-history"><br></div><div class="battle-history">Hitmonlee used <strong>Knock Off</strong>!<br></div><div class="battle-history"><small>It's super effective!</small><br></div><div class="battle-history"><small>(The opposing Hoopa lost <abbr title="−10/364">2.7%</abbr> of its health!)</small><br></div><div class="battle-history"><small>Hitmonlee knocked off the opposing Hoopa's Choice Specs!</small><br></div><div class="spacer battle-history"><br></div><div class="battle-history">The opposing Hoopa fainted!<br></div><div class="spacer battle-history"><br></div><div class="battle-history">Yoshizilla315 ⚾ sent out <strong>Fletchinder</strong>!<br></div><div class="spacer battle-history"><br></div><h2 class="battle-history">Turn 13</h2><div class="spacer battle-history"><br></div><div class="battle-history">The opposing Fletchinder used <strong>Aerial Ace</strong>!<br></div><div class="battle-history"><small>It's super effective!</small><br></div><div class="battle-history"><small>(Hitmonlee lost <abbr title="−211/241">87.6%</abbr> of its health!)</small><br></div><div class="spacer battle-history"><br></div><div class="battle-history">Hitmonlee fainted!<br></div><div class="spacer battle-history"><br></div><div class="battle-history">Go! <strong>Jellicent</strong>!<br></div><div class="spacer battle-history"><br></div><h2 class="battle-history">Turn 14</h2><div class="spacer battle-history"><br></div><div class="battle-history">The opposing Fletchinder used <strong>Aerial Ace</strong>!<br></div><div class="battle-history"><small>(Jellicent lost <abbr title="−135/404">33.4%</abbr> of its health!)</small><br></div><div class="spacer battle-history"><br></div><div class="battle-history">Jellicent used <strong>Scald</strong>!<br></div><div class="battle-history"><small>It's super effective!</small><br></div><div class="battle-history"><small>(The opposing Fletchinder lost <abbr title="−265/265">100%</abbr> of its health!)</small><br></div><div class="spacer battle-history"><br></div><div class="battle-history">The opposing Fletchinder fainted!<br></div><div class="spacer battle-history"><br></div><div class="battle-history"><small>Jellicent restored a little HP using its Leftovers!</small><br></div><div class="spacer battle-history"><br></div><div class="battle-history">Yoshizilla315 ⚾ sent out <strong>Blastoise</strong>!<br></div><div class="spacer battle-history"><br></div><h2 class="battle-history">Turn 15</h2><div class="spacer battle-history"><br></div><div class="battle-history">The opposing Blastoise used <strong>Toxic</strong>!<br></div><div class="battle-history"><small>Jellicent was badly poisoned!</small><br></div><div class="spacer battle-history"><br></div><div class="battle-history">Jellicent used <strong>Taunt</strong>!<br></div><div class="battle-history"><small>The opposing Blastoise fell for the taunt!</small><br></div><div class="spacer battle-history"><br></div><div class="battle-history"><small>Jellicent restored a little HP using its Leftovers!</small><br></div><div class="battle-history"><small>Jellicent was hurt by poison!</small><br></div><div class="spacer battle-history"><br></div><h2 class="battle-history">Turn 16</h2><div class="spacer battle-history"><br></div><div class="battle-history"><small>visforvienetta forfeited.</small><br></div><div class="spacer battle-history"><br></div><div class="battle-history"><strong>Yoshizilla315 ⚾</strong> won the battle!<br></div><div class="chat"><small>visforvienetta left.</small></div></div><div class="inner-preempt"></div></div></div>
</div>
<script>
let daily = Math.floor(Date.now()/1000/60/60/24);document.write('<script src="https://play.pokemonshowdown.com/js/replay-embed.js?version'+daily+'"></'+'script>');
</script>
