<!DOCTYPE html>
<meta charset="utf-8" />
<!-- version 1 -->
<title>RU replay: iRKD vs. Arifeen•</title>
<style>
html,body {font-family:Verdana, sans-serif;font-size:10pt;margin:0;padding:0;}body{padding:12px 0;} .battle-log {font-family:Verdana, sans-serif;font-size:10pt;} .battle-log-inline {border:1px solid #AAAAAA;background:#EEF2F5;color:black;max-width:640px;margin:0 auto 80px;padding-bottom:5px;} .battle-log .inner {padding:4px 8px 0px 8px;} .battle-log .inner-preempt {padding:0 8px 4px 8px;} .battle-log .inner-after {margin-top:0.5em;} .battle-log h2 {margin:0.5em -8px;padding:4px 8px;border:1px solid #AAAAAA;background:#E0E7EA;border-left:0;border-right:0;font-family:Verdana, sans-serif;font-size:13pt;} .battle-log .chat {vertical-align:middle;padding:3px 0 3px 0;font-size:8pt;} .battle-log .chat strong {color:#40576A;} .battle-log .chat em {padding:1px 4px 1px 3px;color:#000000;font-style:normal;} .chat.mine {background:rgba(0,0,0,0.05);margin-left:-8px;margin-right:-8px;padding-left:8px;padding-right:8px;} .spoiler {color:#BBBBBB;background:#BBBBBB;padding:0px 3px;} .spoiler:hover, .spoiler:active, .spoiler-shown {color:#000000;background:#E2E2E2;padding:0px 3px;} .spoiler a {color:#BBBBBB;} .spoiler:hover a, .spoiler:active a, .spoiler-shown a {color:#2288CC;} .chat code, .chat .spoiler:hover code, .chat .spoiler:active code, .chat .spoiler-shown code {border:1px solid #C0C0C0;background:#EEEEEE;color:black;padding:0 2px;} .chat .spoiler code {border:1px solid #CCCCCC;background:#CCCCCC;color:#CCCCCC;} .battle-log .rated {padding:3px 4px;} .battle-log .rated strong {color:white;background:#89A;padding:1px 4px;border-radius:4px;} .spacer {margin-top:0.5em;} .message-announce {background:#6688AA;color:white;padding:1px 4px 2px;} .message-announce a, .broadcast-green a, .broadcast-blue a, .broadcast-red a {color:#DDEEFF;} .broadcast-green {background-color:#559955;color:white;padding:2px 4px;} .broadcast-blue {background-color:#6688AA;color:white;padding:2px 4px;} .infobox {border:1px solid #6688AA;padding:2px 4px;} .infobox-limited {max-height:200px;overflow:auto;overflow-x:hidden;} .broadcast-red {background-color:#AA5544;color:white;padding:2px 4px;} .message-learn-canlearn {font-weight:bold;color:#228822;text-decoration:underline;} .message-learn-cannotlearn {font-weight:bold;color:#CC2222;text-decoration:underline;} .message-effect-weak {font-weight:bold;color:#CC2222;} .message-effect-resist {font-weight:bold;color:#6688AA;} .message-effect-immune {font-weight:bold;color:#666666;} .message-learn-list {margin-top:0;margin-bottom:0;} .message-throttle-notice, .message-error {color:#992222;} .message-overflow, .chat small.message-overflow {font-size:0pt;} .message-overflow::before {font-size:9pt;content:'...';} .subtle {color:#3A4A66;}
</style>
<div class="wrapper replay-wrapper" style="max-width:1180px;margin:0 auto">
<input type="hidden" name="replayid" value="ru-493675250" />
<div class="battle"></div><div class="battle-log"></div><div class="replay-controls"></div><div class="replay-controls-2"></div>
<h1 style="font-weight:normal;text-align:center"><strong>RU</strong><br /><a href="http://pokemonshowdown.com/users/irkd" class="subtle" target="_blank">iRKD</a> vs. <a href="http://pokemonshowdown.com/users/arifeen" class="subtle" target="_blank">Arifeen•</a></h1>
<script type="text/plain" class="battle-log-data">|j|iRKD
|j|Arifeen•
|player|p1|iRKD|287
|player|p2|Arifeen•|#ari
|gametype|singles
|gen|6
|tier|RU
|seed|57117,22279,40887,8650
|rule|Sleep Clause Mod: Limit one foe put to sleep
|rule|Species Clause: Limit one of each Pokémon
|rule|OHKO Clause: OHKO moves are banned
|rule|Moody Clause: Moody is banned
|rule|Evasion Moves Clause: Evasion moves are banned
|rule|Endless Battle Clause: Forcing endless battles is banned
|rule|HP Percentage Mod: HP is shown in percentages
|clearpoke
|poke|p1|Alomomola, F|item
|poke|p1|Flygon, F|item
|poke|p1|Medicham, F|item
|poke|p1|Venusaur, F|item
|poke|p1|Fletchinder, M|
|poke|p1|Steelix, M|item
|poke|p2|Sneasel, F|item
|poke|p2|Virizion|item
|poke|p2|Alomomola, M|item
|poke|p2|Flygon, M|item
|poke|p2|Escavalier, M|item
|poke|p2|Uxie|item
|rule|Swagger Clause: Swagger is banned
|rule|Baton Pass Clause: Limit one Baton Passer, can't pass Spe and other stats simultaneously
|teampreview
|c|★Arifeen•|hf
|choice|team 3, team 2, team 1, team 4, team 5, team 6|team 4, team 2, team 3, team 1, team 5, team 6
|
|start
|switch|p1a: Medicham|Medicham, F|261\/261
|switch|p2a: Flygon|Flygon, M|301\/301
|turn|1
|choice|move batonpass|switch 6
|
|switch|p2a: Uxie|Uxie|354\/354
|move|p1a: Medicham|Baton Pass|p1a: Medicham
|choice|switch 6|
|
|switch|p1a: Steelix|Steelix, M|354\/354
|
|upkeep
|turn|2
|choice|move stealthrock|move stealthrock
|
|move|p2a: Uxie|Stealth Rock|p1a: Steelix
|-sidestart|p1: iRKD|move: Stealth Rock
|move|p1a: Steelix|Stealth Rock|p2a: Uxie
|-sidestart|p2: Arifeen•|move: Stealth Rock
|
|upkeep
|turn|3
|choice|move roar|move uturn
|
|move|p2a: Uxie|U-turn|p1a: Steelix
|-resisted|p1a: Steelix
|-damage|p1a: Steelix|343\/354
|choice||switch 3
|
|switch|p2a: Alomomola|Alomomola, M|497\/497
|-damage|p2a: Alomomola|435\/497|[from] Stealth Rock
|move|p1a: Steelix|Roar|p2a: Alomomola
|drag|p2a: Virizion|Virizion|323\/323
|-damage|p2a: Virizion|303\/323|[from] Stealth Rock
|
|-heal|p1a: Steelix|354\/354|[from] item: Leftovers
|upkeep
|turn|4
|choice|move heavyslam|switch 2
|
|switch|p2a: Alomomola|Alomomola, M|497\/497
|-damage|p2a: Alomomola|435\/497|[from] Stealth Rock
|move|p1a: Steelix|Heavy Slam|p2a: Alomomola
|-resisted|p2a: Alomomola
|-damage|p2a: Alomomola|375\/497
|
|-heal|p2a: Alomomola|406\/497|[from] item: Leftovers
|upkeep
|turn|5
|choice|switch 4|move scald
|
|switch|p1a: Venusaur|Venusaur, F|301\/301
|-damage|p1a: Venusaur|264\/301|[from] Stealth Rock
|move|p2a: Alomomola|Scald|p1a: Venusaur
|-resisted|p1a: Venusaur
|-damage|p1a: Venusaur|243\/301
|
|-heal|p2a: Alomomola|437\/497|[from] item: Leftovers
|upkeep
|turn|6
|choice|move knockoff|move protect
|
|move|p2a: Alomomola|Protect|p2a: Alomomola
|-singleturn|p2a: Alomomola|Protect
|move|p1a: Venusaur|Knock Off|p2a: Alomomola
|-activate|p2a: Alomomola|move: Protect
|
|-heal|p2a: Alomomola|468\/497|[from] item: Leftovers
|upkeep
|turn|7
|choice|move leafstorm|switch 5
|
|switch|p2a: Escavalier|Escavalier, M|291\/291
|-damage|p2a: Escavalier|255\/291|[from] Stealth Rock
|move|p1a: Venusaur|Leaf Storm|p2a: Escavalier
|-resisted|p2a: Escavalier
|-damage|p2a: Escavalier|184\/291
|-unboost|p1a: Venusaur|spa|2
|-damage|p1a: Venusaur|213\/301|[from] item: Life Orb
|
|-heal|p2a: Escavalier|202\/291|[from] item: Leftovers
|upkeep
|turn|8
|choice|switch 3|move swordsdance
|
|switch|p1a: Alomomola|Alomomola, F|501\/501
|-damage|p1a: Alomomola|439\/501|[from] Stealth Rock
|move|p2a: Escavalier|Swords Dance|p2a: Escavalier
|-boost|p2a: Escavalier|atk|2
|
|-heal|p1a: Alomomola|470\/501|[from] item: Leftovers
|-heal|p2a: Escavalier|220\/291|[from] item: Leftovers
|upkeep
|turn|9
|choice|move scald|move megahorn
|
|move|p1a: Alomomola|Scald|p2a: Escavalier
|-damage|p2a: Escavalier|172\/291
|move|p2a: Escavalier|Megahorn|p1a: Alomomola
|-damage|p1a: Alomomola|58\/501
|
|-heal|p1a: Alomomola|89\/501|[from] item: Leftovers
|-heal|p2a: Escavalier|190\/291|[from] item: Leftovers
|upkeep
|turn|10
|choice|move protect|move drillrun
|
|move|p1a: Alomomola|Protect|p1a: Alomomola
|-singleturn|p1a: Alomomola|Protect
|move|p2a: Escavalier|Drill Run|p1a: Alomomola
|-activate|p1a: Alomomola|move: Protect
|
|-heal|p1a: Alomomola|120\/501|[from] item: Leftovers
|-heal|p2a: Escavalier|208\/291|[from] item: Leftovers
|upkeep
|turn|11
|choice|move scald|move megahorn
|
|move|p1a: Alomomola|Scald|p2a: Escavalier
|-damage|p2a: Escavalier|160\/291
|move|p2a: Escavalier|Megahorn|p1a: Alomomola
|-damage|p1a: Alomomola|0 fnt
|faint|p1a: Alomomola
|
|-heal|p2a: Escavalier|178\/291|[from] item: Leftovers
|upkeep
|choice|switch 6|
|
|switch|p1a: Medicham|Medicham, F|261\/261
|-damage|p1a: Medicham|245\/261|[from] Stealth Rock
|turn|12
|choice|move highjumpkick|switch 3
|
|switch|p2a: Uxie|Uxie|354\/354
|-damage|p2a: Uxie|310\/354|[from] Stealth Rock
|move|p1a: Medicham|High Jump Kick|p2a: Uxie
|-resisted|p2a: Uxie
|-damage|p2a: Uxie|220\/354
|
|-heal|p2a: Uxie|242\/354|[from] item: Leftovers
|upkeep
|turn|13
|choice|switch 2|move uturn
|
|switch|p1a: Flygon|Flygon, F|329\/329
|-damage|p1a: Flygon|309\/329|[from] Stealth Rock
|move|p2a: Uxie|U-turn|p1a: Flygon
|-damage|p1a: Flygon|262\/329
|choice||switch 4
|
|switch|p2a: Sneasel|Sneasel, F|251\/251
|-damage|p2a: Sneasel|189\/251|[from] Stealth Rock
|
|-heal|p1a: Flygon|282\/329|[from] item: Leftovers
|upkeep
|turn|14
|choice|switch 4|move pursuit
|
|-activate|p1a: Flygon|move: Pursuit
|move|p2a: Sneasel|Pursuit|p1a: Flygon|[from]Pursuit
|-damage|p1a: Flygon|114\/329
|-damage|p2a: Sneasel|164\/251|[from] item: Life Orb
|switch|p1a: Steelix|Steelix, M|354\/354
|-damage|p1a: Steelix|343\/354|[from] Stealth Rock
|
|-heal|p1a: Steelix|354\/354|[from] item: Leftovers
|upkeep
|turn|15
|choice|move roar|switch 5
|
|switch|p2a: Alomomola|Alomomola, M|497\/497
|-damage|p2a: Alomomola|435\/497|[from] Stealth Rock
|move|p1a: Steelix|Roar|p2a: Alomomola
|drag|p2a: Flygon|Flygon, M|301\/301
|-damage|p2a: Flygon|283\/301|[from] Stealth Rock
|
|upkeep
|turn|16
|choice|switch 4|move earthquake
|
|switch|p1a: Flygon|Flygon, F|114\/329
|-damage|p1a: Flygon|94\/329|[from] Stealth Rock
|move|p2a: Flygon|Earthquake|p1a: Flygon
|-immune|p1a: Flygon|[msg]|[from] ability: Levitate
|
|-heal|p1a: Flygon|114\/329|[from] item: Leftovers
|upkeep
|turn|17
|choice|move uturn|switch 5
|
|switch|p2a: Sneasel|Sneasel, F|164\/251
|-damage|p2a: Sneasel|102\/251|[from] Stealth Rock
|move|p1a: Flygon|U-turn|p2a: Sneasel
|-supereffective|p2a: Sneasel
|-damage|p2a: Sneasel|0 fnt
|faint|p2a: Sneasel
|j|Aphrod1te ❄️
|choice|switch 2|
|
|switch|p1a: Medicham|Medicham, F|245\/261
|-damage|p1a: Medicham|229\/261|[from] Stealth Rock
|
|upkeep
|choice||switch 6
|
|switch|p2a: Alomomola|Alomomola, M|497\/497
|-damage|p2a: Alomomola|435\/497|[from] Stealth Rock
|turn|18
|choice|move batonpass|move wish
|
|move|p1a: Medicham|Baton Pass|p1a: Medicham
|choice|switch 3|
|
|switch|p1a: Venusaur|Venusaur, F|213\/301
|-damage|p1a: Venusaur|176\/301|[from] Stealth Rock
|move|p2a: Alomomola|Wish|p2a: Alomomola
|
|-heal|p2a: Alomomola|466\/497|[from] item: Leftovers
|upkeep
|turn|19
|choice|switch 3|switch 3
|
|switch|p1a: Medicham|Medicham, F|229\/261
|-damage|p1a: Medicham|213\/261|[from] Stealth Rock
|switch|p2a: Escavalier|Escavalier, M|178\/291
|-damage|p2a: Escavalier|142\/291|[from] Stealth Rock
|
|-heal|p2a: Escavalier|291\/291|[from] move: Wish|[wisher] Alomomola
|upkeep
|turn|20
|choice|move highjumpkick|switch 3
|
|switch|p2a: Alomomola|Alomomola, M|497\/497
|-damage|p2a: Alomomola|435\/497|[from] Stealth Rock
|move|p1a: Medicham|High Jump Kick|p2a: Alomomola
|-damage|p2a: Alomomola|164\/497
|
|-heal|p2a: Alomomola|195\/497|[from] item: Leftovers
|upkeep
|turn|21
|choice|move highjumpkick|move protect
|
|move|p2a: Alomomola|Protect|p2a: Alomomola
|-singleturn|p2a: Alomomola|Protect
|move|p1a: Medicham|High Jump Kick|p2a: Alomomola
|-activate|p2a: Alomomola|move: Protect
|-damage|p1a: Medicham|83\/261|[from] highjumpkick
|
|-heal|p2a: Alomomola|226\/497|[from] item: Leftovers
|upkeep
|turn|22
|choice|move highjumpkick|switch 4
|
|switch|p2a: Uxie|Uxie|242\/354
|-damage|p2a: Uxie|198\/354|[from] Stealth Rock
|move|p1a: Medicham|High Jump Kick|p2a: Uxie
|-resisted|p2a: Uxie
|-crit|p2a: Uxie
|-damage|p2a: Uxie|43\/354
|
|-heal|p2a: Uxie|65\/354|[from] item: Leftovers
|upkeep
|turn|23
|choice|move highjumpkick|move uturn
|
|move|p1a: Medicham|High Jump Kick|p2a: Uxie
|-resisted|p2a: Uxie
|-damage|p2a: Uxie|0 fnt
|faint|p2a: Uxie
|
|upkeep
|c|★Arifeen•|ok
|choice||switch 4
|
|switch|p2a: Alomomola|Alomomola, M|391\/497
|-damage|p2a: Alomomola|329\/497|[from] Stealth Rock
|turn|24
|choice|switch 2|switch 2
|
|switch|p1a: Flygon|Flygon, F|114\/329
|-damage|p1a: Flygon|94\/329|[from] Stealth Rock
|switch|p2a: Virizion|Virizion|303\/323
|-damage|p2a: Virizion|283\/323|[from] Stealth Rock
|
|-heal|p1a: Flygon|114\/329|[from] item: Leftovers
|upkeep
|turn|25
|choice|move roost|move leafblade
|
|move|p2a: Virizion|Leaf Blade|p1a: Flygon
|-damage|p1a: Flygon|0 fnt
|faint|p1a: Flygon
|
|upkeep
|choice|switch 2|
|
|switch|p1a: Medicham|Medicham, F|83\/261
|-damage|p1a: Medicham|67\/261|[from] Stealth Rock
|turn|26
|choice|move zenheadbutt|move leafblade
|
|move|p1a: Medicham|Zen Headbutt|p2a: Virizion
|-supereffective|p2a: Virizion
|-damage|p2a: Virizion|0 fnt
|faint|p2a: Virizion
|
|upkeep
|choice||switch 3
|
|switch|p2a: Escavalier|Escavalier, M|291\/291
|-damage|p2a: Escavalier|255\/291|[from] Stealth Rock
|turn|27
|choice|switch 4|move ironhead
|
|switch|p1a: Steelix|Steelix, M|354\/354
|-damage|p1a: Steelix|343\/354|[from] Stealth Rock
|move|p2a: Escavalier|Iron Head|p1a: Steelix
|-resisted|p1a: Steelix
|-damage|p1a: Steelix|302\/354
|
|-heal|p2a: Escavalier|273\/291|[from] item: Leftovers
|-heal|p1a: Steelix|324\/354|[from] item: Leftovers
|upkeep
|turn|28
|choice|move earthquake|move drillrun
|
|move|p2a: Escavalier|Drill Run|p1a: Steelix
|-supereffective|p1a: Steelix
|-damage|p1a: Steelix|214\/354
|move|p1a: Steelix|Earthquake|p2a: Escavalier
|-damage|p2a: Escavalier|156\/291
|
|-heal|p2a: Escavalier|174\/291|[from] item: Leftovers
|-heal|p1a: Steelix|236\/354|[from] item: Leftovers
|upkeep
|turn|29
|choice|move roar|move drillrun
|
|move|p2a: Escavalier|Drill Run|p1a: Steelix
|-supereffective|p1a: Steelix
|-damage|p1a: Steelix|128\/354
|move|p1a: Steelix|Roar|p2a: Escavalier
|drag|p2a: Alomomola|Alomomola, M|494\/497
|-damage|p2a: Alomomola|432\/497|[from] Stealth Rock
|
|-heal|p2a: Alomomola|463\/497|[from] item: Leftovers
|-heal|p1a: Steelix|150\/354|[from] item: Leftovers
|upkeep
|turn|30
|choice|move roar|move scald
|
|move|p2a: Alomomola|Scald|p1a: Steelix
|-supereffective|p1a: Steelix
|-crit|p1a: Steelix
|-damage|p1a: Steelix|24\/354
|-status|p1a: Steelix|brn
|move|p1a: Steelix|Roar|p2a: Alomomola
|drag|p2a: Flygon|Flygon, M|283\/301
|-damage|p2a: Flygon|265\/301|[from] Stealth Rock
|
|-heal|p1a: Steelix|46\/354 brn|[from] item: Leftovers
|-damage|p1a: Steelix|2\/354 brn|[from] brn
|upkeep
|turn|31
|choice|move roar|move uturn
|
|move|p2a: Flygon|U-turn|p1a: Steelix
|-resisted|p1a: Steelix
|-damage|p1a: Steelix|0 fnt
|faint|p1a: Steelix
|choice||switch 5
|
|switch|p2a: Alomomola|Alomomola, M|497\/497
|-damage|p2a: Alomomola|435\/497|[from] Stealth Rock
|
|-heal|p2a: Alomomola|466\/497|[from] item: Leftovers
|upkeep
|choice|switch 3|
|
|switch|p1a: Venusaur|Venusaur, F|176\/301
|-damage|p1a: Venusaur|139\/301|[from] Stealth Rock
|turn|32
|choice|move synthesis|switch 2
|
|switch|p2a: Escavalier|Escavalier, M|174\/291
|-damage|p2a: Escavalier|138\/291|[from] Stealth Rock
|move|p1a: Venusaur|Synthesis|p1a: Venusaur
|-heal|p1a: Venusaur|289\/301
|
|-heal|p2a: Escavalier|156\/291|[from] item: Leftovers
|upkeep
|turn|33
|choice|move knockoff|move megahorn
|
|move|p1a: Venusaur|Knock Off|p2a: Escavalier
|-damage|p2a: Escavalier|79\/291
|-enditem|p2a: Escavalier|Leftovers|[from] move: Knock Off|[of] p1a: Venusaur
|-damage|p1a: Venusaur|259\/301|[from] item: Life Orb
|move|p2a: Escavalier|Megahorn|p1a: Venusaur
|-damage|p1a: Venusaur|0 fnt
|faint|p1a: Venusaur
|
|upkeep
|choice|switch 5|
|
|switch|p1a: Fletchinder|Fletchinder, M|327\/327
|-damage|p1a: Fletchinder|164\/327|[from] Stealth Rock
|turn|34
|choice|move swordsdance|move drillrun
|
|move|p1a: Fletchinder|Swords Dance|p1a: Fletchinder
|-boost|p1a: Fletchinder|atk|2
|move|p2a: Escavalier|Drill Run|p1a: Fletchinder
|-immune|p1a: Fletchinder|[msg]
|
|upkeep
|turn|35
|choice|move swordsdance|move drillrun
|
|move|p1a: Fletchinder|Swords Dance|p1a: Fletchinder
|-boost|p1a: Fletchinder|atk|2
|move|p2a: Escavalier|Drill Run|p1a: Fletchinder
|-immune|p1a: Fletchinder|[msg]
|
|upkeep
|turn|36
|choice|move swordsdance|move drillrun
|
|move|p1a: Fletchinder|Swords Dance|p1a: Fletchinder
|-boost|p1a: Fletchinder|atk|2
|move|p2a: Escavalier|Drill Run|p1a: Fletchinder
|-immune|p1a: Fletchinder|[msg]
|
|upkeep
|turn|37
|choice|move acrobatics|move drillrun
|
|move|p1a: Fletchinder|Acrobatics|p2a: Escavalier
|-damage|p2a: Escavalier|0 fnt
|faint|p2a: Escavalier
|
|upkeep
|choice||switch 2
|
|switch|p2a: Alomomola|Alomomola, M|497\/497
|-damage|p2a: Alomomola|435\/497|[from] Stealth Rock
|turn|38
|choice|move acrobatics|move scald
|
|move|p1a: Fletchinder|Acrobatics|p2a: Alomomola
|-damage|p2a: Alomomola|0 fnt
|faint|p2a: Alomomola
|
|upkeep
|c|★Arifeen•|lol I fucked up
|c|★Arifeen•|gg
|-message|Arifeen• forfeited.
|
|win|iRKD
|l|Arifeen•
|player|p1
|player|p2
|c|★iRKD|gg</script>
</div>
<div class="battle-log battle-log-inline"><div class="inner"><div class="battle-options"></div><div class="inner"><div class="chat"><small>iRKD joined.</small></div><div class="chat"><small>Arifeen• joined.</small></div><div class=""><small>Format:</small> <br><strong>RU</strong></div><div class=""><small><em>Sleep Clause Mod:</em> Limit one foe put to sleep</small></div><div class=""><small><em>Species Clause:</em> Limit one of each Pokémon</small></div><div class=""><small><em>OHKO Clause:</em> OHKO moves are banned</small></div><div class=""><small><em>Moody Clause:</em> Moody is banned</small></div><div class=""><small><em>Evasion Moves Clause:</em> Evasion moves are banned</small></div><div class=""><small><em>Endless Battle Clause:</em> Forcing endless battles is banned</small></div><div class=""><small><em>HP Percentage Mod:</em> HP is shown in percentages</small></div><div class=""><small><em>Swagger Clause:</em> Swagger is banned</small></div><div class=""><small><em>Baton Pass Clause:</em> Limit one Baton Passer, can't pass Spe and other stats simultaneously</small></div><div class="chat battle-history"><strong>iRKD's team:</strong> <em style="color:#445566;display:block;">Alomomola / Flygon / Medicham / Venusaur / Fletchinder / Steelix</em></div><div class="chat battle-history"><strong>Arifeen•'s team:</strong> <em style="color:#445566;display:block;">Sneasel / Virizion / Alomomola / Flygon / Escavalier / Uxie</em></div><div class="chat chatmessage-arifeen"><strong style="color:hsl(351,68%,47.77101180383878%)"><small>★</small><span class="username" data-name="Arifeen•">Arifeen•</span>:</strong> <em>hf</em></div><div class="spacer battle-history"><br></div><div class="battle-history">Battle started between iRKD and Arifeen•!<br></div><div class="spacer battle-history"><br></div><div class="battle-history">Go! <strong>Medicham</strong>!<br></div><div class="spacer battle-history"><br></div><div class="battle-history">Arifeen• sent out <strong>Flygon</strong>!<br></div><div class="spacer battle-history"><br></div><h2 class="battle-history">Turn 1</h2><div class="spacer battle-history"><br></div><div class="battle-history">Arifeen• withdrew Flygon!<br></div><div class="battle-history">Arifeen• sent out <strong>Uxie</strong>!<br></div><div class="spacer battle-history"><br></div><div class="battle-history">Medicham used <strong>Baton Pass</strong>!<br></div><div class="spacer battle-history"><br></div><div class="battle-history">Go! <strong>Steelix</strong>!<br></div><div class="spacer battle-history"><br></div><h2 class="battle-history">Turn 2</h2><div class="spacer battle-history"><br></div><div class="battle-history">The opposing Uxie used <strong>Stealth Rock</strong>!<br></div><div class="battle-history"><small>Pointed stones float in the air around your team!</small><br></div><div class="spacer battle-history"><br></div><div class="battle-history">Steelix used <strong>Stealth Rock</strong>!<br></div><div class="battle-history"><small>Pointed stones float in the air around the opposing team!</small><br></div><div class="spacer battle-history"><br></div><h2 class="battle-history">Turn 3</h2><div class="spacer battle-history"><br></div><div class="battle-history">The opposing Uxie used <strong>U-turn</strong>!<br></div><div class="battle-history"><small>It's not very effective...</small><br></div><div class="battle-history"><small>(Steelix lost <abbr title="−11/354">3.1%</abbr> of its health!)</small><br></div><div class="spacer battle-history"><br></div><div class="battle-history">The opposing Uxie went back to Arifeen•!<br></div><div class="battle-history">Arifeen• sent out <strong>Alomomola</strong>!<br></div><div class="battle-history"><small>Pointed stones dug into the opposing Alomomola!</small><br></div><div class="spacer battle-history"><br></div><div class="battle-history">Steelix used <strong>Roar</strong>!<br></div><div class="spacer battle-history"><br></div><div class="battle-history"><strong>Virizion</strong> was dragged out!<br></div><div class="battle-history"><small>Pointed stones dug into the opposing Virizion!</small><br></div><div class="spacer battle-history"><br></div><div class="battle-history"><small>Steelix restored a little HP using its Leftovers!</small><br></div><div class="spacer battle-history"><br></div><h2 class="battle-history">Turn 4</h2><div class="spacer battle-history"><br></div><div class="battle-history">Arifeen• withdrew Virizion!<br></div><div class="battle-history">Arifeen• sent out <strong>Alomomola</strong>!<br></div><div class="battle-history"><small>Pointed stones dug into the opposing Alomomola!</small><br></div><div class="spacer battle-history"><br></div><div class="battle-history">Steelix used <strong>Heavy Slam</strong>!<br></div><div class="battle-history"><small>It's not very effective...</small><br></div><div class="battle-history"><small>(The opposing Alomomola lost <abbr title="−60/497">12.1%</abbr> of its health!)</small><br></div><div class="spacer battle-history"><br></div><div class="battle-history"><small>The opposing Alomomola restored a little HP using its Leftovers!</small><br></div><div class="spacer battle-history"><br></div><h2 class="battle-history">Turn 5</h2><div class="spacer battle-history"><br></div><div class="battle-history">Steelix, come back!<br></div><div class="battle-history">Go! <strong>Venusaur</strong>!<br></div><div class="battle-history"><small>Pointed stones dug into Venusaur!</small><br></div><div class="spacer battle-history"><br></div><div class="battle-history">The opposing Alomomola used <strong>Scald</strong>!<br></div><div class="battle-history"><small>It's not very effective...</small><br></div><div class="battle-history"><small>(Venusaur lost <abbr title="−21/301">7.0%</abbr> of its health!)</small><br></div><div class="spacer battle-history"><br></div><div class="battle-history"><small>The opposing Alomomola restored a little HP using its Leftovers!</small><br></div><div class="spacer battle-history"><br></div><h2 class="battle-history">Turn 6</h2><div class="spacer battle-history"><br></div><div class="battle-history">The opposing Alomomola used <strong>Protect</strong>!<br></div><div class="battle-history"><small>The opposing Alomomola protected itself!</small><br></div><div class="spacer battle-history"><br></div><div class="battle-history">Venusaur used <strong>Knock Off</strong>!<br></div><div class="battle-history"><small>The opposing Alomomola protected itself!</small><br></div><div class="spacer battle-history"><br></div><div class="battle-history"><small>The opposing Alomomola restored a little HP using its Leftovers!</small><br></div><div class="spacer battle-history"><br></div><h2 class="battle-history">Turn 7</h2><div class="spacer battle-history"><br></div><div class="battle-history">Arifeen• withdrew Alomomola!<br></div><div class="battle-history">Arifeen• sent out <strong>Escavalier</strong>!<br></div><div class="battle-history"><small>Pointed stones dug into the opposing Escavalier!</small><br></div><div class="spacer battle-history"><br></div><div class="battle-history">Venusaur used <strong>Leaf Storm</strong>!<br></div><div class="battle-history"><small>It's not very effective...</small><br></div><div class="battle-history"><small>(The opposing Escavalier lost <abbr title="−71/291">24.4%</abbr> of its health!)</small><br></div><div class="battle-history"><small>Venusaur's Special Attack fell harshly!</small><br></div><div class="battle-history"><small>Venusaur lost some of its HP!</small><br></div><div class="spacer battle-history"><br></div><div class="battle-history"><small>The opposing Escavalier restored a little HP using its Leftovers!</small><br></div><div class="spacer battle-history"><br></div><h2 class="battle-history">Turn 8</h2><div class="spacer battle-history"><br></div><div class="battle-history">Venusaur, come back!<br></div><div class="battle-history">Go! <strong>Alomomola</strong>!<br></div><div class="battle-history"><small>Pointed stones dug into Alomomola!</small><br></div><div class="spacer battle-history"><br></div><div class="battle-history">The opposing Escavalier used <strong>Swords Dance</strong>!<br></div><div class="battle-history"><small>The opposing Escavalier's Attack rose sharply!</small><br></div><div class="spacer battle-history"><br></div><div class="battle-history"><small>Alomomola restored a little HP using its Leftovers!</small><br></div><div class="battle-history"><small>The opposing Escavalier restored a little HP using its Leftovers!</small><br></div><div class="spacer battle-history"><br></div><h2 class="battle-history">Turn 9</h2><div class="spacer battle-history"><br></div><div class="battle-history">Alomomola used <strong>Scald</strong>!<br></div><div class="battle-history"><small>(The opposing Escavalier lost <abbr title="−48/291">16.5%</abbr> of its health!)</small><br></div><div class="spacer battle-history"><br></div><div class="battle-history">The opposing Escavalier used <strong>Megahorn</strong>!<br></div><div class="battle-history"><small>(Alomomola lost <abbr title="−412/501">82.2%</abbr> of its health!)</small><br></div><div class="spacer battle-history"><br></div><div class="battle-history"><small>Alomomola restored a little HP using its Leftovers!</small><br></div><div class="battle-history"><small>The opposing Escavalier restored a little HP using its Leftovers!</small><br></div><div class="spacer battle-history"><br></div><h2 class="battle-history">Turn 10</h2><div class="spacer battle-history"><br></div><div class="battle-history">Alomomola used <strong>Protect</strong>!<br></div><div class="battle-history"><small>Alomomola protected itself!</small><br></div><div class="spacer battle-history"><br></div><div class="battle-history">The opposing Escavalier used <strong>Drill Run</strong>!<br></div><div class="battle-history"><small>Alomomola protected itself!</small><br></div><div class="spacer battle-history"><br></div><div class="battle-history"><small>Alomomola restored a little HP using its Leftovers!</small><br></div><div class="battle-history"><small>The opposing Escavalier restored a little HP using its Leftovers!</small><br></div><div class="spacer battle-history"><br></div><h2 class="battle-history">Turn 11</h2><div class="spacer battle-history"><br></div><div class="battle-history">Alomomola used <strong>Scald</strong>!<br></div><div class="battle-history"><small>(The opposing Escavalier lost <abbr title="−48/291">16.5%</abbr> of its health!)</small><br></div><div class="spacer battle-history"><br></div><div class="battle-history">The opposing Escavalier used <strong>Megahorn</strong>!<br></div><div class="battle-history"><small>(Alomomola lost <abbr title="−120/501">24.0%</abbr> of its health!)</small><br></div><div class="spacer battle-history"><br></div><div class="battle-history">Alomomola fainted!<br></div><div class="spacer battle-history"><br></div><div class="battle-history"><small>The opposing Escavalier restored a little HP using its Leftovers!</small><br></div><div class="spacer battle-history"><br></div><div class="battle-history">Go! <strong>Medicham</strong>!<br></div><div class="battle-history"><small>Pointed stones dug into Medicham!</small><br></div><div class="spacer battle-history"><br></div><h2 class="battle-history">Turn 12</h2><div class="spacer battle-history"><br></div><div class="battle-history">Arifeen• withdrew Escavalier!<br></div><div class="battle-history">Arifeen• sent out <strong>Uxie</strong>!<br></div><div class="battle-history"><small>Pointed stones dug into the opposing Uxie!</small><br></div><div class="spacer battle-history"><br></div><div class="battle-history">Medicham used <strong>High Jump Kick</strong>!<br></div><div class="battle-history"><small>It's not very effective...</small><br></div><div class="battle-history"><small>(The opposing Uxie lost <abbr title="−90/354">25.4%</abbr> of its health!)</small><br></div><div class="spacer battle-history"><br></div><div class="battle-history"><small>The opposing Uxie restored a little HP using its Leftovers!</small><br></div><div class="spacer battle-history"><br></div><h2 class="battle-history">Turn 13</h2><div class="spacer battle-history"><br></div><div class="battle-history">Medicham, come back!<br></div><div class="battle-history">Go! <strong>Flygon</strong>!<br></div><div class="battle-history"><small>Pointed stones dug into Flygon!</small><br></div><div class="spacer battle-history"><br></div><div class="battle-history">The opposing Uxie used <strong>U-turn</strong>!<br></div><div class="battle-history"><small>(Flygon lost <abbr title="−47/329">14.3%</abbr> of its health!)</small><br></div><div class="spacer battle-history"><br></div><div class="battle-history">The opposing Uxie went back to Arifeen•!<br></div><div class="battle-history">Arifeen• sent out <strong>Sneasel</strong>!<br></div><div class="battle-history"><small>Pointed stones dug into the opposing Sneasel!</small><br></div><div class="spacer battle-history"><br></div><div class="battle-history"><small>Flygon restored a little HP using its Leftovers!</small><br></div><div class="spacer battle-history"><br></div><h2 class="battle-history">Turn 14</h2><div class="spacer battle-history"><br></div><div class="battle-history"><small>(Flygon is being withdrawn...)</small><br></div><div class="spacer battle-history"><br></div><div class="battle-history">The opposing Sneasel used <strong>Pursuit</strong>!<br></div><div class="battle-history"><small>(Flygon lost <abbr title="−168/329">51.1%</abbr> of its health!)</small><br></div><div class="battle-history"><small>The opposing Sneasel lost some of its HP!</small><br></div><div class="spacer battle-history"><br></div><div class="battle-history">Flygon, come back!<br></div><div class="battle-history">Go! <strong>Steelix</strong>!<br></div><div class="battle-history"><small>Pointed stones dug into Steelix!</small><br></div><div class="spacer battle-history"><br></div><div class="battle-history"><small>Steelix restored a little HP using its Leftovers!</small><br></div><div class="spacer battle-history"><br></div><h2 class="battle-history">Turn 15</h2><div class="spacer battle-history"><br></div><div class="battle-history">Arifeen• withdrew Sneasel!<br></div><div class="battle-history">Arifeen• sent out <strong>Alomomola</strong>!<br></div><div class="battle-history"><small>Pointed stones dug into the opposing Alomomola!</small><br></div><div class="spacer battle-history"><br></div><div class="battle-history">Steelix used <strong>Roar</strong>!<br></div><div class="spacer battle-history"><br></div><div class="battle-history"><strong>Flygon</strong> was dragged out!<br></div><div class="battle-history"><small>Pointed stones dug into the opposing Flygon!</small><br></div><div class="spacer battle-history"><br></div><h2 class="battle-history">Turn 16</h2><div class="spacer battle-history"><br></div><div class="battle-history">Steelix, come back!<br></div><div class="battle-history">Go! <strong>Flygon</strong>!<br></div><div class="battle-history"><small>Pointed stones dug into Flygon!</small><br></div><div class="spacer battle-history"><br></div><div class="battle-history">The opposing Flygon used <strong>Earthquake</strong>!<br></div><div class="battle-history"><small>[Flygon's Levitate]</small><br><small>It doesn't affect Flygon...</small><br></div><div class="spacer battle-history"><br></div><div class="battle-history"><small>Flygon restored a little HP using its Leftovers!</small><br></div><div class="spacer battle-history"><br></div><h2 class="battle-history">Turn 17</h2><div class="spacer battle-history"><br></div><div class="battle-history">Arifeen• withdrew Flygon!<br></div><div class="battle-history">Arifeen• sent out <strong>Sneasel</strong>!<br></div><div class="battle-history"><small>Pointed stones dug into the opposing Sneasel!</small><br></div><div class="spacer battle-history"><br></div><div class="battle-history">Flygon used <strong>U-turn</strong>!<br></div><div class="battle-history"><small>It's super effective!</small><br></div><div class="battle-history"><small>(The opposing Sneasel lost <abbr title="−102/251">40.6%</abbr> of its health!)</small><br></div><div class="spacer battle-history"><br></div><div class="battle-history">The opposing Sneasel fainted!<br></div><div class="chat"><small>Aphrod1te ❄️ joined.</small></div><div class="spacer battle-history"><br></div><div class="battle-history">Flygon went back to iRKD!<br></div><div class="battle-history">Go! <strong>Medicham</strong>!<br></div><div class="battle-history"><small>Pointed stones dug into Medicham!</small><br></div><div class="spacer battle-history"><br></div><div class="battle-history">Arifeen• sent out <strong>Alomomola</strong>!<br></div><div class="battle-history"><small>Pointed stones dug into the opposing Alomomola!</small><br></div><div class="spacer battle-history"><br></div><h2 class="battle-history">Turn 18</h2><div class="spacer battle-history"><br></div><div class="battle-history">Medicham used <strong>Baton Pass</strong>!<br></div><div class="spacer battle-history"><br></div><div class="battle-history">Go! <strong>Venusaur</strong>!<br></div><div class="battle-history"><small>Pointed stones dug into Venusaur!</small><br></div><div class="spacer battle-history"><br></div><div class="battle-history">The opposing Alomomola used <strong>Wish</strong>!<br></div><div class="spacer battle-history"><br></div><div class="battle-history"><small>The opposing Alomomola restored a little HP using its Leftovers!</small><br></div><div class="spacer battle-history"><br></div><h2 class="battle-history">Turn 19</h2><div class="spacer battle-history"><br></div><div class="battle-history">Venusaur, come back!<br></div><div class="battle-history">Go! <strong>Medicham</strong>!<br></div><div class="battle-history"><small>Pointed stones dug into Medicham!</small><br></div><div class="spacer battle-history"><br></div><div class="battle-history">Arifeen• withdrew Alomomola!<br></div><div class="battle-history">Arifeen• sent out <strong>Escavalier</strong>!<br></div><div class="battle-history"><small>Pointed stones dug into the opposing Escavalier!</small><br></div><div class="spacer battle-history"><br></div><div class="battle-history"><small>Alomomola's wish came true!</small><br></div><div class="spacer battle-history"><br></div><h2 class="battle-history">Turn 20</h2><div class="spacer battle-history"><br></div><div class="battle-history">Arifeen• withdrew Escavalier!<br></div><div class="battle-history">Arifeen• sent out <strong>Alomomola</strong>!<br></div><div class="battle-history"><small>Pointed stones dug into the opposing Alomomola!</small><br></div><div class="spacer battle-history"><br></div><div class="battle-history">Medicham used <strong>High Jump Kick</strong>!<br></div><div class="battle-history"><small>(The opposing Alomomola lost <abbr title="−271/497">54.5%</abbr> of its health!)</small><br></div><div class="spacer battle-history"><br></div><div class="battle-history"><small>The opposing Alomomola restored a little HP using its Leftovers!</small><br></div><div class="spacer battle-history"><br></div><h2 class="battle-history">Turn 21</h2><div class="spacer battle-history"><br></div><div class="battle-history">The opposing Alomomola used <strong>Protect</strong>!<br></div><div class="battle-history"><small>The opposing Alomomola protected itself!</small><br></div><div class="spacer battle-history"><br></div><div class="battle-history">Medicham used <strong>High Jump Kick</strong>!<br></div><div class="battle-history"><small>The opposing Alomomola protected itself!</small><br></div><div class="battle-history"><small>Medicham kept going and crashed!</small><br></div><div class="spacer battle-history"><br></div><div class="battle-history"><small>The opposing Alomomola restored a little HP using its Leftovers!</small><br></div><div class="spacer battle-history"><br></div><h2 class="battle-history">Turn 22</h2><div class="spacer battle-history"><br></div><div class="battle-history">Arifeen• withdrew Alomomola!<br></div><div class="battle-history">Arifeen• sent out <strong>Uxie</strong>!<br></div><div class="battle-history"><small>Pointed stones dug into the opposing Uxie!</small><br></div><div class="spacer battle-history"><br></div><div class="battle-history">Medicham used <strong>High Jump Kick</strong>!<br></div><div class="battle-history"><small>It's not very effective...</small><br></div><div class="battle-history"><small>A critical hit!</small><br></div><div class="battle-history"><small>(The opposing Uxie lost <abbr title="−155/354">43.8%</abbr> of its health!)</small><br></div><div class="spacer battle-history"><br></div><div class="battle-history"><small>The opposing Uxie restored a little HP using its Leftovers!</small><br></div><div class="spacer battle-history"><br></div><h2 class="battle-history">Turn 23</h2><div class="spacer battle-history"><br></div><div class="battle-history">Medicham used <strong>High Jump Kick</strong>!<br></div><div class="battle-history"><small>It's not very effective...</small><br></div><div class="battle-history"><small>(The opposing Uxie lost <abbr title="−65/354">18.4%</abbr> of its health!)</small><br></div><div class="spacer battle-history"><br></div><div class="battle-history">The opposing Uxie fainted!<br></div><div class="chat chatmessage-arifeen"><strong style="color:hsl(351,68%,47.77101180383878%)"><small>★</small><span class="username" data-name="Arifeen•">Arifeen•</span>:</strong> <em>ok</em></div><div class="spacer battle-history"><br></div><div class="battle-history">Arifeen• sent out <strong>Alomomola</strong>!<br></div><div class="battle-history"><small>Pointed stones dug into the opposing Alomomola!</small><br></div><div class="spacer battle-history"><br></div><h2 class="battle-history">Turn 24</h2><div class="spacer battle-history"><br></div><div class="battle-history">Medicham, come back!<br></div><div class="battle-history">Go! <strong>Flygon</strong>!<br></div><div class="battle-history"><small>Pointed stones dug into Flygon!</small><br></div><div class="spacer battle-history"><br></div><div class="battle-history">Arifeen• withdrew Alomomola!<br></div><div class="battle-history">Arifeen• sent out <strong>Virizion</strong>!<br></div><div class="battle-history"><small>Pointed stones dug into the opposing Virizion!</small><br></div><div class="spacer battle-history"><br></div><div class="battle-history"><small>Flygon restored a little HP using its Leftovers!</small><br></div><div class="spacer battle-history"><br></div><h2 class="battle-history">Turn 25</h2><div class="spacer battle-history"><br></div><div class="battle-history">The opposing Virizion used <strong>Leaf Blade</strong>!<br></div><div class="battle-history"><small>(Flygon lost <abbr title="−114/329">34.7%</abbr> of its health!)</small><br></div><div class="spacer battle-history"><br></div><div class="battle-history">Flygon fainted!<br></div><div class="spacer battle-history"><br></div><div class="battle-history">Go! <strong>Medicham</strong>!<br></div><div class="battle-history"><small>Pointed stones dug into Medicham!</small><br></div><div class="spacer battle-history"><br></div><h2 class="battle-history">Turn 26</h2><div class="spacer battle-history"><br></div><div class="battle-history">Medicham used <strong>Zen Headbutt</strong>!<br></div><div class="battle-history"><small>It's super effective!</small><br></div><div class="battle-history"><small>(The opposing Virizion lost <abbr title="−283/323">87.6%</abbr> of its health!)</small><br></div><div class="spacer battle-history"><br></div><div class="battle-history">The opposing Virizion fainted!<br></div><div class="spacer battle-history"><br></div><div class="battle-history">Arifeen• sent out <strong>Escavalier</strong>!<br></div><div class="battle-history"><small>Pointed stones dug into the opposing Escavalier!</small><br></div><div class="spacer battle-history"><br></div><h2 class="battle-history">Turn 27</h2><div class="spacer battle-history"><br></div><div class="battle-history">Medicham, come back!<br></div><div class="battle-history">Go! <strong>Steelix</strong>!<br></div><div class="battle-history"><small>Pointed stones dug into Steelix!</small><br></div><div class="spacer battle-history"><br></div><div class="battle-history">The opposing Escavalier used <strong>Iron Head</strong>!<br></div><div class="battle-history"><small>It's not very effective...</small><br></div><div class="battle-history"><small>(Steelix lost <abbr title="−41/354">11.6%</abbr> of its health!)</small><br></div><div class="spacer battle-history"><br></div><div class="battle-history"><small>The opposing Escavalier restored a little HP using its Leftovers!</small><br></div><div class="battle-history"><small>Steelix restored a little HP using its Leftovers!</small><br></div><div class="spacer battle-history"><br></div><h2 class="battle-history">Turn 28</h2><div class="spacer battle-history"><br></div><div class="battle-history">The opposing Escavalier used <strong>Drill Run</strong>!<br></div><div class="battle-history"><small>It's super effective!</small><br></div><div class="battle-history"><small>(Steelix lost <abbr title="−110/354">31.1%</abbr> of its health!)</small><br></div><div class="spacer battle-history"><br></div><div class="battle-history">Steelix used <strong>Earthquake</strong>!<br></div><div class="battle-history"><small>(The opposing Escavalier lost <abbr title="−117/291">40.2%</abbr> of its health!)</small><br></div><div class="spacer battle-history"><br></div><div class="battle-history"><small>The opposing Escavalier restored a little HP using its Leftovers!</small><br></div><div class="battle-history"><small>Steelix restored a little HP using its Leftovers!</small><br></div><div class="spacer battle-history"><br></div><h2 class="battle-history">Turn 29</h2><div class="spacer battle-history"><br></div><div class="battle-history">The opposing Escavalier used <strong>Drill Run</strong>!<br></div><div class="battle-history"><small>It's super effective!</small><br></div><div class="battle-history"><small>(Steelix lost <abbr title="−108/354">30.5%</abbr> of its health!)</small><br></div><div class="spacer battle-history"><br></div><div class="battle-history">Steelix used <strong>Roar</strong>!<br></div><div class="spacer battle-history"><br></div><div class="battle-history"><strong>Alomomola</strong> was dragged out!<br></div><div class="battle-history"><small>Pointed stones dug into the opposing Alomomola!</small><br></div><div class="spacer battle-history"><br></div><div class="battle-history"><small>The opposing Alomomola restored a little HP using its Leftovers!</small><br></div><div class="battle-history"><small>Steelix restored a little HP using its Leftovers!</small><br></div><div class="spacer battle-history"><br></div><h2 class="battle-history">Turn 30</h2><div class="spacer battle-history"><br></div><div class="battle-history">The opposing Alomomola used <strong>Scald</strong>!<br></div><div class="battle-history"><small>It's super effective!</small><br></div><div class="battle-history"><small>A critical hit!</small><br></div><div class="battle-history"><small>(Steelix lost <abbr title="−126/354">35.6%</abbr> of its health!)</small><br></div><div class="battle-history"><small>Steelix was burned!</small><br></div><div class="spacer battle-history"><br></div><div class="battle-history">Steelix used <strong>Roar</strong>!<br></div><div class="spacer battle-history"><br></div><div class="battle-history"><strong>Flygon</strong> was dragged out!<br></div><div class="battle-history"><small>Pointed stones dug into the opposing Flygon!</small><br></div><div class="spacer battle-history"><br></div><div class="battle-history"><small>Steelix restored a little HP using its Leftovers!</small><br></div><div class="battle-history"><small>Steelix was hurt by its burn!</small><br></div><div class="spacer battle-history"><br></div><h2 class="battle-history">Turn 31</h2><div class="spacer battle-history"><br></div><div class="battle-history">The opposing Flygon used <strong>U-turn</strong>!<br></div><div class="battle-history"><small>It's not very effective...</small><br></div><div class="battle-history"><small>(Steelix lost <abbr title="−2/354">0.6%</abbr> of its health!)</small><br></div><div class="spacer battle-history"><br></div><div class="battle-history">Steelix fainted!<br></div><div class="spacer battle-history"><br></div><div class="battle-history">The opposing Flygon went back to Arifeen•!<br></div><div class="battle-history">Arifeen• sent out <strong>Alomomola</strong>!<br></div><div class="battle-history"><small>Pointed stones dug into the opposing Alomomola!</small><br></div><div class="spacer battle-history"><br></div><div class="battle-history"><small>The opposing Alomomola restored a little HP using its Leftovers!</small><br></div><div class="spacer battle-history"><br></div><div class="battle-history">Go! <strong>Venusaur</strong>!<br></div><div class="battle-history"><small>Pointed stones dug into Venusaur!</small><br></div><div class="spacer battle-history"><br></div><h2 class="battle-history">Turn 32</h2><div class="spacer battle-history"><br></div><div class="battle-history">Arifeen• withdrew Alomomola!<br></div><div class="battle-history">Arifeen• sent out <strong>Escavalier</strong>!<br></div><div class="battle-history"><small>Pointed stones dug into the opposing Escavalier!</small><br></div><div class="spacer battle-history"><br></div><div class="battle-history">Venusaur used <strong>Synthesis</strong>!<br></div><div class="battle-history"><small>Venusaur restored its HP.</small><br></div><div class="spacer battle-history"><br></div><div class="battle-history"><small>The opposing Escavalier restored a little HP using its Leftovers!</small><br></div><div class="spacer battle-history"><br></div><h2 class="battle-history">Turn 33</h2><div class="spacer battle-history"><br></div><div class="battle-history">Venusaur used <strong>Knock Off</strong>!<br></div><div class="battle-history"><small>(The opposing Escavalier lost <abbr title="−77/291">26.5%</abbr> of its health!)</small><br></div><div class="battle-history"><small>Venusaur knocked off the opposing Escavalier's Leftovers!</small><br></div><div class="battle-history"><small>Venusaur lost some of its HP!</small><br></div><div class="spacer battle-history"><br></div><div class="battle-history">The opposing Escavalier used <strong>Megahorn</strong>!<br></div><div class="battle-history"><small>(Venusaur lost <abbr title="−259/301">86.0%</abbr> of its health!)</small><br></div><div class="spacer battle-history"><br></div><div class="battle-history">Venusaur fainted!<br></div><div class="spacer battle-history"><br></div><div class="battle-history">Go! <strong>Fletchinder</strong>!<br></div><div class="battle-history"><small>Pointed stones dug into Fletchinder!</small><br></div><div class="spacer battle-history"><br></div><h2 class="battle-history">Turn 34</h2><div class="spacer battle-history"><br></div><div class="battle-history">Fletchinder used <strong>Swords Dance</strong>!<br></div><div class="battle-history"><small>Fletchinder's Attack rose sharply!</small><br></div><div class="spacer battle-history"><br></div><div class="battle-history">The opposing Escavalier used <strong>Drill Run</strong>!<br></div><div class="battle-history"><small>It doesn't affect Fletchinder...</small><br></div><div class="spacer battle-history"><br></div><h2 class="battle-history">Turn 35</h2><div class="spacer battle-history"><br></div><div class="battle-history">Fletchinder used <strong>Swords Dance</strong>!<br></div><div class="battle-history"><small>Fletchinder's Attack rose sharply!</small><br></div><div class="spacer battle-history"><br></div><div class="battle-history">The opposing Escavalier used <strong>Drill Run</strong>!<br></div><div class="battle-history"><small>It doesn't affect Fletchinder...</small><br></div><div class="spacer battle-history"><br></div><h2 class="battle-history">Turn 36</h2><div class="spacer battle-history"><br></div><div class="battle-history">Fletchinder used <strong>Swords Dance</strong>!<br></div><div class="battle-history"><small>Fletchinder's Attack rose sharply!</small><br></div><div class="spacer battle-history"><br></div><div class="battle-history">The opposing Escavalier used <strong>Drill Run</strong>!<br></div><div class="battle-history"><small>It doesn't affect Fletchinder...</small><br></div><div class="spacer battle-history"><br></div><h2 class="battle-history">Turn 37</h2><div class="spacer battle-history"><br></div><div class="battle-history">Fletchinder used <strong>Acrobatics</strong>!<br></div><div class="battle-history"><small>(The opposing Escavalier lost <abbr title="−79/291">27.1%</abbr> of its health!)</small><br></div><div class="spacer battle-history"><br></div><div class="battle-history">The opposing Escavalier fainted!<br></div><div class="spacer battle-history"><br></div><div class="battle-history">Arifeen• sent out <strong>Alomomola</strong>!<br></div><div class="battle-history"><small>Pointed stones dug into the opposing Alomomola!</small><br></div><div class="spacer battle-history"><br></div><h2 class="battle-history">Turn 38</h2><div class="spacer battle-history"><br></div><div class="battle-history">Fletchinder used <strong>Acrobatics</strong>!<br></div><div class="battle-history"><small>(The opposing Alomomola lost <abbr title="−435/497">87.5%</abbr> of its health!)</small><br></div><div class="spacer battle-history"><br></div><div class="battle-history">The opposing Alomomola fainted!<br></div><div class="chat chatmessage-arifeen"><strong style="color:hsl(351,68%,47.77101180383878%)"><small>★</small><span class="username" data-name="Arifeen•">Arifeen•</span>:</strong> <em>lol I fucked up</em></div><div class="chat chatmessage-arifeen"><strong style="color:hsl(351,68%,47.77101180383878%)"><small>★</small><span class="username" data-name="Arifeen•">Arifeen•</span>:</strong> <em>gg</em></div><div class="spacer battle-history"><br></div><div class="battle-history"><small>Arifeen• forfeited.</small><br></div><div class="spacer battle-history"><br></div><div class="battle-history"><strong>iRKD</strong> won the battle!<br></div><div class="chat"><small>Arifeen• left.</small></div><div class="chat chatmessage-irkd"><strong style="color:hsl(255,87%,57.710878269400006%)"><small>★</small><span class="username" data-name="iRKD">iRKD</span>:</strong> <em>gg</em></div></div><div class="inner-preempt"></div></div></div>
</div>
<script>
let daily = Math.floor(Date.now()/1000/60/60/24);document.write('<script src="https://play.pokemonshowdown.com/js/replay-embed.js?version'+daily+'"></'+'script>');
</script>
