<!DOCTYPE html>
<meta charset="utf-8" />
<!-- version 1 -->
<title>RU replay: RUANDUUACCOUNT vs. Alpha Justice</title>
<style>
html,body {font-family:Verdana, sans-serif;font-size:10pt;margin:0;padding:0;}body{padding:12px 0;} .battle-log {font-family:Verdana, sans-serif;font-size:10pt;} .battle-log-inline {border:1px solid #AAAAAA;background:#EEF2F5;color:black;max-width:640px;margin:0 auto 80px;padding-bottom:5px;} .battle-log .inner {padding:4px 8px 0px 8px;} .battle-log .inner-preempt {padding:0 8px 4px 8px;} .battle-log .inner-after {margin-top:0.5em;} .battle-log h2 {margin:0.5em -8px;padding:4px 8px;border:1px solid #AAAAAA;background:#E0E7EA;border-left:0;border-right:0;font-family:Verdana, sans-serif;font-size:13pt;} .battle-log .chat {vertical-align:middle;padding:3px 0 3px 0;font-size:8pt;} .battle-log .chat strong {color:#40576A;} .battle-log .chat em {padding:1px 4px 1px 3px;color:#000000;font-style:normal;} .chat.mine {background:rgba(0,0,0,0.05);margin-left:-8px;margin-right:-8px;padding-left:8px;padding-right:8px;} .spoiler {color:#BBBBBB;background:#BBBBBB;padding:0px 3px;} .spoiler:hover, .spoiler:active, .spoiler-shown {color:#000000;background:#E2E2E2;padding:0px 3px;} .spoiler a {color:#BBBBBB;} .spoiler:hover a, .spoiler:active a, .spoiler-shown a {color:#2288CC;} .chat code, .chat .spoiler:hover code, .chat .spoiler:active code, .chat .spoiler-shown code {border:1px solid #C0C0C0;background:#EEEEEE;color:black;padding:0 2px;} .chat .spoiler code {border:1px solid #CCCCCC;background:#CCCCCC;color:#CCCCCC;} .battle-log .rated {padding:3px 4px;} .battle-log .rated strong {color:white;background:#89A;padding:1px 4px;border-radius:4px;} .spacer {margin-top:0.5em;} .message-announce {background:#6688AA;color:white;padding:1px 4px 2px;} .message-announce a, .broadcast-green a, .broadcast-blue a, .broadcast-red a {color:#DDEEFF;} .broadcast-green {background-color:#559955;color:white;padding:2px 4px;} .broadcast-blue {background-color:#6688AA;color:white;padding:2px 4px;} .infobox {border:1px solid #6688AA;padding:2px 4px;} .infobox-limited {max-height:200px;overflow:auto;overflow-x:hidden;} .broadcast-red {background-color:#AA5544;color:white;padding:2px 4px;} .message-learn-canlearn {font-weight:bold;color:#228822;text-decoration:underline;} .message-learn-cannotlearn {font-weight:bold;color:#CC2222;text-decoration:underline;} .message-effect-weak {font-weight:bold;color:#CC2222;} .message-effect-resist {font-weight:bold;color:#6688AA;} .message-effect-immune {font-weight:bold;color:#666666;} .message-learn-list {margin-top:0;margin-bottom:0;} .message-throttle-notice, .message-error {color:#992222;} .message-overflow, .chat small.message-overflow {font-size:0pt;} .message-overflow::before {font-size:9pt;content:'...';} .subtle {color:#3A4A66;}
</style>
<div class="wrapper replay-wrapper" style="max-width:1180px;margin:0 auto">
<input type="hidden" name="replayid" value="ru-495574206" />
<div class="battle"></div><div class="battle-log"></div><div class="replay-controls"></div><div class="replay-controls-2"></div>
<h1 style="font-weight:normal;text-align:center"><strong>RU</strong><br /><a href="http://pokemonshowdown.com/users/ruanduuaccount" class="subtle" target="_blank">RUANDUUACCOUNT</a> vs. <a href="http://pokemonshowdown.com/users/alphajustice" class="subtle" target="_blank">Alpha Justice</a></h1>
<script type="text/plain" class="battle-log-data">|j|RUANDUUACCOUNT
|j|Alpha Justice
|player|p1|RUANDUUACCOUNT|169
|player|p2|Alpha Justice|99
|gametype|singles
|gen|6
|tier|RU
|rated
|seed|29149,21109,37571,50952
|rule|Sleep Clause Mod: Limit one foe put to sleep
|rule|Species Clause: Limit one of each Pokémon
|rule|OHKO Clause: OHKO moves are banned
|rule|Moody Clause: Moody is banned
|rule|Evasion Moves Clause: Evasion moves are banned
|rule|Endless Battle Clause: Forcing endless battles is banned
|rule|HP Percentage Mod: HP is shown in percentages
|clearpoke
|poke|p1|Rotom, shiny|item
|poke|p1|Weezing, F, shiny|item
|poke|p1|Steelix, F, shiny|item
|poke|p1|Delphox, F, shiny|item
|poke|p1|Blastoise, F, shiny|item
|poke|p1|Drapion, F, shiny|item
|poke|p2|Rhyperior, M|item
|poke|p2|Slowking, M, shiny|item
|poke|p2|Trevenant, M|item
|poke|p2|Camerupt, M, shiny|item
|poke|p2|Eelektross, M, shiny|item
|poke|p2|Scrafty, M|item
|rule|Swagger Clause: Swagger is banned
|rule|Baton Pass Clause: Limit one Baton Passer, can't pass Spe and other stats simultaneously
|teampreview
|choice|team 2, team 1, team 3, team 4, team 5, team 6|team 2, team 1, team 3, team 4, team 5, team 6
|
|start
|switch|p1a: Weezing|Weezing, F, shiny|333\/333
|switch|p2a: Slowking|Slowking, M, shiny|394\/394
|turn|1
|choice|switch 5|move trickroom
|
|switch|p1a: Blastoise|Blastoise, F, shiny|361\/361
|move|p2a: Slowking|Trick Room|p2a: Slowking
|-fieldstart|move: Trick Room|[of] p2a: Slowking
|
|upkeep
|turn|2
|choice|move toxic|move calmmind
|
|move|p2a: Slowking|Calm Mind|p2a: Slowking
|-boost|p2a: Slowking|spa|1
|-boost|p2a: Slowking|spd|1
|move|p1a: Blastoise|Toxic|p2a: Slowking
|-status|p2a: Slowking|tox
|
|-damage|p2a: Slowking|370\/394 tox|[from] psn
|upkeep
|turn|3
|choice|move scald|move calmmind
|
|move|p2a: Slowking|Calm Mind|p2a: Slowking
|-boost|p2a: Slowking|spa|1
|-boost|p2a: Slowking|spd|1
|move|p1a: Blastoise|Scald|p2a: Slowking
|-resisted|p2a: Slowking
|-damage|p2a: Slowking|352\/394 tox
|
|-damage|p2a: Slowking|304\/394 tox|[from] psn
|upkeep
|turn|4
|choice|switch 6|move calmmind
|
|switch|p1a: Drapion|Drapion, F, shiny|281\/281
|move|p2a: Slowking|Calm Mind|p2a: Slowking
|-boost|p2a: Slowking|spa|1
|-boost|p2a: Slowking|spd|1
|
|-damage|p2a: Slowking|232\/394 tox|[from] psn
|upkeep
|turn|5
|choice|move knockoff|move scald
|
|move|p2a: Slowking|Scald|p1a: Drapion
|-damage|p1a: Drapion|0 fnt
|faint|p1a: Drapion
|
|-damage|p2a: Slowking|136\/394 tox|[from] psn
|-fieldend|move: Trick Room
|upkeep
|choice|switch 2|
|
|switch|p1a: Rotom|Rotom, shiny|261\/261
|turn|6
|choice|move hex|move rest
|
|move|p1a: Rotom|Hex|p2a: Slowking
|-supereffective|p2a: Slowking
|-damage|p2a: Slowking|14\/394 tox
|move|p2a: Slowking|Rest|p2a: Slowking
|-status|p2a: Slowking|slp
|-heal|p2a: Slowking|394\/394 slp|[silent]
|-status|p2a: Slowking|slp|[from] move: Rest
|-enditem|p2a: Slowking|Chesto Berry|[eat]
|-curestatus|p2a: Slowking|slp|[msg]
|
|upkeep
|turn|7
|choice|move willowisp|move calmmind
|
|move|p1a: Rotom|Will-O-Wisp|p2a: Slowking|[miss]
|-miss|p1a: Rotom|p2a: Slowking
|move|p2a: Slowking|Calm Mind|p2a: Slowking
|-boost|p2a: Slowking|spa|1
|-boost|p2a: Slowking|spd|1
|
|upkeep
|turn|8
|j|GoldenNinjask
|c|★RUANDUUACCOUNT|stupid noob set
|l|GoldenNinjask
|c|★Alpha Justice|LOL
|choice|move willowisp|move scald
|
|move|p1a: Rotom|Will-O-Wisp|p2a: Slowking
|-status|p2a: Slowking|brn
|move|p2a: Slowking|Scald|p1a: Rotom
|-damage|p1a: Rotom|0 fnt
|faint|p1a: Rotom
|
|-damage|p2a: Slowking|345\/394 brn|[from] brn
|upkeep
|c|★Alpha Justice|and you let me set it up :)
|choice|switch 3|
|
|switch|p1a: Steelix|Steelix, F, shiny|353\/353
|turn|9
|choice|move roar|move trickroom
|
|move|p1a: Steelix|Roar|p2a: Slowking
|drag|p2a: Camerupt|Camerupt, M, shiny|344\/344
|
|upkeep
|turn|10
|c|★RUANDUUACCOUNT|no
|c|★Alpha Justice|yes
|choice|switch 6|switch 6
|
|switch|p2a: Scrafty|Scrafty, M|334\/334
|switch|p1a: Blastoise|Blastoise, F, shiny|361\/361
|
|upkeep
|turn|11
|choice|switch 5|move fakeout
|
|switch|p1a: Weezing|Weezing, F, shiny|333\/333
|move|p2a: Scrafty|Fake Out|p1a: Weezing
|-damage|p1a: Weezing|291\/333
|-damage|p2a: Scrafty|279\/334|[from] item: Rocky Helmet|[of] p1a: Weezing
|-damage|p2a: Scrafty|246\/334|[from] item: Life Orb
|
|upkeep
|turn|12
|choice|move toxicspikes|move drainpunch
|
|move|p1a: Weezing|Toxic Spikes|p2a: Scrafty
|-sidestart|p2: Alpha Justice|move: Toxic Spikes
|move|p2a: Scrafty|Drain Punch|p1a: Weezing
|-resisted|p1a: Weezing
|-damage|p1a: Weezing|229\/333
|-heal|p2a: Scrafty|277\/334|[from] drain|[of] p1a: Weezing
|-damage|p2a: Scrafty|222\/334|[from] item: Rocky Helmet|[of] p1a: Weezing
|-damage|p2a: Scrafty|189\/334|[from] item: Life Orb
|
|upkeep
|turn|13
|choice|move toxicspikes|switch 2
|
|switch|p2a: Rhyperior|Rhyperior, M|434\/434
|-status|p2a: Rhyperior|psn
|move|p1a: Weezing|Toxic Spikes|p2a: Rhyperior
|-sidestart|p2: Alpha Justice|move: Toxic Spikes
|
|-damage|p2a: Rhyperior|380\/434 psn|[from] psn
|upkeep
|turn|14
|choice|switch 5|move rockslide
|
|switch|p1a: Blastoise|Blastoise, F, shiny|361\/361
|move|p2a: Rhyperior|Rock Slide|p1a: Blastoise
|-damage|p1a: Blastoise|252\/361
|
|-heal|p1a: Blastoise|274\/361|[from] item: Leftovers
|-damage|p2a: Rhyperior|326\/434 psn|[from] psn
|upkeep
|turn|15
|c|★RUANDUUACCOUNT|lol rock slide
|c|★Alpha Justice|yes rock slide
|c|★Alpha Justice|is there a problem?
|choice|move scald|switch 4
|
|switch|p2a: Slowking|Slowking, M, shiny|394\/394 brn
|move|p1a: Blastoise|Scald|p2a: Slowking
|-resisted|p2a: Slowking
|-damage|p2a: Slowking|358\/394 brn
|
|-heal|p1a: Blastoise|296\/361|[from] item: Leftovers
|-damage|p2a: Slowking|309\/394 brn|[from] brn
|upkeep
|turn|16
|choice|switch 5|move calmmind
|
|switch|p1a: Weezing|Weezing, F, shiny|229\/333
|move|p2a: Slowking|Calm Mind|p2a: Slowking
|-boost|p2a: Slowking|spa|1
|-boost|p2a: Slowking|spd|1
|
|-damage|p2a: Slowking|260\/394 brn|[from] brn
|upkeep
|turn|17
|choice|move taunt|move scald
|
|move|p1a: Weezing|Taunt|p2a: Slowking
|-start|p2a: Slowking|move: Taunt
|move|p2a: Slowking|Scald|p1a: Weezing
|-damage|p1a: Weezing|78\/333
|-status|p1a: Weezing|brn
|
|-damage|p1a: Weezing|37\/333 brn|[from] brn
|-damage|p2a: Slowking|211\/394 brn|[from] brn
|upkeep
|turn|18
|choice|switch 5|move scald
|
|switch|p1a: Blastoise|Blastoise, F, shiny|296\/361
|move|p2a: Slowking|Scald|p1a: Blastoise
|-resisted|p1a: Blastoise
|-damage|p1a: Blastoise|245\/361
|-status|p1a: Blastoise|brn
|
|-heal|p1a: Blastoise|267\/361 brn|[from] item: Leftovers
|-damage|p1a: Blastoise|222\/361 brn|[from] brn
|-damage|p2a: Slowking|162\/394 brn|[from] brn
|upkeep
|turn|19
|choice|move refresh|move scald
|
|move|p1a: Blastoise|Refresh|p1a: Blastoise
|-curestatus|p1a: Blastoise|brn|[msg]
|move|p2a: Slowking|Scald|p1a: Blastoise
|-resisted|p1a: Blastoise
|-damage|p1a: Blastoise|173\/361
|
|-heal|p1a: Blastoise|195\/361|[from] item: Leftovers
|-damage|p2a: Slowking|113\/394 brn|[from] brn
|-end|p2a: Slowking|move: Taunt
|upkeep
|turn|20
|choice|switch 6|move rest
|
|switch|p1a: Steelix|Steelix, F, shiny|353\/353
|move|p2a: Slowking|Rest|p2a: Slowking
|-status|p2a: Slowking|slp
|-heal|p2a: Slowking|394\/394 slp|[silent]
|-status|p2a: Slowking|slp|[from] move: Rest
|
|upkeep
|turn|21
|choice|move roar|switch 2
|
|switch|p2a: Scrafty|Scrafty, M|189\/334
|-status|p2a: Scrafty|tox
|move|p1a: Steelix|Roar|p2a: Scrafty
|drag|p2a: Trevenant|Trevenant, M|374\/374
|-status|p2a: Trevenant|tox
|
|-damage|p2a: Trevenant|351\/374 tox|[from] psn
|upkeep
|turn|22
|choice|switch 5|move trickroom
|
|switch|p1a: Weezing|Weezing, F, shiny|37\/333 brn
|move|p2a: Trevenant|Trick Room|p2a: Trevenant
|-fieldstart|move: Trick Room|[of] p2a: Trevenant
|
|-damage|p2a: Trevenant|305\/374 tox|[from] psn
|-damage|p1a: Weezing|0 fnt|[from] brn
|upkeep
|faint|p1a: Weezing
|choice|switch 5|
|
|switch|p1a: Steelix|Steelix, F, shiny|353\/353
|turn|23
|choice|move heavyslam|move hornleech
|
|move|p1a: Steelix|Heavy Slam|p2a: Trevenant
|-damage|p2a: Trevenant|146\/374 tox
|-enditem|p2a: Trevenant|Sitrus Berry|[eat]
|-heal|p2a: Trevenant|239\/374 tox|[from] item: Sitrus Berry
|move|p2a: Trevenant|Horn Leech|p1a: Steelix
|-damage|p1a: Steelix|280\/353
|-heal|p2a: Trevenant|276\/374 tox|[from] drain|[of] p1a: Steelix
|
|-heal|p1a: Steelix|302\/353|[from] item: Leftovers
|-damage|p2a: Trevenant|207\/374 tox|[from] psn
|-item|p2a: Trevenant|Sitrus Berry|[from] ability: Harvest
|upkeep
|turn|24
|choice|move stealthrock|move substitute
|
|move|p1a: Steelix|Stealth Rock|p2a: Trevenant
|-sidestart|p2: Alpha Justice|move: Stealth Rock
|move|p2a: Trevenant|Substitute|p2a: Trevenant
|-start|p2a: Trevenant|Substitute
|-damage|p2a: Trevenant|114\/374 tox
|-enditem|p2a: Trevenant|Sitrus Berry|[eat]
|-heal|p2a: Trevenant|207\/374 tox|[from] item: Sitrus Berry
|
|-heal|p1a: Steelix|324\/353|[from] item: Leftovers
|-damage|p2a: Trevenant|115\/374 tox|[from] psn
|upkeep
|turn|25
|choice|move heavyslam|move leechseed
|
|move|p1a: Steelix|Heavy Slam|p2a: Trevenant
|-end|p2a: Trevenant|Substitute
|move|p2a: Trevenant|Leech Seed|p1a: Steelix
|-start|p1a: Steelix|move: Leech Seed
|
|-heal|p1a: Steelix|346\/353|[from] item: Leftovers
|-damage|p1a: Steelix|302\/353|[from] Leech Seed|[of] p2a: Trevenant
|-heal|p2a: Trevenant|159\/374 tox|[silent]
|-damage|p2a: Trevenant|44\/374 tox|[from] psn
|-item|p2a: Trevenant|Sitrus Berry|[from] ability: Harvest
|upkeep
|-enditem|p2a: Trevenant|Sitrus Berry|[eat]
|-heal|p2a: Trevenant|137\/374 tox|[from] item: Sitrus Berry
|turn|26
|choice|move heavyslam|move substitute
|
|move|p1a: Steelix|Heavy Slam|p2a: Trevenant
|-damage|p2a: Trevenant|0 fnt
|faint|p2a: Trevenant
|
|-heal|p1a: Steelix|324\/353|[from] item: Leftovers
|-fieldend|move: Trick Room
|upkeep
|choice||switch 2
|
|switch|p2a: Slowking|Slowking, M, shiny|394\/394 slp
|-damage|p2a: Slowking|345\/394 slp|[from] Stealth Rock
|turn|27
|choice|switch 4|move scald
|
|switch|p1a: Delphox|Delphox, F, shiny|289\/289
|cant|p2a: Slowking|slp
|
|upkeep
|turn|28
|choice|move calmmind|move scald
|
|move|p1a: Delphox|Calm Mind|p1a: Delphox
|-boost|p1a: Delphox|spa|1
|-boost|p1a: Delphox|spd|1
|cant|p2a: Slowking|slp
|
|upkeep
|turn|29
|choice|move grassknot|move calmmind
|
|move|p1a: Delphox|Grass Knot|p2a: Slowking
|-supereffective|p2a: Slowking
|-damage|p2a: Slowking|49\/394 slp
|-damage|p1a: Delphox|261\/289|[from] item: Life Orb
|-curestatus|p2a: Slowking|slp|[msg]
|move|p2a: Slowking|Calm Mind|p2a: Slowking
|-boost|p2a: Slowking|spa|1
|-boost|p2a: Slowking|spd|1
|
|upkeep
|turn|30
|choice|move grassknot|switch 5
|
|switch|p2a: Eelektross|Eelektross, M, shiny|374\/374
|-damage|p2a: Eelektross|328\/374|[from] Stealth Rock
|move|p1a: Delphox|Grass Knot|p2a: Eelektross
|-damage|p2a: Eelektross|115\/374
|-damage|p1a: Delphox|233\/289|[from] item: Life Orb
|
|upkeep
|turn|31
|choice|move psychic|switch 6
|
|switch|p2a: Camerupt|Camerupt, M, shiny|344\/344
|-status|p2a: Camerupt|tox
|-damage|p2a: Camerupt|301\/344 tox|[from] Stealth Rock
|move|p1a: Delphox|Psychic|p2a: Camerupt
|-damage|p2a: Camerupt|0 fnt
|-damage|p1a: Delphox|205\/289|[from] item: Life Orb
|faint|p2a: Camerupt
|
|upkeep
|choice||switch 5
|
|switch|p2a: Slowking|Slowking, M, shiny|180\/394
|-damage|p2a: Slowking|131\/394|[from] Stealth Rock
|-status|p2a: Slowking|tox
|turn|32
|choice|move grassknot|move rest
|
|move|p1a: Delphox|Grass Knot|p2a: Slowking
|-supereffective|p2a: Slowking
|-damage|p2a: Slowking|0 fnt
|-damage|p1a: Delphox|177\/289|[from] item: Life Orb
|faint|p2a: Slowking
|
|upkeep
|choice||switch 3
|
|switch|p2a: Scrafty|Scrafty, M|189\/334 tox
|-damage|p2a: Scrafty|169\/334 tox|[from] Stealth Rock
|turn|33
|choice|move fireblast|move fakeout
|
|move|p2a: Scrafty|Fake Out|p1a: Delphox
|-damage|p1a: Delphox|107\/289
|-damage|p2a: Scrafty|136\/334 tox|[from] item: Life Orb
|cant|p1a: Delphox|flinch
|
|-damage|p2a: Scrafty|116\/334 tox|[from] psn
|upkeep
|turn|34
|choice|move fireblast|move knockoff
|
|move|p1a: Delphox|Fire Blast|p2a: Scrafty
|-damage|p2a: Scrafty|0 fnt
|-damage|p1a: Delphox|79\/289|[from] item: Life Orb
|faint|p2a: Scrafty
|
|upkeep
|choice||switch 4
|
|switch|p2a: Rhyperior|Rhyperior, M|326\/434 psn
|-damage|p2a: Rhyperior|299\/434 psn|[from] Stealth Rock
|turn|35
|choice|move grassknot|move earthquake
|
|move|p1a: Delphox|Grass Knot|p2a: Rhyperior
|-supereffective|p2a: Rhyperior
|-damage|p2a: Rhyperior|0 fnt
|-damage|p1a: Delphox|51\/289|[from] item: Life Orb
|faint|p2a: Rhyperior
|
|upkeep
|choice||switch 6
|
|switch|p2a: Eelektross|Eelektross, M, shiny|115\/374
|-damage|p2a: Eelektross|69\/374|[from] Stealth Rock
|turn|36
|choice|move psychic|move firepunch
|
|move|p1a: Delphox|Psychic|p2a: Eelektross
|-crit|p2a: Eelektross
|-damage|p2a: Eelektross|0 fnt
|-damage|p1a: Delphox|23\/289|[from] item: Life Orb
|faint|p2a: Eelektross
|
|win|RUANDUUACCOUNT
|player|p1
|player|p2</script>
</div>
<div class="battle-log battle-log-inline"><div class="inner"><div class="battle-options"></div><div class="inner"><div class="chat"><small>RUANDUUACCOUNT joined.</small></div><div class="chat"><small>Alpha Justice joined.</small></div><div class=""><small>Format:</small> <br><strong>RU</strong></div><div class="rated"><strong>Rated battle</strong></div><div class=""><small><em>Sleep Clause Mod:</em> Limit one foe put to sleep</small></div><div class=""><small><em>Species Clause:</em> Limit one of each Pokémon</small></div><div class=""><small><em>OHKO Clause:</em> OHKO moves are banned</small></div><div class=""><small><em>Moody Clause:</em> Moody is banned</small></div><div class=""><small><em>Evasion Moves Clause:</em> Evasion moves are banned</small></div><div class=""><small><em>Endless Battle Clause:</em> Forcing endless battles is banned</small></div><div class=""><small><em>HP Percentage Mod:</em> HP is shown in percentages</small></div><div class=""><small><em>Swagger Clause:</em> Swagger is banned</small></div><div class=""><small><em>Baton Pass Clause:</em> Limit one Baton Passer, can't pass Spe and other stats simultaneously</small></div><div class="chat battle-history"><strong>RUANDUUACCOUNT's team:</strong> <em style="color:#445566;display:block;">Rotom / Weezing / Steelix / Delphox / Blastoise / Drapion</em></div><div class="chat battle-history"><strong>Alpha Justice's team:</strong> <em style="color:#445566;display:block;">Rhyperior / Slowking / Trevenant / Camerupt / Eelektross / Scrafty</em></div><div class="spacer battle-history"><br></div><div class="battle-history">Battle started between RUANDUUACCOUNT and Alpha Justice!<br></div><div class="spacer battle-history"><br></div><div class="battle-history">Go! <strong>Weezing</strong>!<br></div><div class="spacer battle-history"><br></div><div class="battle-history">Alpha Justice sent out <strong>Slowking</strong>!<br></div><div class="spacer battle-history"><br></div><h2 class="battle-history">Turn 1</h2><div class="spacer battle-history"><br></div><div class="battle-history">Weezing, come back!<br></div><div class="battle-history">Go! <strong>Blastoise</strong>!<br></div><div class="spacer battle-history"><br></div><div class="battle-history">The opposing Slowking used <strong>Trick Room</strong>!<br></div><div class="battle-history"><small>The opposing Slowking twisted the dimensions!</small><br></div><div class="spacer battle-history"><br></div><h2 class="battle-history">Turn 2</h2><div class="spacer battle-history"><br></div><div class="battle-history">The opposing Slowking used <strong>Calm Mind</strong>!<br></div><div class="battle-history"><small>The opposing Slowking's Special Attack rose!</small><br></div><div class="battle-history"><small>The opposing Slowking's Special Defense rose!</small><br></div><div class="spacer battle-history"><br></div><div class="battle-history">Blastoise used <strong>Toxic</strong>!<br></div><div class="battle-history"><small>The opposing Slowking was badly poisoned!</small><br></div><div class="spacer battle-history"><br></div><div class="battle-history"><small>The opposing Slowking was hurt by poison!</small><br></div><div class="spacer battle-history"><br></div><h2 class="battle-history">Turn 3</h2><div class="spacer battle-history"><br></div><div class="battle-history">The opposing Slowking used <strong>Calm Mind</strong>!<br></div><div class="battle-history"><small>The opposing Slowking's Special Attack rose!</small><br></div><div class="battle-history"><small>The opposing Slowking's Special Defense rose!</small><br></div><div class="spacer battle-history"><br></div><div class="battle-history">Blastoise used <strong>Scald</strong>!<br></div><div class="battle-history"><small>It's not very effective...</small><br></div><div class="battle-history"><small>(The opposing Slowking lost <abbr title="−18/394">4.6%</abbr> of its health!)</small><br></div><div class="spacer battle-history"><br></div><div class="battle-history"><small>The opposing Slowking was hurt by poison!</small><br></div><div class="spacer battle-history"><br></div><h2 class="battle-history">Turn 4</h2><div class="spacer battle-history"><br></div><div class="battle-history">Blastoise, come back!<br></div><div class="battle-history">Go! <strong>Drapion</strong>!<br></div><div class="spacer battle-history"><br></div><div class="battle-history">The opposing Slowking used <strong>Calm Mind</strong>!<br></div><div class="battle-history"><small>The opposing Slowking's Special Attack rose!</small><br></div><div class="battle-history"><small>The opposing Slowking's Special Defense rose!</small><br></div><div class="spacer battle-history"><br></div><div class="battle-history"><small>The opposing Slowking was hurt by poison!</small><br></div><div class="spacer battle-history"><br></div><h2 class="battle-history">Turn 5</h2><div class="spacer battle-history"><br></div><div class="battle-history">The opposing Slowking used <strong>Scald</strong>!<br></div><div class="battle-history"><small>(Drapion lost <abbr title="−281/281">100%</abbr> of its health!)</small><br></div><div class="spacer battle-history"><br></div><div class="battle-history">Drapion fainted!<br></div><div class="spacer battle-history"><br></div><div class="battle-history"><small>The opposing Slowking was hurt by poison!</small><br></div><div class="battle-history"><small>The twisted dimensions returned to normal!</small><br></div><div class="spacer battle-history"><br></div><div class="battle-history">Go! <strong>Rotom</strong>!<br></div><div class="spacer battle-history"><br></div><h2 class="battle-history">Turn 6</h2><div class="spacer battle-history"><br></div><div class="battle-history">Rotom used <strong>Hex</strong>!<br></div><div class="battle-history"><small>It's super effective!</small><br></div><div class="battle-history"><small>(The opposing Slowking lost <abbr title="−122/394">31.0%</abbr> of its health!)</small><br></div><div class="spacer battle-history"><br></div><div class="battle-history">The opposing Slowking used <strong>Rest</strong>!<br></div><div class="battle-history"><small>The opposing Slowking fell asleep!</small><br></div><div class="battle-history"><small>The opposing Slowking slept and became healthy!</small><br></div><div class="battle-history"><small>The opposing Slowking ate its Chesto Berry!</small><br></div><div class="battle-history"><small>The opposing Slowking woke up!</small><br></div><div class="spacer battle-history"><br></div><h2 class="battle-history">Turn 7</h2><div class="spacer battle-history"><br></div><div class="battle-history">Rotom used <strong>Will-O-Wisp</strong>!<br></div><div class="battle-history"><small>The opposing Slowking avoided the attack!</small><br></div><div class="spacer battle-history"><br></div><div class="battle-history">The opposing Slowking used <strong>Calm Mind</strong>!<br></div><div class="battle-history"><small>The opposing Slowking's Special Attack rose!</small><br></div><div class="battle-history"><small>The opposing Slowking's Special Defense rose!</small><br></div><div class="spacer battle-history"><br></div><h2 class="battle-history">Turn 8</h2><div class="chat"><small>GoldenNinjask joined.</small></div><div class="chat chatmessage-ruanduuaccount"><strong style="color:hsl(247,70%,64.28104170324298%)"><small>★</small><span class="username" data-name="RUANDUUACCOUNT">RUANDUUACCOUNT</span>:</strong> <em>stupid noob set</em></div><div class="chat"><small>GoldenNinjask left.</small></div><div class="chat chatmessage-alphajustice"><strong style="color:hsl(20,48%,43.041789337599994%)"><small>★</small><span class="username" data-name="Alpha Justice">Alpha Justice</span>:</strong> <em>LOL</em></div><div class="spacer battle-history"><br></div><div class="battle-history">Rotom used <strong>Will-O-Wisp</strong>!<br></div><div class="battle-history"><small>The opposing Slowking was burned!</small><br></div><div class="spacer battle-history"><br></div><div class="battle-history">The opposing Slowking used <strong>Scald</strong>!<br></div><div class="battle-history"><small>(Rotom lost <abbr title="−261/261">100%</abbr> of its health!)</small><br></div><div class="spacer battle-history"><br></div><div class="battle-history">Rotom fainted!<br></div><div class="spacer battle-history"><br></div><div class="battle-history"><small>The opposing Slowking was hurt by its burn!</small><br></div><div class="chat chatmessage-alphajustice"><strong style="color:hsl(20,48%,43.041789337599994%)"><small>★</small><span class="username" data-name="Alpha Justice">Alpha Justice</span>:</strong> <em>and you let me set it up :)</em></div><div class="spacer battle-history"><br></div><div class="battle-history">Go! <strong>Steelix</strong>!<br></div><div class="spacer battle-history"><br></div><h2 class="battle-history">Turn 9</h2><div class="spacer battle-history"><br></div><div class="battle-history">Steelix used <strong>Roar</strong>!<br></div><div class="spacer battle-history"><br></div><div class="battle-history"><strong>Camerupt</strong> was dragged out!<br></div><div class="spacer battle-history"><br></div><h2 class="battle-history">Turn 10</h2><div class="chat chatmessage-ruanduuaccount"><strong style="color:hsl(247,70%,64.28104170324298%)"><small>★</small><span class="username" data-name="RUANDUUACCOUNT">RUANDUUACCOUNT</span>:</strong> <em>no</em></div><div class="chat chatmessage-alphajustice"><strong style="color:hsl(20,48%,43.041789337599994%)"><small>★</small><span class="username" data-name="Alpha Justice">Alpha Justice</span>:</strong> <em>yes</em></div><div class="spacer battle-history"><br></div><div class="battle-history">Alpha Justice withdrew Camerupt!<br></div><div class="battle-history">Alpha Justice sent out <strong>Scrafty</strong>!<br></div><div class="spacer battle-history"><br></div><div class="battle-history">Steelix, come back!<br></div><div class="battle-history">Go! <strong>Blastoise</strong>!<br></div><div class="spacer battle-history"><br></div><h2 class="battle-history">Turn 11</h2><div class="spacer battle-history"><br></div><div class="battle-history">Blastoise, come back!<br></div><div class="battle-history">Go! <strong>Weezing</strong>!<br></div><div class="spacer battle-history"><br></div><div class="battle-history">The opposing Scrafty used <strong>Fake Out</strong>!<br></div><div class="battle-history"><small>(Weezing lost <abbr title="−42/333">12.6%</abbr> of its health!)</small><br></div><div class="battle-history"><small>The opposing Scrafty was hurt by the Rocky Helmet!</small><br></div><div class="battle-history"><small>The opposing Scrafty lost some of its HP!</small><br></div><div class="spacer battle-history"><br></div><h2 class="battle-history">Turn 12</h2><div class="spacer battle-history"><br></div><div class="battle-history">Weezing used <strong>Toxic Spikes</strong>!<br></div><div class="battle-history"><small>Poison spikes were scattered on the ground all around the opposing team!</small><br></div><div class="spacer battle-history"><br></div><div class="battle-history">The opposing Scrafty used <strong>Drain Punch</strong>!<br></div><div class="battle-history"><small>It's not very effective...</small><br></div><div class="battle-history"><small>(Weezing lost <abbr title="−62/333">18.6%</abbr> of its health!)</small><br></div><div class="battle-history"><small>Weezing had its energy drained!</small><br></div><div class="battle-history"><small>The opposing Scrafty was hurt by the Rocky Helmet!</small><br></div><div class="battle-history"><small>The opposing Scrafty lost some of its HP!</small><br></div><div class="spacer battle-history"><br></div><h2 class="battle-history">Turn 13</h2><div class="spacer battle-history"><br></div><div class="battle-history">Alpha Justice withdrew Scrafty!<br></div><div class="battle-history">Alpha Justice sent out <strong>Rhyperior</strong>!<br></div><div class="battle-history"><small>The opposing Rhyperior was poisoned!</small><br></div><div class="spacer battle-history"><br></div><div class="battle-history">Weezing used <strong>Toxic Spikes</strong>!<br></div><div class="battle-history"><small>Poison spikes were scattered on the ground all around the opposing team!</small><br></div><div class="spacer battle-history"><br></div><div class="battle-history"><small>The opposing Rhyperior was hurt by poison!</small><br></div><div class="spacer battle-history"><br></div><h2 class="battle-history">Turn 14</h2><div class="spacer battle-history"><br></div><div class="battle-history">Weezing, come back!<br></div><div class="battle-history">Go! <strong>Blastoise</strong>!<br></div><div class="spacer battle-history"><br></div><div class="battle-history">The opposing Rhyperior used <strong>Rock Slide</strong>!<br></div><div class="battle-history"><small>(Blastoise lost <abbr title="−109/361">30.2%</abbr> of its health!)</small><br></div><div class="spacer battle-history"><br></div><div class="battle-history"><small>Blastoise restored a little HP using its Leftovers!</small><br></div><div class="battle-history"><small>The opposing Rhyperior was hurt by poison!</small><br></div><div class="spacer battle-history"><br></div><h2 class="battle-history">Turn 15</h2><div class="chat chatmessage-ruanduuaccount"><strong style="color:hsl(247,70%,64.28104170324298%)"><small>★</small><span class="username" data-name="RUANDUUACCOUNT">RUANDUUACCOUNT</span>:</strong> <em>lol rock slide</em></div><div class="chat chatmessage-alphajustice"><strong style="color:hsl(20,48%,43.041789337599994%)"><small>★</small><span class="username" data-name="Alpha Justice">Alpha Justice</span>:</strong> <em>yes rock slide</em></div><div class="chat chatmessage-alphajustice"><strong style="color:hsl(20,48%,43.041789337599994%)"><small>★</small><span class="username" data-name="Alpha Justice">Alpha Justice</span>:</strong> <em>is there a problem?</em></div><div class="spacer battle-history"><br></div><div class="battle-history">Alpha Justice withdrew Rhyperior!<br></div><div class="battle-history">Alpha Justice sent out <strong>Slowking</strong>!<br></div><div class="spacer battle-history"><br></div><div class="battle-history">Blastoise used <strong>Scald</strong>!<br></div><div class="battle-history"><small>It's not very effective...</small><br></div><div class="battle-history"><small>(The opposing Slowking lost <abbr title="−36/394">9.1%</abbr> of its health!)</small><br></div><div class="spacer battle-history"><br></div><div class="battle-history"><small>Blastoise restored a little HP using its Leftovers!</small><br></div><div class="battle-history"><small>The opposing Slowking was hurt by its burn!</small><br></div><div class="spacer battle-history"><br></div><h2 class="battle-history">Turn 16</h2><div class="spacer battle-history"><br></div><div class="battle-history">Blastoise, come back!<br></div><div class="battle-history">Go! <strong>Weezing</strong>!<br></div><div class="spacer battle-history"><br></div><div class="battle-history">The opposing Slowking used <strong>Calm Mind</strong>!<br></div><div class="battle-history"><small>The opposing Slowking's Special Attack rose!</small><br></div><div class="battle-history"><small>The opposing Slowking's Special Defense rose!</small><br></div><div class="spacer battle-history"><br></div><div class="battle-history"><small>The opposing Slowking was hurt by its burn!</small><br></div><div class="spacer battle-history"><br></div><h2 class="battle-history">Turn 17</h2><div class="spacer battle-history"><br></div><div class="battle-history">Weezing used <strong>Taunt</strong>!<br></div><div class="battle-history"><small>The opposing Slowking fell for the taunt!</small><br></div><div class="spacer battle-history"><br></div><div class="battle-history">The opposing Slowking used <strong>Scald</strong>!<br></div><div class="battle-history"><small>(Weezing lost <abbr title="−151/333">45.3%</abbr> of its health!)</small><br></div><div class="battle-history"><small>Weezing was burned!</small><br></div><div class="spacer battle-history"><br></div><div class="battle-history"><small>Weezing was hurt by its burn!</small><br></div><div class="battle-history"><small>The opposing Slowking was hurt by its burn!</small><br></div><div class="spacer battle-history"><br></div><h2 class="battle-history">Turn 18</h2><div class="spacer battle-history"><br></div><div class="battle-history">Weezing, come back!<br></div><div class="battle-history">Go! <strong>Blastoise</strong>!<br></div><div class="spacer battle-history"><br></div><div class="battle-history">The opposing Slowking used <strong>Scald</strong>!<br></div><div class="battle-history"><small>It's not very effective...</small><br></div><div class="battle-history"><small>(Blastoise lost <abbr title="−51/361">14.1%</abbr> of its health!)</small><br></div><div class="battle-history"><small>Blastoise was burned!</small><br></div><div class="spacer battle-history"><br></div><div class="battle-history"><small>Blastoise restored a little HP using its Leftovers!</small><br></div><div class="battle-history"><small>Blastoise was hurt by its burn!</small><br></div><div class="battle-history"><small>The opposing Slowking was hurt by its burn!</small><br></div><div class="spacer battle-history"><br></div><h2 class="battle-history">Turn 19</h2><div class="spacer battle-history"><br></div><div class="battle-history">Blastoise used <strong>Refresh</strong>!<br></div><div class="battle-history"><small>Blastoise's burn was healed.</small><br></div><div class="spacer battle-history"><br></div><div class="battle-history">The opposing Slowking used <strong>Scald</strong>!<br></div><div class="battle-history"><small>It's not very effective...</small><br></div><div class="battle-history"><small>(Blastoise lost <abbr title="−49/361">13.6%</abbr> of its health!)</small><br></div><div class="spacer battle-history"><br></div><div class="battle-history"><small>Blastoise restored a little HP using its Leftovers!</small><br></div><div class="battle-history"><small>The opposing Slowking was hurt by its burn!</small><br></div><div class="battle-history"><small>The opposing Slowking's taunt wore off!</small><br></div><div class="spacer battle-history"><br></div><h2 class="battle-history">Turn 20</h2><div class="spacer battle-history"><br></div><div class="battle-history">Blastoise, come back!<br></div><div class="battle-history">Go! <strong>Steelix</strong>!<br></div><div class="spacer battle-history"><br></div><div class="battle-history">The opposing Slowking used <strong>Rest</strong>!<br></div><div class="battle-history"><small>The opposing Slowking fell asleep!</small><br></div><div class="battle-history"><small>The opposing Slowking slept and became healthy!</small><br></div><div class="spacer battle-history"><br></div><h2 class="battle-history">Turn 21</h2><div class="spacer battle-history"><br></div><div class="battle-history">Alpha Justice withdrew Slowking!<br></div><div class="battle-history">Alpha Justice sent out <strong>Scrafty</strong>!<br></div><div class="battle-history"><small>The opposing Scrafty was badly poisoned!</small><br></div><div class="spacer battle-history"><br></div><div class="battle-history">Steelix used <strong>Roar</strong>!<br></div><div class="spacer battle-history"><br></div><div class="battle-history"><strong>Trevenant</strong> was dragged out!<br></div><div class="battle-history"><small>The opposing Trevenant was badly poisoned!</small><br></div><div class="spacer battle-history"><br></div><div class="battle-history"><small>The opposing Trevenant was hurt by poison!</small><br></div><div class="spacer battle-history"><br></div><h2 class="battle-history">Turn 22</h2><div class="spacer battle-history"><br></div><div class="battle-history">Steelix, come back!<br></div><div class="battle-history">Go! <strong>Weezing</strong>!<br></div><div class="spacer battle-history"><br></div><div class="battle-history">The opposing Trevenant used <strong>Trick Room</strong>!<br></div><div class="battle-history"><small>The opposing Trevenant twisted the dimensions!</small><br></div><div class="spacer battle-history"><br></div><div class="battle-history"><small>The opposing Trevenant was hurt by poison!</small><br></div><div class="battle-history"><small>Weezing was hurt by its burn!</small><br></div><div class="spacer battle-history"><br></div><div class="battle-history">Weezing fainted!<br></div><div class="spacer battle-history"><br></div><div class="battle-history">Go! <strong>Steelix</strong>!<br></div><div class="spacer battle-history"><br></div><h2 class="battle-history">Turn 23</h2><div class="spacer battle-history"><br></div><div class="battle-history">Steelix used <strong>Heavy Slam</strong>!<br></div><div class="battle-history"><small>(The opposing Trevenant lost <abbr title="−159/374">42.5%</abbr> of its health!)</small><br></div><div class="battle-history"><small>The opposing Trevenant ate its Sitrus Berry!</small><br></div><div class="battle-history"><small>The opposing Trevenant restored HP using its Sitrus Berry!</small><br></div><div class="spacer battle-history"><br></div><div class="battle-history">The opposing Trevenant used <strong>Horn Leech</strong>!<br></div><div class="battle-history"><small>(Steelix lost <abbr title="−73/353">20.7%</abbr> of its health!)</small><br></div><div class="battle-history"><small>Steelix had its energy drained!</small><br></div><div class="spacer battle-history"><br></div><div class="battle-history"><small>Steelix restored a little HP using its Leftovers!</small><br></div><div class="battle-history"><small>The opposing Trevenant was hurt by poison!</small><br></div><div class="battle-history"><small>[The opposing Trevenant's Harvest]</small><br><small>The opposing Trevenant harvested one Sitrus Berry!</small><br></div><div class="spacer battle-history"><br></div><h2 class="battle-history">Turn 24</h2><div class="spacer battle-history"><br></div><div class="battle-history">Steelix used <strong>Stealth Rock</strong>!<br></div><div class="battle-history"><small>Pointed stones float in the air around the opposing team!</small><br></div><div class="spacer battle-history"><br></div><div class="battle-history">The opposing Trevenant used <strong>Substitute</strong>!<br></div><div class="battle-history"><small>The opposing Trevenant put in a substitute!</small><br></div><div class="battle-history"><small>(The opposing Trevenant lost <abbr title="−93/374">24.9%</abbr> of its health!)</small><br></div><div class="battle-history"><small>The opposing Trevenant ate its Sitrus Berry!</small><br></div><div class="battle-history"><small>The opposing Trevenant restored HP using its Sitrus Berry!</small><br></div><div class="spacer battle-history"><br></div><div class="battle-history"><small>Steelix restored a little HP using its Leftovers!</small><br></div><div class="battle-history"><small>The opposing Trevenant was hurt by poison!</small><br></div><div class="spacer battle-history"><br></div><h2 class="battle-history">Turn 25</h2><div class="spacer battle-history"><br></div><div class="battle-history">Steelix used <strong>Heavy Slam</strong>!<br></div><div class="battle-history"><small>The opposing Trevenant's substitute faded!</small><br></div><div class="spacer battle-history"><br></div><div class="battle-history">The opposing Trevenant used <strong>Leech Seed</strong>!<br></div><div class="battle-history"><small>Steelix was seeded!</small><br></div><div class="spacer battle-history"><br></div><div class="battle-history"><small>Steelix restored a little HP using its Leftovers!</small><br></div><div class="battle-history"><small>Steelix's health is sapped by Leech Seed!</small><br></div><div class="battle-history"><small>The opposing Trevenant was hurt by poison!</small><br></div><div class="battle-history"><small>[The opposing Trevenant's Harvest]</small><br><small>The opposing Trevenant harvested one Sitrus Berry!</small><br></div><div class="spacer battle-history"><br></div><div class="battle-history"><small>The opposing Trevenant ate its Sitrus Berry!</small><br></div><div class="battle-history"><small>The opposing Trevenant restored HP using its Sitrus Berry!</small><br></div><div class="spacer battle-history"><br></div><h2 class="battle-history">Turn 26</h2><div class="spacer battle-history"><br></div><div class="battle-history">Steelix used <strong>Heavy Slam</strong>!<br></div><div class="battle-history"><small>(The opposing Trevenant lost <abbr title="−137/374">36.6%</abbr> of its health!)</small><br></div><div class="spacer battle-history"><br></div><div class="battle-history">The opposing Trevenant fainted!<br></div><div class="spacer battle-history"><br></div><div class="battle-history"><small>Steelix restored a little HP using its Leftovers!</small><br></div><div class="battle-history"><small>The twisted dimensions returned to normal!</small><br></div><div class="spacer battle-history"><br></div><div class="battle-history">Alpha Justice sent out <strong>Slowking</strong>!<br></div><div class="battle-history"><small>Pointed stones dug into the opposing Slowking!</small><br></div><div class="spacer battle-history"><br></div><h2 class="battle-history">Turn 27</h2><div class="spacer battle-history"><br></div><div class="battle-history">Steelix, come back!<br></div><div class="battle-history">Go! <strong>Delphox</strong>!<br></div><div class="spacer battle-history"><br></div><div class="battle-history">The opposing Slowking is fast asleep.<br></div><div class="spacer battle-history"><br></div><h2 class="battle-history">Turn 28</h2><div class="spacer battle-history"><br></div><div class="battle-history">Delphox used <strong>Calm Mind</strong>!<br></div><div class="battle-history"><small>Delphox's Special Attack rose!</small><br></div><div class="battle-history"><small>Delphox's Special Defense rose!</small><br></div><div class="spacer battle-history"><br></div><div class="battle-history">The opposing Slowking is fast asleep.<br></div><div class="spacer battle-history"><br></div><h2 class="battle-history">Turn 29</h2><div class="spacer battle-history"><br></div><div class="battle-history">Delphox used <strong>Grass Knot</strong>!<br></div><div class="battle-history"><small>It's super effective!</small><br></div><div class="battle-history"><small>(The opposing Slowking lost <abbr title="−296/394">75.1%</abbr> of its health!)</small><br></div><div class="battle-history"><small>Delphox lost some of its HP!</small><br></div><div class="battle-history"><small>The opposing Slowking woke up!</small><br></div><div class="spacer battle-history"><br></div><div class="battle-history">The opposing Slowking used <strong>Calm Mind</strong>!<br></div><div class="battle-history"><small>The opposing Slowking's Special Attack rose!</small><br></div><div class="battle-history"><small>The opposing Slowking's Special Defense rose!</small><br></div><div class="spacer battle-history"><br></div><h2 class="battle-history">Turn 30</h2><div class="spacer battle-history"><br></div><div class="battle-history">Alpha Justice withdrew Slowking!<br></div><div class="battle-history">Alpha Justice sent out <strong>Eelektross</strong>!<br></div><div class="battle-history"><small>Pointed stones dug into the opposing Eelektross!</small><br></div><div class="spacer battle-history"><br></div><div class="battle-history">Delphox used <strong>Grass Knot</strong>!<br></div><div class="battle-history"><small>(The opposing Eelektross lost <abbr title="−213/374">57.0%</abbr> of its health!)</small><br></div><div class="battle-history"><small>Delphox lost some of its HP!</small><br></div><div class="spacer battle-history"><br></div><h2 class="battle-history">Turn 31</h2><div class="spacer battle-history"><br></div><div class="battle-history">Alpha Justice withdrew Eelektross!<br></div><div class="battle-history">Alpha Justice sent out <strong>Camerupt</strong>!<br></div><div class="battle-history"><small>The opposing Camerupt was badly poisoned!</small><br></div><div class="battle-history"><small>Pointed stones dug into the opposing Camerupt!</small><br></div><div class="spacer battle-history"><br></div><div class="battle-history">Delphox used <strong>Psychic</strong>!<br></div><div class="battle-history"><small>(The opposing Camerupt lost <abbr title="−301/344">87.5%</abbr> of its health!)</small><br></div><div class="battle-history"><small>Delphox lost some of its HP!</small><br></div><div class="spacer battle-history"><br></div><div class="battle-history">The opposing Camerupt fainted!<br></div><div class="spacer battle-history"><br></div><div class="battle-history">Alpha Justice sent out <strong>Slowking</strong>!<br></div><div class="battle-history"><small>Pointed stones dug into the opposing Slowking!</small><br></div><div class="battle-history"><small>The opposing Slowking was badly poisoned!</small><br></div><div class="spacer battle-history"><br></div><h2 class="battle-history">Turn 32</h2><div class="spacer battle-history"><br></div><div class="battle-history">Delphox used <strong>Grass Knot</strong>!<br></div><div class="battle-history"><small>It's super effective!</small><br></div><div class="battle-history"><small>(The opposing Slowking lost <abbr title="−131/394">33.2%</abbr> of its health!)</small><br></div><div class="battle-history"><small>Delphox lost some of its HP!</small><br></div><div class="spacer battle-history"><br></div><div class="battle-history">The opposing Slowking fainted!<br></div><div class="spacer battle-history"><br></div><div class="battle-history">Alpha Justice sent out <strong>Scrafty</strong>!<br></div><div class="battle-history"><small>Pointed stones dug into the opposing Scrafty!</small><br></div><div class="spacer battle-history"><br></div><h2 class="battle-history">Turn 33</h2><div class="spacer battle-history"><br></div><div class="battle-history">The opposing Scrafty used <strong>Fake Out</strong>!<br></div><div class="battle-history"><small>(Delphox lost <abbr title="−70/289">24.2%</abbr> of its health!)</small><br></div><div class="battle-history"><small>The opposing Scrafty lost some of its HP!</small><br></div><div class="spacer battle-history"><br></div><div class="battle-history">Delphox flinched and couldn't move!<br></div><div class="spacer battle-history"><br></div><div class="battle-history"><small>The opposing Scrafty was hurt by poison!</small><br></div><div class="spacer battle-history"><br></div><h2 class="battle-history">Turn 34</h2><div class="spacer battle-history"><br></div><div class="battle-history">Delphox used <strong>Fire Blast</strong>!<br></div><div class="battle-history"><small>(The opposing Scrafty lost <abbr title="−116/334">34.7%</abbr> of its health!)</small><br></div><div class="battle-history"><small>Delphox lost some of its HP!</small><br></div><div class="spacer battle-history"><br></div><div class="battle-history">The opposing Scrafty fainted!<br></div><div class="spacer battle-history"><br></div><div class="battle-history">Alpha Justice sent out <strong>Rhyperior</strong>!<br></div><div class="battle-history"><small>Pointed stones dug into the opposing Rhyperior!</small><br></div><div class="spacer battle-history"><br></div><h2 class="battle-history">Turn 35</h2><div class="spacer battle-history"><br></div><div class="battle-history">Delphox used <strong>Grass Knot</strong>!<br></div><div class="battle-history"><small>It's super effective!</small><br></div><div class="battle-history"><small>(The opposing Rhyperior lost <abbr title="−299/434">68.9%</abbr> of its health!)</small><br></div><div class="battle-history"><small>Delphox lost some of its HP!</small><br></div><div class="spacer battle-history"><br></div><div class="battle-history">The opposing Rhyperior fainted!<br></div><div class="spacer battle-history"><br></div><div class="battle-history">Alpha Justice sent out <strong>Eelektross</strong>!<br></div><div class="battle-history"><small>Pointed stones dug into the opposing Eelektross!</small><br></div><div class="spacer battle-history"><br></div><h2 class="battle-history">Turn 36</h2><div class="spacer battle-history"><br></div><div class="battle-history">Delphox used <strong>Psychic</strong>!<br></div><div class="battle-history"><small>A critical hit!</small><br></div><div class="battle-history"><small>(The opposing Eelektross lost <abbr title="−69/374">18.4%</abbr> of its health!)</small><br></div><div class="battle-history"><small>Delphox lost some of its HP!</small><br></div><div class="spacer battle-history"><br></div><div class="battle-history">The opposing Eelektross fainted!<br></div><div class="spacer battle-history"><br></div><div class="battle-history"><strong>RUANDUUACCOUNT</strong> won the battle!<br></div></div><div class="inner-preempt"></div></div></div>
</div>
<script>
let daily = Math.floor(Date.now()/1000/60/60/24);document.write('<script src="https://play.pokemonshowdown.com/js/replay-embed.js?version'+daily+'"></'+'script>');
</script>
