<!DOCTYPE html>
<meta charset="utf-8" />
<!-- version 1 -->
<title>PU replay: Based Loser vs. Dibs The Dreamer</title>
<style>
html,body {font-family:Verdana, sans-serif;font-size:10pt;margin:0;padding:0;}body{padding:12px 0;} .battle-log {font-family:Verdana, sans-serif;font-size:10pt;} .battle-log-inline {border:1px solid #AAAAAA;background:#EEF2F5;color:black;max-width:640px;margin:0 auto 80px;padding-bottom:5px;} .battle-log .inner {padding:4px 8px 0px 8px;} .battle-log .inner-preempt {padding:0 8px 4px 8px;} .battle-log .inner-after {margin-top:0.5em;} .battle-log h2 {margin:0.5em -8px;padding:4px 8px;border:1px solid #AAAAAA;background:#E0E7EA;border-left:0;border-right:0;font-family:Verdana, sans-serif;font-size:13pt;} .battle-log .chat {vertical-align:middle;padding:3px 0 3px 0;font-size:8pt;} .battle-log .chat strong {color:#40576A;} .battle-log .chat em {padding:1px 4px 1px 3px;color:#000000;font-style:normal;} .chat.mine {background:rgba(0,0,0,0.05);margin-left:-8px;margin-right:-8px;padding-left:8px;padding-right:8px;} .spoiler {color:#BBBBBB;background:#BBBBBB;padding:0px 3px;} .spoiler:hover, .spoiler:active, .spoiler-shown {color:#000000;background:#E2E2E2;padding:0px 3px;} .spoiler a {color:#BBBBBB;} .spoiler:hover a, .spoiler:active a, .spoiler-shown a {color:#2288CC;} .chat code, .chat .spoiler:hover code, .chat .spoiler:active code, .chat .spoiler-shown code {border:1px solid #C0C0C0;background:#EEEEEE;color:black;padding:0 2px;} .chat .spoiler code {border:1px solid #CCCCCC;background:#CCCCCC;color:#CCCCCC;} .battle-log .rated {padding:3px 4px;} .battle-log .rated strong {color:white;background:#89A;padding:1px 4px;border-radius:4px;} .spacer {margin-top:0.5em;} .message-announce {background:#6688AA;color:white;padding:1px 4px 2px;} .message-announce a, .broadcast-green a, .broadcast-blue a, .broadcast-red a {color:#DDEEFF;} .broadcast-green {background-color:#559955;color:white;padding:2px 4px;} .broadcast-blue {background-color:#6688AA;color:white;padding:2px 4px;} .infobox {border:1px solid #6688AA;padding:2px 4px;} .infobox-limited {max-height:200px;overflow:auto;overflow-x:hidden;} .broadcast-red {background-color:#AA5544;color:white;padding:2px 4px;} .message-learn-canlearn {font-weight:bold;color:#228822;text-decoration:underline;} .message-learn-cannotlearn {font-weight:bold;color:#CC2222;text-decoration:underline;} .message-effect-weak {font-weight:bold;color:#CC2222;} .message-effect-resist {font-weight:bold;color:#6688AA;} .message-effect-immune {font-weight:bold;color:#666666;} .message-learn-list {margin-top:0;margin-bottom:0;} .message-throttle-notice, .message-error {color:#992222;} .message-overflow, .chat small.message-overflow {font-size:0pt;} .message-overflow::before {font-size:9pt;content:'...';} .subtle {color:#3A4A66;}
</style>
<div class="wrapper replay-wrapper" style="max-width:1180px;margin:0 auto">
<input type="hidden" name="replayid" value="pu-560161345" />
<div class="battle"></div><div class="battle-log"></div><div class="replay-controls"></div><div class="replay-controls-2"></div>
<h1 style="font-weight:normal;text-align:center"><strong>PU</strong><br /><a href="http://pokemonshowdown.com/users/basedloser" class="subtle" target="_blank">Based Loser</a> vs. <a href="http://pokemonshowdown.com/users/dibsthedreamer" class="subtle" target="_blank">Dibs The Dreamer</a></h1>
<script type="text/plain" class="battle-log-data">|j|Based Loser
|j|Dibs The Dreamer
|player|p1|Based Loser|168
|player|p2|Dibs The Dreamer|22
|gametype|singles
|gen|6
|tier|PU
|seed|36192,25940,57679,17437
|rule|Sleep Clause Mod: Limit one foe put to sleep
|rule|Species Clause: Limit one of each Pokémon
|rule|OHKO Clause: OHKO moves are banned
|rule|Moody Clause: Moody is banned
|rule|Evasion Moves Clause: Evasion moves are banned
|rule|Endless Battle Clause: Forcing endless battles is banned
|rule|HP Percentage Mod: HP is shown in percentages
|clearpoke
|poke|p1|Monferno, F|item
|poke|p1|Grumpig, F|item
|poke|p1|Rotom-Frost|item
|poke|p1|Gourgeist-*, F|item
|poke|p1|Golem, M|item
|poke|p1|Lumineon, M|item
|poke|p2|Beedrill, F|item
|poke|p2|Natu, F|item
|poke|p2|Cherrim, M|item
|poke|p2|Butterfree, F|item
|poke|p2|Prinplup, M|item
|poke|p2|Mawile, M|item
|rule|Swagger Clause: Swagger is banned
|rule|Baton Pass Clause: Limit one Baton Passer, can't pass Spe and other stats simultaneously
|teampreview
|c|☆Dibs The Dreamer|Gl :^)
|choice|team 3, team 2, team 1, team 4, team 5, team 6|team 1, team 2, team 3, team 4, team 5, team 6
|
|start
|switch|p1a: Rotom|Rotom-Frost|241\/241
|switch|p2a: Beedrill|Beedrill, F|271\/271
|turn|1
|c|☆Based Loser|hf man
|choice|move voltswitch|move toxicspikes
|
|move|p1a: Rotom|Volt Switch|p2a: Beedrill
|-damage|p2a: Beedrill|142\/271
|choice|switch 5|
|
|switch|p1a: Golem|Golem, M|301\/301
|move|p2a: Beedrill|Toxic Spikes|p1a: Golem
|-sidestart|p1: Based Loser|move: Toxic Spikes
|
|upkeep
|turn|2
|choice|move stealthrock|move knockoff
|
|move|p2a: Beedrill|Knock Off|p1a: Golem
|-damage|p1a: Golem|229\/301
|-enditem|p1a: Golem|Weakness Policy|[from] move: Knock Off|[of] p2a: Beedrill
|move|p1a: Golem|Stealth Rock|p2a: Beedrill
|-sidestart|p2: Dibs The Dreamer|move: Stealth Rock
|
|upkeep
|turn|3
|choice|move rockblast|switch 5
|
|switch|p2a: Prinplup|Prinplup, M|332\/332
|-damage|p2a: Prinplup|291\/332|[from] Stealth Rock
|move|p1a: Golem|Rock Blast|p2a: Prinplup
|-damage|p2a: Prinplup|263\/332
|-damage|p2a: Prinplup|232\/332
|-damage|p2a: Prinplup|201\/332
|-crit|p2a: Prinplup
|-damage|p2a: Prinplup|159\/332
|-hitcount|p2a: Prinplup|4
|
|upkeep
|turn|4
|choice|switch 5|move scald
|
|switch|p1a: Rotom|Rotom-Frost|241\/241
|move|p2a: Prinplup|Scald|p1a: Rotom
|-damage|p1a: Rotom|162\/241
|-status|p1a: Rotom|brn
|
|-damage|p1a: Rotom|132\/241 brn|[from] brn
|upkeep
|turn|5
|choice|move voltswitch|switch 3
|
|switch|p2a: Cherrim|Cherrim, M|281\/281
|-damage|p2a: Cherrim|246\/281|[from] Stealth Rock
|move|p1a: Rotom|Volt Switch|p2a: Cherrim
|-resisted|p2a: Cherrim
|-damage|p2a: Cherrim|175\/281
|choice|switch 3|
|
|switch|p1a: Monferno|Monferno, F|269\/269
|-status|p1a: Monferno|psn
|
|-damage|p1a: Monferno|236\/269 psn|[from] psn
|upkeep
|turn|6
|choice|move firepunch|move healingwish
|
|move|p2a: Cherrim|Healing Wish|p2a: Cherrim
|faint|p2a: Cherrim
|move|p1a: Monferno|Fire Punch|p2: Cherrim|[notarget]
|-notarget
|
|-damage|p1a: Monferno|203\/269 psn|[from] psn
|upkeep
|choice||switch 3
|
|switch|p2a: Prinplup|Prinplup, M|159\/332
|-heal|p2a: Prinplup|332\/332|[from] move: Healing Wish
|-damage|p2a: Prinplup|291\/332|[from] Stealth Rock
|turn|7
|choice|switch 6|move scald
|
|switch|p1a: Lumineon|Lumineon, M|331\/331
|-status|p1a: Lumineon|psn
|move|p2a: Prinplup|Scald|p1a: Lumineon
|-ability|p1a: Lumineon|Storm Drain|boost
|-boost|p1a: Lumineon|spa|1
|
|-damage|p1a: Lumineon|290\/331 psn|[from] psn
|upkeep
|turn|8
|choice|move defog|move defog
|
|move|p1a: Lumineon|Defog|p2a: Prinplup
|-unboost|p2a: Prinplup|evasion|1
|-sideend|p2: Dibs The Dreamer|Stealth Rock|[from] move: Defog|[of] p2a: Prinplup
|-sideend|p1: Based Loser|Toxic Spikes|[from] move: Defog|[of] p1a: Lumineon
|move|p2a: Prinplup|Defog|p1a: Lumineon
|-unboost|p1a: Lumineon|evasion|1
|
|-heal|p1a: Lumineon|310\/331 psn|[from] item: Leftovers
|-damage|p1a: Lumineon|269\/331 psn|[from] psn
|upkeep
|turn|9
|choice|move toxic|move yawn
|
|move|p1a: Lumineon|Toxic|p2a: Prinplup
|-status|p2a: Prinplup|tox
|move|p2a: Prinplup|Yawn|p1a: Lumineon
|-fail|p1a: Lumineon
|
|-heal|p1a: Lumineon|289\/331 psn|[from] item: Leftovers
|-damage|p1a: Lumineon|248\/331 psn|[from] psn
|-damage|p2a: Prinplup|271\/332 tox|[from] psn
|upkeep
|turn|10
|choice|move uturn|move scald
|
|move|p1a: Lumineon|U-turn|p2a: Prinplup
|-damage|p2a: Prinplup|244\/332 tox
|choice|switch 3|
|
|switch|p1a: Rotom|Rotom-Frost|132\/241 brn
|move|p2a: Prinplup|Scald|p1a: Rotom
|-damage|p1a: Rotom|51\/241 brn
|
|-damage|p1a: Rotom|21\/241 brn|[from] brn
|-damage|p2a: Prinplup|204\/332 tox|[from] psn
|upkeep
|turn|11
|choice|move thunderbolt|switch 5
|
|switch|p2a: Beedrill|Beedrill, F|142\/271
|move|p1a: Rotom|Thunderbolt|p2a: Beedrill
|-damage|p2a: Beedrill|0 fnt
|faint|p2a: Beedrill
|
|-damage|p1a: Rotom|0 fnt|[from] brn
|upkeep
|faint|p1a: Rotom
|choice|switch 3|switch 5
|
|switch|p1a: Lumineon|Lumineon, M|248\/331 psn
|switch|p2a: Prinplup|Prinplup, M|204\/332 tox
|turn|12
|choice|move scald|switch 6
|
|switch|p2a: Mawile|Mawile, M|296\/296
|-ability|p2a: Mawile|Intimidate|boost
|-unboost|p1a: Lumineon|atk|1
|move|p1a: Lumineon|Scald|p2a: Mawile
|-damage|p2a: Mawile|200\/296
|-status|p2a: Mawile|brn
|
|-heal|p1a: Lumineon|268\/331 psn|[from] item: Leftovers
|-damage|p1a: Lumineon|227\/331 psn|[from] psn
|-damage|p2a: Mawile|163\/296 brn|[from] brn
|upkeep
|turn|13
|choice|move scald|move batonpass
|
|move|p1a: Lumineon|Scald|p2a: Mawile
|-damage|p2a: Mawile|63\/296 brn
|move|p2a: Mawile|Baton Pass|p2a: Mawile
|choice||switch 4
|
|switch|p2a: Butterfree|Butterfree, F|261\/261
|
|-heal|p1a: Lumineon|247\/331 psn|[from] item: Leftovers
|-damage|p1a: Lumineon|206\/331 psn|[from] psn
|upkeep
|turn|14
|choice|move toxic|move substitute
|
|move|p2a: Butterfree|Substitute|p2a: Butterfree
|-start|p2a: Butterfree|Substitute
|-damage|p2a: Butterfree|196\/261
|move|p1a: Lumineon|Toxic|p2a: Butterfree|[miss]
|-miss|p1a: Lumineon|p2a: Butterfree
|
|-heal|p2a: Butterfree|212\/261|[from] item: Leftovers
|-heal|p1a: Lumineon|226\/331 psn|[from] item: Leftovers
|-damage|p1a: Lumineon|185\/331 psn|[from] psn
|upkeep
|turn|15
|choice|move scald|move quiverdance
|
|move|p2a: Butterfree|Quiver Dance|p2a: Butterfree
|-boost|p2a: Butterfree|spa|1
|-boost|p2a: Butterfree|spd|1
|-boost|p2a: Butterfree|spe|1
|move|p1a: Lumineon|Scald|p2a: Butterfree
|-activate|p2a: Butterfree|move: Substitute|[damage]
|
|-heal|p2a: Butterfree|228\/261|[from] item: Leftovers
|-heal|p1a: Lumineon|205\/331 psn|[from] item: Leftovers
|-damage|p1a: Lumineon|164\/331 psn|[from] psn
|upkeep
|turn|16
|choice|move scald|move bugbuzz
|
|move|p2a: Butterfree|Bug Buzz|p1a: Lumineon
|-damage|p1a: Lumineon|0 fnt
|faint|p1a: Lumineon
|
|-heal|p2a: Butterfree|244\/261|[from] item: Leftovers
|upkeep
|choice|switch 5|
|
|switch|p1a: Golem|Golem, M|229\/301
|turn|17
|c|☆Based Loser|gg
|c|☆Based Loser|run it back
|choice|move rockblast|switch 4
|
|switch|p2a: Mawile|Mawile, M|63\/296 brn
|-ability|p2a: Mawile|Intimidate|boost
|-unboost|p1a: Golem|atk|1
|move|p1a: Golem|Rock Blast|p2a: Mawile
|-resisted|p2a: Mawile
|-damage|p2a: Mawile|51\/296 brn
|-resisted|p2a: Mawile
|-crit|p2a: Mawile
|-damage|p2a: Mawile|25\/296 brn
|-resisted|p2a: Mawile
|-damage|p2a: Mawile|13\/296 brn
|-hitcount|p2a: Mawile|3
|
|-damage|p2a: Mawile|0 fnt|[from] brn
|upkeep
|faint|p2a: Mawile
|choice||switch 2
|
|switch|p2a: Natu|Natu, F|221\/221
|turn|18
|choice|switch 2|move gigadrain
|
|switch|p1a: Grumpig|Grumpig, F|321\/321
|move|p2a: Natu|Giga Drain|p1a: Grumpig
|-damage|p1a: Grumpig|269\/321
|
|upkeep
|turn|19
|c|☆Based Loser|oop'
|choice|move shadowball|move uturn
|
|move|p1a: Grumpig|Shadow Ball|p2a: Natu
|-supereffective|p2a: Natu
|-crit|p2a: Natu
|-enditem|p2a: Natu|Focus Sash
|-damage|p2a: Natu|1\/221
|-unboost|p2a: Natu|spd|1
|move|p2a: Natu|U-turn|p1a: Grumpig
|-supereffective|p1a: Grumpig
|-damage|p1a: Grumpig|187\/321
|c|☆Dibs The Dreamer|Oh
|c|☆Dibs The Dreamer|Weak
|choice||switch 4
|
|switch|p2a: Butterfree|Butterfree, F|244\/261
|
|-heal|p2a: Butterfree|260\/261|[from] item: Leftovers
|upkeep
|turn|20
|c|☆Dibs The Dreamer|Lol
|choice|move taunt|move substitute
|
|move|p1a: Grumpig|Taunt|p2a: Butterfree
|-start|p2a: Butterfree|move: Taunt
|cant|p2a: Butterfree|move: Taunt|Substitute
|
|-heal|p2a: Butterfree|261\/261|[from] item: Leftovers
|upkeep
|turn|21
|choice|move psychic|switch 4
|
|switch|p2a: Natu|Natu, F|1\/221
|move|p1a: Grumpig|Psychic|p2a: Natu
|-resisted|p2a: Natu
|-damage|p2a: Natu|0 fnt
|faint|p2a: Natu
|
|upkeep
|choice||switch 4
|
|switch|p2a: Butterfree|Butterfree, F|261\/261
|turn|22
|choice|move taunt|move bugbuzz
|
|move|p1a: Grumpig|Taunt|p2a: Butterfree
|-start|p2a: Butterfree|move: Taunt
|move|p2a: Butterfree|Bug Buzz|p1a: Grumpig
|-supereffective|p1a: Grumpig
|-damage|p1a: Grumpig|0 fnt
|faint|p1a: Grumpig
|
|upkeep
|choice|switch 6|
|
|switch|p1a: Monferno|Monferno, F|203\/269 psn
|turn|23
|choice|move swordsdance|move bugbuzz
|
|move|p1a: Monferno|Swords Dance|p1a: Monferno
|-boost|p1a: Monferno|atk|2
|move|p2a: Butterfree|Bug Buzz|p1a: Monferno
|-resisted|p1a: Monferno
|-damage|p1a: Monferno|137\/269 psn
|
|-damage|p1a: Monferno|104\/269 psn|[from] psn
|upkeep
|turn|24
|choice|move firepunch|switch 6
|
|switch|p2a: Prinplup|Prinplup, M|204\/332 tox
|move|p1a: Monferno|Fire Punch|p2a: Prinplup
|-resisted|p2a: Prinplup
|-damage|p2a: Prinplup|135\/332 tox
|
|-damage|p1a: Monferno|71\/269 psn|[from] psn
|-damage|p2a: Prinplup|115\/332 tox|[from] psn
|upkeep
|turn|25
|choice|move firepunch|switch 6
|
|switch|p2a: Butterfree|Butterfree, F|261\/261
|move|p1a: Monferno|Fire Punch|p2a: Butterfree
|-supereffective|p2a: Butterfree
|-damage|p2a: Butterfree|0 fnt
|faint|p2a: Butterfree
|
|-damage|p1a: Monferno|38\/269 psn|[from] psn
|upkeep
|c|☆Based Loser|gg'
|c|☆Dibs The Dreamer|Oh
|c|☆Dibs The Dreamer|No stunt zone
|c|☆Based Loser|:')
|c|☆Dibs The Dreamer|To be fair it was obvious
|c|☆Dibs The Dreamer|And my only win con
|c|☆Based Loser|not really
|c|☆Based Loser|I was about to CC lol
|c|☆Based Loser|dead serious
|c|☆Dibs The Dreamer|Yeah
|c|☆Dibs The Dreamer|Which would be an l
|c|☆Based Loser|but I was scared
|c|☆Dibs The Dreamer|Yeah you stopped my only win con
|c|☆Dibs The Dreamer|It was wp
|c|☆Based Loser|You burned my Rotom :(
|c|☆Based Loser|I would've been won lol
|-message|Dibs The Dreamer forfeited.
|
|win|Based Loser
|c|☆Dibs The Dreamer|Why are you defending yourself
|c|☆Dibs The Dreamer|Im not mad
|c|☆Based Loser|I din't mean it in a mean way lol
|c|☆Based Loser|Like
|c|☆Dibs The Dreamer|It was a complement
|c|☆Based Loser|The burn made it extra hard to win
|c|☆Based Loser|Which made it a better game
|c|☆Based Loser|Get me
|c|☆Based Loser|?
|c|☆Dibs The Dreamer|Yeah you just seemed defensive about it
|c|☆Dibs The Dreamer|Owell gg
|l|Dibs The Dreamer</script>
</div>
<div class="battle-log battle-log-inline"><div class="inner"><div class="battle-options"></div><div class="inner"><div class="chat"><small>Based Loser joined.</small></div><div class="chat"><small>Dibs The Dreamer joined.</small></div><div class=""><small>Format:</small> <br><strong>PU</strong></div><div class=""><small><em>Sleep Clause Mod:</em> Limit one foe put to sleep</small></div><div class=""><small><em>Species Clause:</em> Limit one of each Pokémon</small></div><div class=""><small><em>OHKO Clause:</em> OHKO moves are banned</small></div><div class=""><small><em>Moody Clause:</em> Moody is banned</small></div><div class=""><small><em>Evasion Moves Clause:</em> Evasion moves are banned</small></div><div class=""><small><em>Endless Battle Clause:</em> Forcing endless battles is banned</small></div><div class=""><small><em>HP Percentage Mod:</em> HP is shown in percentages</small></div><div class=""><small><em>Swagger Clause:</em> Swagger is banned</small></div><div class=""><small><em>Baton Pass Clause:</em> Limit one Baton Passer, can't pass Spe and other stats simultaneously</small></div><div class="chat battle-history"><strong>Based Loser's team:</strong> <em style="color:#445566;display:block;">Monferno / Grumpig / Rotom-Frost / Gourgeist-* / Golem / Lumineon</em></div><div class="chat battle-history"><strong>Dibs The Dreamer's team:</strong> <em style="color:#445566;display:block;">Beedrill / Natu / Cherrim / Butterfree / Prinplup / Mawile</em></div><div class="chat chatmessage-dibsthedreamer"><strong style="color:hsl(168,84%,33.00069628265235%)"><small>☆</small><span class="username" data-name="Dibs The Dreamer">Dibs The Dreamer</span>:</strong> <em>Gl :^)</em></div><div class="spacer battle-history"><br></div><div class="battle-history">Battle started between Based Loser and Dibs The Dreamer!<br></div><div class="spacer battle-history"><br></div><div class="battle-history">Go! Rotom (<strong>Rotom-Frost</strong>)!<br></div><div class="spacer battle-history"><br></div><div class="battle-history">Dibs The Dreamer sent out <strong>Beedrill</strong>!<br></div><div class="spacer battle-history"><br></div><h2 class="battle-history">Turn 1</h2><div class="chat chatmessage-basedloser"><strong style="color:hsl(2,89%,44.31893825281939%)"><small>☆</small><span class="username" data-name="Based Loser">Based Loser</span>:</strong> <em>hf man</em></div><div class="spacer battle-history"><br></div><div class="battle-history">Rotom used <strong>Volt Switch</strong>!<br></div><div class="battle-history"><small>(The opposing Beedrill lost <abbr title="−129/271">47.6%</abbr> of its health!)</small><br></div><div class="spacer battle-history"><br></div><div class="battle-history">Rotom went back to Based Loser!<br></div><div class="battle-history">Go! <strong>Golem</strong>!<br></div><div class="spacer battle-history"><br></div><div class="battle-history">The opposing Beedrill used <strong>Toxic Spikes</strong>!<br></div><div class="battle-history"><small>Poison spikes were scattered on the ground all around your team!</small><br></div><div class="spacer battle-history"><br></div><h2 class="battle-history">Turn 2</h2><div class="spacer battle-history"><br></div><div class="battle-history">The opposing Beedrill used <strong>Knock Off</strong>!<br></div><div class="battle-history"><small>(Golem lost <abbr title="−72/301">23.9%</abbr> of its health!)</small><br></div><div class="battle-history"><small>The opposing Beedrill knocked off Golem's Weakness Policy!</small><br></div><div class="spacer battle-history"><br></div><div class="battle-history">Golem used <strong>Stealth Rock</strong>!<br></div><div class="battle-history"><small>Pointed stones float in the air around the opposing team!</small><br></div><div class="spacer battle-history"><br></div><h2 class="battle-history">Turn 3</h2><div class="spacer battle-history"><br></div><div class="battle-history">Dibs The Dreamer withdrew Beedrill!<br></div><div class="battle-history">Dibs The Dreamer sent out <strong>Prinplup</strong>!<br></div><div class="battle-history"><small>Pointed stones dug into the opposing Prinplup!</small><br></div><div class="spacer battle-history"><br></div><div class="battle-history">Golem used <strong>Rock Blast</strong>!<br></div><div class="battle-history"><small>(The opposing Prinplup lost <abbr title="−28/332">8.4%</abbr> of its health!)</small><br></div><div class="battle-history"><small>(The opposing Prinplup lost <abbr title="−31/332">9.3%</abbr> of its health!)</small><br></div><div class="battle-history"><small>(The opposing Prinplup lost <abbr title="−31/332">9.3%</abbr> of its health!)</small><br></div><div class="battle-history"><small>A critical hit!</small><br></div><div class="battle-history"><small>(The opposing Prinplup lost <abbr title="−42/332">12.7%</abbr> of its health!)</small><br></div><div class="battle-history"><small>Hit 4 times!</small><br></div><div class="spacer battle-history"><br></div><h2 class="battle-history">Turn 4</h2><div class="spacer battle-history"><br></div><div class="battle-history">Golem, come back!<br></div><div class="battle-history">Go! Rotom (<strong>Rotom-Frost</strong>)!<br></div><div class="spacer battle-history"><br></div><div class="battle-history">The opposing Prinplup used <strong>Scald</strong>!<br></div><div class="battle-history"><small>(Rotom lost <abbr title="−79/241">32.8%</abbr> of its health!)</small><br></div><div class="battle-history"><small>Rotom was burned!</small><br></div><div class="spacer battle-history"><br></div><div class="battle-history"><small>Rotom was hurt by its burn!</small><br></div><div class="spacer battle-history"><br></div><h2 class="battle-history">Turn 5</h2><div class="spacer battle-history"><br></div><div class="battle-history">Dibs The Dreamer withdrew Prinplup!<br></div><div class="battle-history">Dibs The Dreamer sent out <strong>Cherrim</strong>!<br></div><div class="battle-history"><small>Pointed stones dug into the opposing Cherrim!</small><br></div><div class="spacer battle-history"><br></div><div class="battle-history">Rotom used <strong>Volt Switch</strong>!<br></div><div class="battle-history"><small>It's not very effective...</small><br></div><div class="battle-history"><small>(The opposing Cherrim lost <abbr title="−71/281">25.3%</abbr> of its health!)</small><br></div><div class="spacer battle-history"><br></div><div class="battle-history">Rotom went back to Based Loser!<br></div><div class="battle-history">Go! <strong>Monferno</strong>!<br></div><div class="battle-history"><small>Monferno was poisoned!</small><br></div><div class="spacer battle-history"><br></div><div class="battle-history"><small>Monferno was hurt by poison!</small><br></div><div class="spacer battle-history"><br></div><h2 class="battle-history">Turn 6</h2><div class="spacer battle-history"><br></div><div class="battle-history">The opposing Cherrim used <strong>Healing Wish</strong>!<br></div><div class="spacer battle-history"><br></div><div class="battle-history">The opposing Cherrim fainted!<br></div><div class="battle-history">Monferno used <strong>Fire Punch</strong>!<br></div><div class="battle-history"><small>But there was no target...</small><br></div><div class="spacer battle-history"><br></div><div class="battle-history"><small>Monferno was hurt by poison!</small><br></div><div class="spacer battle-history"><br></div><div class="battle-history">Dibs The Dreamer sent out <strong>Prinplup</strong>!<br></div><div class="battle-history"><small>The healing wish came true for the opposing Prinplup!</small><br></div><div class="battle-history"><small>Pointed stones dug into the opposing Prinplup!</small><br></div><div class="spacer battle-history"><br></div><h2 class="battle-history">Turn 7</h2><div class="spacer battle-history"><br></div><div class="battle-history">Monferno, come back!<br></div><div class="battle-history">Go! <strong>Lumineon</strong>!<br></div><div class="battle-history"><small>Lumineon was poisoned!</small><br></div><div class="spacer battle-history"><br></div><div class="battle-history">The opposing Prinplup used <strong>Scald</strong>!<br></div><div class="battle-history"><small>[Lumineon's Storm Drain]</small><br></div><div class="battle-history"><small>Lumineon's Special Attack rose!</small><br></div><div class="spacer battle-history"><br></div><div class="battle-history"><small>Lumineon was hurt by poison!</small><br></div><div class="spacer battle-history"><br></div><h2 class="battle-history">Turn 8</h2><div class="spacer battle-history"><br></div><div class="battle-history">Lumineon used <strong>Defog</strong>!<br></div><div class="battle-history"><small>The opposing Prinplup's evasiveness fell!</small><br></div><div class="battle-history"><small>The pointed stones disappeared from around the opposing team!</small><br></div><div class="battle-history"><small>The poison spikes disappeared from the ground around your team!</small><br></div><div class="spacer battle-history"><br></div><div class="battle-history">The opposing Prinplup used <strong>Defog</strong>!<br></div><div class="battle-history"><small>Lumineon's evasiveness fell!</small><br></div><div class="spacer battle-history"><br></div><div class="battle-history"><small>Lumineon restored a little HP using its Leftovers!</small><br></div><div class="battle-history"><small>Lumineon was hurt by poison!</small><br></div><div class="spacer battle-history"><br></div><h2 class="battle-history">Turn 9</h2><div class="spacer battle-history"><br></div><div class="battle-history">Lumineon used <strong>Toxic</strong>!<br></div><div class="battle-history"><small>The opposing Prinplup was badly poisoned!</small><br></div><div class="spacer battle-history"><br></div><div class="battle-history">The opposing Prinplup used <strong>Yawn</strong>!<br></div><div class="battle-history"><small>But it failed!</small><br></div><div class="spacer battle-history"><br></div><div class="battle-history"><small>Lumineon restored a little HP using its Leftovers!</small><br></div><div class="battle-history"><small>Lumineon was hurt by poison!</small><br></div><div class="battle-history"><small>The opposing Prinplup was hurt by poison!</small><br></div><div class="spacer battle-history"><br></div><h2 class="battle-history">Turn 10</h2><div class="spacer battle-history"><br></div><div class="battle-history">Lumineon used <strong>U-turn</strong>!<br></div><div class="battle-history"><small>(The opposing Prinplup lost <abbr title="−27/332">8.1%</abbr> of its health!)</small><br></div><div class="spacer battle-history"><br></div><div class="battle-history">Lumineon went back to Based Loser!<br></div><div class="battle-history">Go! Rotom (<strong>Rotom-Frost</strong>)!<br></div><div class="spacer battle-history"><br></div><div class="battle-history">The opposing Prinplup used <strong>Scald</strong>!<br></div><div class="battle-history"><small>(Rotom lost <abbr title="−81/241">33.6%</abbr> of its health!)</small><br></div><div class="spacer battle-history"><br></div><div class="battle-history"><small>Rotom was hurt by its burn!</small><br></div><div class="battle-history"><small>The opposing Prinplup was hurt by poison!</small><br></div><div class="spacer battle-history"><br></div><h2 class="battle-history">Turn 11</h2><div class="spacer battle-history"><br></div><div class="battle-history">Dibs The Dreamer withdrew Prinplup!<br></div><div class="battle-history">Dibs The Dreamer sent out <strong>Beedrill</strong>!<br></div><div class="spacer battle-history"><br></div><div class="battle-history">Rotom used <strong>Thunderbolt</strong>!<br></div><div class="battle-history"><small>(The opposing Beedrill lost <abbr title="−142/271">52.4%</abbr> of its health!)</small><br></div><div class="spacer battle-history"><br></div><div class="battle-history">The opposing Beedrill fainted!<br></div><div class="spacer battle-history"><br></div><div class="battle-history"><small>Rotom was hurt by its burn!</small><br></div><div class="spacer battle-history"><br></div><div class="battle-history">Rotom fainted!<br></div><div class="spacer battle-history"><br></div><div class="battle-history">Go! <strong>Lumineon</strong>!<br></div><div class="spacer battle-history"><br></div><div class="battle-history">Dibs The Dreamer sent out <strong>Prinplup</strong>!<br></div><div class="spacer battle-history"><br></div><h2 class="battle-history">Turn 12</h2><div class="spacer battle-history"><br></div><div class="battle-history">Dibs The Dreamer withdrew Prinplup!<br></div><div class="battle-history">Dibs The Dreamer sent out <strong>Mawile</strong>!<br></div><div class="battle-history"><small>[The opposing Mawile's Intimidate]</small><br></div><div class="battle-history"><small>Lumineon's Attack fell!</small><br></div><div class="spacer battle-history"><br></div><div class="battle-history">Lumineon used <strong>Scald</strong>!<br></div><div class="battle-history"><small>(The opposing Mawile lost <abbr title="−96/296">32.4%</abbr> of its health!)</small><br></div><div class="battle-history"><small>The opposing Mawile was burned!</small><br></div><div class="spacer battle-history"><br></div><div class="battle-history"><small>Lumineon restored a little HP using its Leftovers!</small><br></div><div class="battle-history"><small>Lumineon was hurt by poison!</small><br></div><div class="battle-history"><small>The opposing Mawile was hurt by its burn!</small><br></div><div class="spacer battle-history"><br></div><h2 class="battle-history">Turn 13</h2><div class="spacer battle-history"><br></div><div class="battle-history">Lumineon used <strong>Scald</strong>!<br></div><div class="battle-history"><small>(The opposing Mawile lost <abbr title="−100/296">33.8%</abbr> of its health!)</small><br></div><div class="spacer battle-history"><br></div><div class="battle-history">The opposing Mawile used <strong>Baton Pass</strong>!<br></div><div class="spacer battle-history"><br></div><div class="battle-history">Dibs The Dreamer sent out <strong>Butterfree</strong>!<br></div><div class="spacer battle-history"><br></div><div class="battle-history"><small>Lumineon restored a little HP using its Leftovers!</small><br></div><div class="battle-history"><small>Lumineon was hurt by poison!</small><br></div><div class="spacer battle-history"><br></div><h2 class="battle-history">Turn 14</h2><div class="spacer battle-history"><br></div><div class="battle-history">The opposing Butterfree used <strong>Substitute</strong>!<br></div><div class="battle-history"><small>The opposing Butterfree put in a substitute!</small><br></div><div class="battle-history"><small>(The opposing Butterfree lost <abbr title="−65/261">24.9%</abbr> of its health!)</small><br></div><div class="spacer battle-history"><br></div><div class="battle-history">Lumineon used <strong>Toxic</strong>!<br></div><div class="battle-history"><small>The opposing Butterfree avoided the attack!</small><br></div><div class="spacer battle-history"><br></div><div class="battle-history"><small>The opposing Butterfree restored a little HP using its Leftovers!</small><br></div><div class="battle-history"><small>Lumineon restored a little HP using its Leftovers!</small><br></div><div class="battle-history"><small>Lumineon was hurt by poison!</small><br></div><div class="spacer battle-history"><br></div><h2 class="battle-history">Turn 15</h2><div class="spacer battle-history"><br></div><div class="battle-history">The opposing Butterfree used <strong>Quiver Dance</strong>!<br></div><div class="battle-history"><small>The opposing Butterfree's Special Attack rose!</small><br></div><div class="battle-history"><small>The opposing Butterfree's Special Defense rose!</small><br></div><div class="battle-history"><small>The opposing Butterfree's Speed rose!</small><br></div><div class="spacer battle-history"><br></div><div class="battle-history">Lumineon used <strong>Scald</strong>!<br></div><div class="battle-history"><small>The substitute took damage for the opposing Butterfree!</small><br></div><div class="spacer battle-history"><br></div><div class="battle-history"><small>The opposing Butterfree restored a little HP using its Leftovers!</small><br></div><div class="battle-history"><small>Lumineon restored a little HP using its Leftovers!</small><br></div><div class="battle-history"><small>Lumineon was hurt by poison!</small><br></div><div class="spacer battle-history"><br></div><h2 class="battle-history">Turn 16</h2><div class="spacer battle-history"><br></div><div class="battle-history">The opposing Butterfree used <strong>Bug Buzz</strong>!<br></div><div class="battle-history"><small>(Lumineon lost <abbr title="−164/331">49.5%</abbr> of its health!)</small><br></div><div class="spacer battle-history"><br></div><div class="battle-history">Lumineon fainted!<br></div><div class="spacer battle-history"><br></div><div class="battle-history"><small>The opposing Butterfree restored a little HP using its Leftovers!</small><br></div><div class="spacer battle-history"><br></div><div class="battle-history">Go! <strong>Golem</strong>!<br></div><div class="spacer battle-history"><br></div><h2 class="battle-history">Turn 17</h2><div class="chat chatmessage-basedloser"><strong style="color:hsl(2,89%,44.31893825281939%)"><small>☆</small><span class="username" data-name="Based Loser">Based Loser</span>:</strong> <em>gg</em></div><div class="chat chatmessage-basedloser"><strong style="color:hsl(2,89%,44.31893825281939%)"><small>☆</small><span class="username" data-name="Based Loser">Based Loser</span>:</strong> <em>run it back</em></div><div class="spacer battle-history"><br></div><div class="battle-history">Dibs The Dreamer withdrew Butterfree!<br></div><div class="battle-history">Dibs The Dreamer sent out <strong>Mawile</strong>!<br></div><div class="battle-history"><small>[The opposing Mawile's Intimidate]</small><br></div><div class="battle-history"><small>Golem's Attack fell!</small><br></div><div class="spacer battle-history"><br></div><div class="battle-history">Golem used <strong>Rock Blast</strong>!<br></div><div class="battle-history"><small>It's not very effective...</small><br></div><div class="battle-history"><small>(The opposing Mawile lost <abbr title="−12/296">4.1%</abbr> of its health!)</small><br></div><div class="battle-history"><small>It's not very effective...</small><br></div><div class="battle-history"><small>A critical hit!</small><br></div><div class="battle-history"><small>(The opposing Mawile lost <abbr title="−26/296">8.8%</abbr> of its health!)</small><br></div><div class="battle-history"><small>It's not very effective...</small><br></div><div class="battle-history"><small>(The opposing Mawile lost <abbr title="−12/296">4.1%</abbr> of its health!)</small><br></div><div class="battle-history"><small>Hit 3 times!</small><br></div><div class="spacer battle-history"><br></div><div class="battle-history"><small>The opposing Mawile was hurt by its burn!</small><br></div><div class="spacer battle-history"><br></div><div class="battle-history">The opposing Mawile fainted!<br></div><div class="spacer battle-history"><br></div><div class="battle-history">Dibs The Dreamer sent out <strong>Natu</strong>!<br></div><div class="spacer battle-history"><br></div><h2 class="battle-history">Turn 18</h2><div class="spacer battle-history"><br></div><div class="battle-history">Golem, come back!<br></div><div class="battle-history">Go! <strong>Grumpig</strong>!<br></div><div class="spacer battle-history"><br></div><div class="battle-history">The opposing Natu used <strong>Giga Drain</strong>!<br></div><div class="battle-history"><small>(Grumpig lost <abbr title="−52/321">16.2%</abbr> of its health!)</small><br></div><div class="spacer battle-history"><br></div><h2 class="battle-history">Turn 19</h2><div class="chat chatmessage-basedloser"><strong style="color:hsl(2,89%,44.31893825281939%)"><small>☆</small><span class="username" data-name="Based Loser">Based Loser</span>:</strong> <em>oop'</em></div><div class="spacer battle-history"><br></div><div class="battle-history">Grumpig used <strong>Shadow Ball</strong>!<br></div><div class="battle-history"><small>It's super effective!</small><br></div><div class="battle-history"><small>A critical hit!</small><br></div><div class="battle-history"><small>The opposing Natu hung on using its Focus Sash!</small><br></div><div class="battle-history"><small>(The opposing Natu lost <abbr title="−220/221">99.5%</abbr> of its health!)</small><br></div><div class="battle-history"><small>The opposing Natu's Special Defense fell!</small><br></div><div class="spacer battle-history"><br></div><div class="battle-history">The opposing Natu used <strong>U-turn</strong>!<br></div><div class="battle-history"><small>It's super effective!</small><br></div><div class="battle-history"><small>(Grumpig lost <abbr title="−82/321">25.5%</abbr> of its health!)</small><br></div><div class="chat chatmessage-dibsthedreamer"><strong style="color:hsl(168,84%,33.00069628265235%)"><small>☆</small><span class="username" data-name="Dibs The Dreamer">Dibs The Dreamer</span>:</strong> <em>Oh</em></div><div class="chat chatmessage-dibsthedreamer"><strong style="color:hsl(168,84%,33.00069628265235%)"><small>☆</small><span class="username" data-name="Dibs The Dreamer">Dibs The Dreamer</span>:</strong> <em>Weak</em></div><div class="spacer battle-history"><br></div><div class="battle-history">The opposing Natu went back to Dibs The Dreamer!<br></div><div class="battle-history">Dibs The Dreamer sent out <strong>Butterfree</strong>!<br></div><div class="spacer battle-history"><br></div><div class="battle-history"><small>The opposing Butterfree restored a little HP using its Leftovers!</small><br></div><div class="spacer battle-history"><br></div><h2 class="battle-history">Turn 20</h2><div class="chat chatmessage-dibsthedreamer"><strong style="color:hsl(168,84%,33.00069628265235%)"><small>☆</small><span class="username" data-name="Dibs The Dreamer">Dibs The Dreamer</span>:</strong> <em>Lol</em></div><div class="spacer battle-history"><br></div><div class="battle-history">Grumpig used <strong>Taunt</strong>!<br></div><div class="battle-history"><small>The opposing Butterfree fell for the taunt!</small><br></div><div class="spacer battle-history"><br></div><div class="battle-history">The opposing Butterfree can't use Substitute after the taunt!<br></div><div class="spacer battle-history"><br></div><div class="battle-history"><small>The opposing Butterfree restored a little HP using its Leftovers!</small><br></div><div class="spacer battle-history"><br></div><h2 class="battle-history">Turn 21</h2><div class="spacer battle-history"><br></div><div class="battle-history">Dibs The Dreamer withdrew Butterfree!<br></div><div class="battle-history">Dibs The Dreamer sent out <strong>Natu</strong>!<br></div><div class="spacer battle-history"><br></div><div class="battle-history">Grumpig used <strong>Psychic</strong>!<br></div><div class="battle-history"><small>It's not very effective...</small><br></div><div class="battle-history"><small>(The opposing Natu lost <abbr title="−1/221">0.5%</abbr> of its health!)</small><br></div><div class="spacer battle-history"><br></div><div class="battle-history">The opposing Natu fainted!<br></div><div class="spacer battle-history"><br></div><div class="battle-history">Dibs The Dreamer sent out <strong>Butterfree</strong>!<br></div><div class="spacer battle-history"><br></div><h2 class="battle-history">Turn 22</h2><div class="spacer battle-history"><br></div><div class="battle-history">Grumpig used <strong>Taunt</strong>!<br></div><div class="battle-history"><small>The opposing Butterfree fell for the taunt!</small><br></div><div class="spacer battle-history"><br></div><div class="battle-history">The opposing Butterfree used <strong>Bug Buzz</strong>!<br></div><div class="battle-history"><small>It's super effective!</small><br></div><div class="battle-history"><small>(Grumpig lost <abbr title="−187/321">58.3%</abbr> of its health!)</small><br></div><div class="spacer battle-history"><br></div><div class="battle-history">Grumpig fainted!<br></div><div class="spacer battle-history"><br></div><div class="battle-history">Go! <strong>Monferno</strong>!<br></div><div class="spacer battle-history"><br></div><h2 class="battle-history">Turn 23</h2><div class="spacer battle-history"><br></div><div class="battle-history">Monferno used <strong>Swords Dance</strong>!<br></div><div class="battle-history"><small>Monferno's Attack rose sharply!</small><br></div><div class="spacer battle-history"><br></div><div class="battle-history">The opposing Butterfree used <strong>Bug Buzz</strong>!<br></div><div class="battle-history"><small>It's not very effective...</small><br></div><div class="battle-history"><small>(Monferno lost <abbr title="−66/269">24.5%</abbr> of its health!)</small><br></div><div class="spacer battle-history"><br></div><div class="battle-history"><small>Monferno was hurt by poison!</small><br></div><div class="spacer battle-history"><br></div><h2 class="battle-history">Turn 24</h2><div class="spacer battle-history"><br></div><div class="battle-history">Dibs The Dreamer withdrew Butterfree!<br></div><div class="battle-history">Dibs The Dreamer sent out <strong>Prinplup</strong>!<br></div><div class="spacer battle-history"><br></div><div class="battle-history">Monferno used <strong>Fire Punch</strong>!<br></div><div class="battle-history"><small>It's not very effective...</small><br></div><div class="battle-history"><small>(The opposing Prinplup lost <abbr title="−69/332">20.8%</abbr> of its health!)</small><br></div><div class="spacer battle-history"><br></div><div class="battle-history"><small>Monferno was hurt by poison!</small><br></div><div class="battle-history"><small>The opposing Prinplup was hurt by poison!</small><br></div><div class="spacer battle-history"><br></div><h2 class="battle-history">Turn 25</h2><div class="spacer battle-history"><br></div><div class="battle-history">Dibs The Dreamer withdrew Prinplup!<br></div><div class="battle-history">Dibs The Dreamer sent out <strong>Butterfree</strong>!<br></div><div class="spacer battle-history"><br></div><div class="battle-history">Monferno used <strong>Fire Punch</strong>!<br></div><div class="battle-history"><small>It's super effective!</small><br></div><div class="battle-history"><small>(The opposing Butterfree lost <abbr title="−261/261">100%</abbr> of its health!)</small><br></div><div class="spacer battle-history"><br></div><div class="battle-history">The opposing Butterfree fainted!<br></div><div class="spacer battle-history"><br></div><div class="battle-history"><small>Monferno was hurt by poison!</small><br></div><div class="chat chatmessage-basedloser"><strong style="color:hsl(2,89%,44.31893825281939%)"><small>☆</small><span class="username" data-name="Based Loser">Based Loser</span>:</strong> <em>gg'</em></div><div class="chat chatmessage-dibsthedreamer"><strong style="color:hsl(168,84%,33.00069628265235%)"><small>☆</small><span class="username" data-name="Dibs The Dreamer">Dibs The Dreamer</span>:</strong> <em>Oh</em></div><div class="chat chatmessage-dibsthedreamer"><strong style="color:hsl(168,84%,33.00069628265235%)"><small>☆</small><span class="username" data-name="Dibs The Dreamer">Dibs The Dreamer</span>:</strong> <em>No stunt zone</em></div><div class="chat chatmessage-basedloser"><strong style="color:hsl(2,89%,44.31893825281939%)"><small>☆</small><span class="username" data-name="Based Loser">Based Loser</span>:</strong> <em>:')</em></div><div class="chat chatmessage-dibsthedreamer"><strong style="color:hsl(168,84%,33.00069628265235%)"><small>☆</small><span class="username" data-name="Dibs The Dreamer">Dibs The Dreamer</span>:</strong> <em>To be fair it was obvious</em></div><div class="chat chatmessage-dibsthedreamer"><strong style="color:hsl(168,84%,33.00069628265235%)"><small>☆</small><span class="username" data-name="Dibs The Dreamer">Dibs The Dreamer</span>:</strong> <em>And my only win con</em></div><div class="chat chatmessage-basedloser"><strong style="color:hsl(2,89%,44.31893825281939%)"><small>☆</small><span class="username" data-name="Based Loser">Based Loser</span>:</strong> <em>not really</em></div><div class="chat chatmessage-basedloser"><strong style="color:hsl(2,89%,44.31893825281939%)"><small>☆</small><span class="username" data-name="Based Loser">Based Loser</span>:</strong> <em>I was about to CC lol</em></div><div class="chat chatmessage-basedloser"><strong style="color:hsl(2,89%,44.31893825281939%)"><small>☆</small><span class="username" data-name="Based Loser">Based Loser</span>:</strong> <em>dead serious</em></div><div class="chat chatmessage-dibsthedreamer"><strong style="color:hsl(168,84%,33.00069628265235%)"><small>☆</small><span class="username" data-name="Dibs The Dreamer">Dibs The Dreamer</span>:</strong> <em>Yeah</em></div><div class="chat chatmessage-dibsthedreamer"><strong style="color:hsl(168,84%,33.00069628265235%)"><small>☆</small><span class="username" data-name="Dibs The Dreamer">Dibs The Dreamer</span>:</strong> <em>Which would be an l</em></div><div class="chat chatmessage-basedloser"><strong style="color:hsl(2,89%,44.31893825281939%)"><small>☆</small><span class="username" data-name="Based Loser">Based Loser</span>:</strong> <em>but I was scared</em></div><div class="chat chatmessage-dibsthedreamer"><strong style="color:hsl(168,84%,33.00069628265235%)"><small>☆</small><span class="username" data-name="Dibs The Dreamer">Dibs The Dreamer</span>:</strong> <em>Yeah you stopped my only win con</em></div><div class="chat chatmessage-dibsthedreamer"><strong style="color:hsl(168,84%,33.00069628265235%)"><small>☆</small><span class="username" data-name="Dibs The Dreamer">Dibs The Dreamer</span>:</strong> <em>It was wp</em></div><div class="chat chatmessage-basedloser"><strong style="color:hsl(2,89%,44.31893825281939%)"><small>☆</small><span class="username" data-name="Based Loser">Based Loser</span>:</strong> <em>You burned my Rotom :(</em></div><div class="chat chatmessage-basedloser"><strong style="color:hsl(2,89%,44.31893825281939%)"><small>☆</small><span class="username" data-name="Based Loser">Based Loser</span>:</strong> <em>I would've been won lol</em></div><div class="spacer battle-history"><br></div><div class="battle-history"><small>Dibs The Dreamer forfeited.</small><br></div><div class="spacer battle-history"><br></div><div class="battle-history"><strong>Based Loser</strong> won the battle!<br></div><div class="chat chatmessage-dibsthedreamer"><strong style="color:hsl(168,84%,33.00069628265235%)"><small>☆</small><span class="username" data-name="Dibs The Dreamer">Dibs The Dreamer</span>:</strong> <em>Why are you defending yourself</em></div><div class="chat chatmessage-dibsthedreamer"><strong style="color:hsl(168,84%,33.00069628265235%)"><small>☆</small><span class="username" data-name="Dibs The Dreamer">Dibs The Dreamer</span>:</strong> <em>Im not mad</em></div><div class="chat chatmessage-basedloser"><strong style="color:hsl(2,89%,44.31893825281939%)"><small>☆</small><span class="username" data-name="Based Loser">Based Loser</span>:</strong> <em>I din't mean it in a mean way lol</em></div><div class="chat chatmessage-basedloser"><strong style="color:hsl(2,89%,44.31893825281939%)"><small>☆</small><span class="username" data-name="Based Loser">Based Loser</span>:</strong> <em>Like</em></div><div class="chat chatmessage-dibsthedreamer"><strong style="color:hsl(168,84%,33.00069628265235%)"><small>☆</small><span class="username" data-name="Dibs The Dreamer">Dibs The Dreamer</span>:</strong> <em>It was a complement</em></div><div class="chat chatmessage-basedloser"><strong style="color:hsl(2,89%,44.31893825281939%)"><small>☆</small><span class="username" data-name="Based Loser">Based Loser</span>:</strong> <em>The burn made it extra hard to win</em></div><div class="chat chatmessage-basedloser"><strong style="color:hsl(2,89%,44.31893825281939%)"><small>☆</small><span class="username" data-name="Based Loser">Based Loser</span>:</strong> <em>Which made it a better game</em></div><div class="chat chatmessage-basedloser"><strong style="color:hsl(2,89%,44.31893825281939%)"><small>☆</small><span class="username" data-name="Based Loser">Based Loser</span>:</strong> <em>Get me</em></div><div class="chat chatmessage-basedloser"><strong style="color:hsl(2,89%,44.31893825281939%)"><small>☆</small><span class="username" data-name="Based Loser">Based Loser</span>:</strong> <em>?</em></div><div class="chat chatmessage-dibsthedreamer"><strong style="color:hsl(168,84%,33.00069628265235%)"><small>☆</small><span class="username" data-name="Dibs The Dreamer">Dibs The Dreamer</span>:</strong> <em>Yeah you just seemed defensive about it</em></div><div class="chat chatmessage-dibsthedreamer"><strong style="color:hsl(168,84%,33.00069628265235%)"><small>☆</small><span class="username" data-name="Dibs The Dreamer">Dibs The Dreamer</span>:</strong> <em>Owell gg</em></div><div class="chat"><small>Dibs The Dreamer left.</small></div></div><div class="inner-preempt"></div></div></div>
</div>
<script>
let daily = Math.floor(Date.now()/1000/60/60/24);document.write('<script src="https://play.pokemonshowdown.com/js/replay-embed.js?version'+daily+'"></'+'script>');
</script>
