<!DOCTYPE html>
<meta charset="utf-8" />
<!-- version 1 -->
<title>PU replay: Chrisloud vs. 2xTheTap</title>
<style>
html,body {font-family:Verdana, sans-serif;font-size:10pt;margin:0;padding:0;}body{padding:12px 0;} .battle-log {font-family:Verdana, sans-serif;font-size:10pt;} .battle-log-inline {border:1px solid #AAAAAA;background:#EEF2F5;color:black;max-width:640px;margin:0 auto 80px;padding-bottom:5px;} .battle-log .inner {padding:4px 8px 0px 8px;} .battle-log .inner-preempt {padding:0 8px 4px 8px;} .battle-log .inner-after {margin-top:0.5em;} .battle-log h2 {margin:0.5em -8px;padding:4px 8px;border:1px solid #AAAAAA;background:#E0E7EA;border-left:0;border-right:0;font-family:Verdana, sans-serif;font-size:13pt;} .battle-log .chat {vertical-align:middle;padding:3px 0 3px 0;font-size:8pt;} .battle-log .chat strong {color:#40576A;} .battle-log .chat em {padding:1px 4px 1px 3px;color:#000000;font-style:normal;} .chat.mine {background:rgba(0,0,0,0.05);margin-left:-8px;margin-right:-8px;padding-left:8px;padding-right:8px;} .spoiler {color:#BBBBBB;background:#BBBBBB;padding:0px 3px;} .spoiler:hover, .spoiler:active, .spoiler-shown {color:#000000;background:#E2E2E2;padding:0px 3px;} .spoiler a {color:#BBBBBB;} .spoiler:hover a, .spoiler:active a, .spoiler-shown a {color:#2288CC;} .chat code, .chat .spoiler:hover code, .chat .spoiler:active code, .chat .spoiler-shown code {border:1px solid #C0C0C0;background:#EEEEEE;color:black;padding:0 2px;} .chat .spoiler code {border:1px solid #CCCCCC;background:#CCCCCC;color:#CCCCCC;} .battle-log .rated {padding:3px 4px;} .battle-log .rated strong {color:white;background:#89A;padding:1px 4px;border-radius:4px;} .spacer {margin-top:0.5em;} .message-announce {background:#6688AA;color:white;padding:1px 4px 2px;} .message-announce a, .broadcast-green a, .broadcast-blue a, .broadcast-red a {color:#DDEEFF;} .broadcast-green {background-color:#559955;color:white;padding:2px 4px;} .broadcast-blue {background-color:#6688AA;color:white;padding:2px 4px;} .infobox {border:1px solid #6688AA;padding:2px 4px;} .infobox-limited {max-height:200px;overflow:auto;overflow-x:hidden;} .broadcast-red {background-color:#AA5544;color:white;padding:2px 4px;} .message-learn-canlearn {font-weight:bold;color:#228822;text-decoration:underline;} .message-learn-cannotlearn {font-weight:bold;color:#CC2222;text-decoration:underline;} .message-effect-weak {font-weight:bold;color:#CC2222;} .message-effect-resist {font-weight:bold;color:#6688AA;} .message-effect-immune {font-weight:bold;color:#666666;} .message-learn-list {margin-top:0;margin-bottom:0;} .message-throttle-notice, .message-error {color:#992222;} .message-overflow, .chat small.message-overflow {font-size:0pt;} .message-overflow::before {font-size:9pt;content:'...';} .subtle {color:#3A4A66;}
</style>
<div class="wrapper replay-wrapper" style="max-width:1180px;margin:0 auto">
<input type="hidden" name="replayid" value="pu-546048746" />
<div class="battle"></div><div class="battle-log"></div><div class="replay-controls"></div><div class="replay-controls-2"></div>
<h1 style="font-weight:normal;text-align:center"><strong>PU</strong><br /><a href="http://pokemonshowdown.com/users/chrisloud" class="subtle" target="_blank">Chrisloud</a> vs. <a href="http://pokemonshowdown.com/users/2xthetap" class="subtle" target="_blank">2xTheTap</a></h1>
<script type="text/plain" class="battle-log-data">|j|Chrisloud
|j|2xTheTap
|player|p1|Chrisloud|4
|player|p2|2xTheTap|#2xthetap
|gametype|singles
|gen|6
|tier|PU
|seed|56140,24929,484,20485
|rule|Sleep Clause Mod: Limit one foe put to sleep
|rule|Species Clause: Limit one of each Pokémon
|rule|OHKO Clause: OHKO moves are banned
|rule|Moody Clause: Moody is banned
|rule|Evasion Moves Clause: Evasion moves are banned
|rule|Endless Battle Clause: Forcing endless battles is banned
|rule|HP Percentage Mod: HP is shown in percentages
|clearpoke
|poke|p1|Chatot, F|item
|poke|p1|Mr. Mime, F|item
|poke|p1|Metang|item
|poke|p1|Lumineon, M|item
|poke|p1|Altaria, F|item
|poke|p1|Zebstrika, F|item
|poke|p2|Kadabra, F|item
|poke|p2|Misdreavus, M|item
|poke|p2|Relicanth, F|item
|poke|p2|Sawsbuck, M|item
|poke|p2|Ninetales, M|item
|poke|p2|Zebstrika, F|item
|rule|Swagger Clause: Swagger is banned
|rule|Baton Pass Clause: Limit one Baton Passer, can't pass Spe and other stats simultaneously
|teampreview
|c|☆Chrisloud|what do u think about
|c|☆Chrisloud|me first zebstrika
|c|☆2xTheTap|it's a lot of fun
|c|☆2xTheTap|but pretty situational
|choice|team 3, team 2, team 1, team 4, team 5, team 6|team 3, team 2, team 1, team 4, team 5, team 6
|
|start
|switch|p1a: Metang|Metang|324\/324
|switch|p2a: Relicanth|Relicanth, F|403\/403
|turn|1
|choice|move stealthrock|move stealthrock
|
|move|p1a: Metang|Stealth Rock|p2a: Relicanth
|-sidestart|p2: 2xTheTap|move: Stealth Rock
|move|p2a: Relicanth|Stealth Rock|p1a: Metang
|-sidestart|p1: Chrisloud|move: Stealth Rock
|
|upkeep
|turn|2
|choice|move meteormash|switch 2
|
|switch|p2a: Misdreavus|Misdreavus, M|323\/323
|-damage|p2a: Misdreavus|283\/323|[from] Stealth Rock
|move|p1a: Metang|Meteor Mash|p2a: Misdreavus
|-damage|p2a: Misdreavus|166\/323
|
|upkeep
|turn|3
|c|☆2xTheTap|get burned
|choice|move meteormash|move thunderwave
|
|move|p2a: Misdreavus|Thunder Wave|p1a: Metang
|-status|p1a: Metang|par
|move|p1a: Metang|Meteor Mash|p2a: Misdreavus
|-damage|p2a: Misdreavus|45\/323
|
|upkeep
|turn|4
|c|☆Chrisloud|got em
|choice|move pursuit|move hex
|
|move|p2a: Misdreavus|Hex|p1a: Metang
|-supereffective|p1a: Metang
|-damage|p1a: Metang|102\/324 par
|cant|p1a: Metang|par
|
|upkeep
|turn|5
|c|☆Chrisloud|riperino
|c|☆2xTheTap|rip
|choice|move pursuit|move hex
|
|move|p2a: Misdreavus|Hex|p1a: Metang
|-supereffective|p1a: Metang
|-damage|p1a: Metang|0 fnt
|faint|p1a: Metang
|
|upkeep
|c|☆2xTheTap|didnt get to test what I wanted
|c|☆2xTheTap|lol
|c|☆Chrisloud|that's why I stay in lol
|c|☆Chrisloud|I though u were testing it
|c|☆2xTheTap|:-\/
|choice|switch 3|
|
|switch|p1a: Chatot|Chatot, F|293\/293
|-damage|p1a: Chatot|220\/293|[from] Stealth Rock
|turn|6
|choice|move uturn|switch 5
|
|switch|p2a: Ninetales|Ninetales, M|287\/287
|-damage|p2a: Ninetales|216\/287|[from] Stealth Rock
|move|p1a: Chatot|U-turn|p2a: Ninetales
|-resisted|p2a: Ninetales
|-damage|p2a: Ninetales|192\/287
|choice|switch 6|
|
|switch|p1a: Zebstrika|Zebstrika, F|291\/291
|-damage|p1a: Zebstrika|255\/291|[from] Stealth Rock
|
|-heal|p2a: Ninetales|209\/287|[from] item: Leftovers
|upkeep
|turn|7
|c|☆Chrisloud|wait I knew that
|c|☆Chrisloud|why did I do u turn
|choice|move voltswitch|move calmmind
|
|move|p1a: Zebstrika|Volt Switch|p2a: Ninetales
|-damage|p2a: Ninetales|84\/287
|-damage|p1a: Zebstrika|226\/291|[from] item: Life Orb
|choice|switch 4|
|
|switch|p1a: Lumineon|Lumineon, M|342\/342
|-damage|p1a: Lumineon|300\/342|[from] Stealth Rock
|move|p2a: Ninetales|Calm Mind|p2a: Ninetales
|-boost|p2a: Ninetales|spa|1
|-boost|p2a: Ninetales|spd|1
|
|-heal|p2a: Ninetales|101\/287|[from] item: Leftovers
|-heal|p1a: Lumineon|321\/342|[from] item: Leftovers
|upkeep
|turn|8
|choice|move scald|move calmmind
|
|move|p2a: Ninetales|Calm Mind|p2a: Ninetales
|-boost|p2a: Ninetales|spa|1
|-boost|p2a: Ninetales|spd|1
|move|p1a: Lumineon|Scald|p2a: Ninetales
|-supereffective|p2a: Ninetales
|-damage|p2a: Ninetales|35\/287
|
|-heal|p2a: Ninetales|52\/287|[from] item: Leftovers
|-heal|p1a: Lumineon|342\/342|[from] item: Leftovers
|upkeep
|turn|9
|c|☆Chrisloud|what u were testing?
|c|☆2xTheTap|no one will know until it's too late :o
|choice|move scald|move energyball
|
|move|p2a: Ninetales|Energy Ball|p1a: Lumineon
|-supereffective|p1a: Lumineon
|-damage|p1a: Lumineon|4\/342
|move|p1a: Lumineon|Scald|p2a: Ninetales
|-supereffective|p2a: Ninetales
|-damage|p2a: Ninetales|0 fnt
|faint|p2a: Ninetales
|
|-heal|p1a: Lumineon|25\/342|[from] item: Leftovers
|upkeep
|c|☆Chrisloud|redo after?
|c|☆Chrisloud|wow that's weak
|c|☆Chrisloud|lol
|choice||switch 6
|
|switch|p2a: Zebstrika|Zebstrika, F|289\/289
|-damage|p2a: Zebstrika|253\/289|[from] Stealth Rock
|turn|10
|choice|move uturn|move hiddenpower
|
|move|p2a: Zebstrika|Hidden Power|p1a: Lumineon
|-resisted|p1a: Lumineon
|-damage|p1a: Lumineon|0 fnt
|-damage|p2a: Zebstrika|225\/289|[from] item: Life Orb
|faint|p1a: Lumineon
|
|upkeep
|choice|switch 2|
|
|switch|p1a: Mr. Mime|Mr. Mime, F|221\/221
|-damage|p1a: Mr. Mime|194\/221|[from] Stealth Rock
|turn|11
|choice|move psychic|move voltswitch
|
|move|p1a: Mr. Mime|Psychic|p2a: Zebstrika
|-damage|p2a: Zebstrika|20\/289
|move|p2a: Zebstrika|Volt Switch|p1a: Mr. Mime
|-damage|p1a: Mr. Mime|100\/221
|-damage|p2a: Zebstrika|0 fnt|[from] item: Life Orb
|faint|p2a: Zebstrika
|
|upkeep
|choice||switch 4
|
|switch|p2a: Sawsbuck|Sawsbuck, M|301\/301
|-damage|p2a: Sawsbuck|264\/301|[from] Stealth Rock
|turn|12
|choice|move psychic|move doubleedge
|
|move|p2a: Sawsbuck|Double-Edge|p1a: Mr. Mime
|-damage|p1a: Mr. Mime|0 fnt
|-damage|p2a: Sawsbuck|231\/301|[from] recoil|[of] p1a: Mr. Mime
|faint|p1a: Mr. Mime
|
|upkeep
|choice|switch 5|
|
|switch|p1a: Altaria|Altaria, F|291\/291
|-damage|p1a: Altaria|219\/291|[from] Stealth Rock
|turn|13
|choice|move dragonclaw|switch 2
|
|switch|p2a: Relicanth|Relicanth, F|403\/403
|-damage|p2a: Relicanth|353\/403|[from] Stealth Rock
|move|p1a: Altaria|Dragon Claw|p2a: Relicanth
|-damage|p2a: Relicanth|289\/403
|
|-heal|p1a: Altaria|237\/291|[from] item: Leftovers
|-heal|p2a: Relicanth|314\/403|[from] item: Leftovers
|upkeep
|turn|14
|choice|move roost|move headsmash
|
|move|p1a: Altaria|Roost|p1a: Altaria
|-heal|p1a: Altaria|291\/291
|move|p2a: Relicanth|Head Smash|p1a: Altaria
|-crit|p1a: Altaria
|-damage|p1a: Altaria|21\/291
|-damage|p2a: Relicanth|179\/403|[from] recoil|[of] p1a: Altaria
|
|-heal|p1a: Altaria|39\/291|[from] item: Leftovers
|-heal|p2a: Relicanth|204\/403|[from] item: Leftovers
|upkeep
|turn|15
|choice|move roost|move scald
|
|move|p1a: Altaria|Roost|p1a: Altaria
|-heal|p1a: Altaria|185\/291
|move|p2a: Relicanth|Scald|p1a: Altaria
|-resisted|p1a: Altaria
|-damage|p1a: Altaria|163\/291
|-status|p1a: Altaria|brn
|
|-heal|p1a: Altaria|181\/291 brn|[from] item: Leftovers
|-heal|p2a: Relicanth|229\/403|[from] item: Leftovers
|-damage|p1a: Altaria|145\/291 brn|[from] brn
|upkeep
|turn|16
|choice|move roost|move headsmash
|
|move|p1a: Altaria|Roost|p1a: Altaria
|-heal|p1a: Altaria|291\/291 brn
|move|p2a: Relicanth|Head Smash|p1a: Altaria
|-damage|p1a: Altaria|116\/291 brn
|-damage|p2a: Relicanth|141\/403|[from] recoil|[of] p1a: Altaria
|
|-heal|p1a: Altaria|134\/291 brn|[from] item: Leftovers
|-heal|p2a: Relicanth|166\/403|[from] item: Leftovers
|-damage|p1a: Altaria|98\/291 brn|[from] brn
|upkeep
|turn|17
|choice|move roost|switch 3
|
|switch|p2a: Kadabra|Kadabra, F|222\/222
|move|p1a: Altaria|Roost|p1a: Altaria
|-heal|p1a: Altaria|244\/291 brn
|
|-heal|p1a: Altaria|262\/291 brn|[from] item: Leftovers
|-damage|p1a: Altaria|226\/291 brn|[from] brn
|upkeep
|turn|18
|choice|switch 4|move dazzlinggleam
|
|-curestatus|p1a: Altaria|brn|[from] ability: Natural Cure
|switch|p1a: Zebstrika|Zebstrika, F|226\/291
|-damage|p1a: Zebstrika|190\/291|[from] Stealth Rock
|move|p2a: Kadabra|Dazzling Gleam|p1a: Zebstrika
|-damage|p1a: Zebstrika|13\/291
|
|upkeep
|turn|19
|choice|move thunderbolt|switch 5
|
|switch|p2a: Misdreavus|Misdreavus, M|45\/323
|-damage|p2a: Misdreavus|5\/323|[from] Stealth Rock
|move|p1a: Zebstrika|Thunderbolt|p2a: Misdreavus
|-damage|p2a: Misdreavus|0 fnt
|-damage|p1a: Zebstrika|0 fnt|[from] item: Life Orb
|faint|p2a: Misdreavus
|faint|p1a: Zebstrika
|
|upkeep
|choice|switch 6|switch 2
|
|switch|p2a: Sawsbuck|Sawsbuck, M|231\/301
|switch|p1a: Chatot|Chatot, F|220\/293
|-damage|p2a: Sawsbuck|194\/301|[from] Stealth Rock
|-damage|p1a: Chatot|147\/293|[from] Stealth Rock
|turn|20
|choice|move boomburst|move doubleedge
|
|move|p2a: Sawsbuck|Double-Edge|p1a: Chatot
|-damage|p1a: Chatot|0 fnt
|-damage|p2a: Sawsbuck|145\/301|[from] recoil|[of] p1a: Chatot
|faint|p1a: Chatot
|
|upkeep
|choice|switch 4|
|
|switch|p1a: Altaria|Altaria, F|226\/291
|-damage|p1a: Altaria|154\/291|[from] Stealth Rock
|turn|21
|choice|move roost|move doubleedge
|
|move|p2a: Sawsbuck|Double-Edge|p1a: Altaria
|-damage|p1a: Altaria|0 fnt
|-damage|p2a: Sawsbuck|94\/301|[from] recoil|[of] p1a: Altaria
|faint|p1a: Altaria
|
|win|2xTheTap
|player|p1
|player|p2
|c|☆Chrisloud|gg
|c|☆2xTheTap|gg</script>
</div>
<div class="battle-log battle-log-inline"><div class="inner"><div class="battle-options"></div><div class="inner"><div class="chat"><small>Chrisloud joined.</small></div><div class="chat"><small>2xTheTap joined.</small></div><div class=""><small>Format:</small> <br><strong>PU</strong></div><div class=""><small><em>Sleep Clause Mod:</em> Limit one foe put to sleep</small></div><div class=""><small><em>Species Clause:</em> Limit one of each Pokémon</small></div><div class=""><small><em>OHKO Clause:</em> OHKO moves are banned</small></div><div class=""><small><em>Moody Clause:</em> Moody is banned</small></div><div class=""><small><em>Evasion Moves Clause:</em> Evasion moves are banned</small></div><div class=""><small><em>Endless Battle Clause:</em> Forcing endless battles is banned</small></div><div class=""><small><em>HP Percentage Mod:</em> HP is shown in percentages</small></div><div class=""><small><em>Swagger Clause:</em> Swagger is banned</small></div><div class=""><small><em>Baton Pass Clause:</em> Limit one Baton Passer, can't pass Spe and other stats simultaneously</small></div><div class="chat battle-history"><strong>Chrisloud's team:</strong> <em style="color:#445566;display:block;">Chatot / Mr. Mime / Metang / Lumineon / Altaria / Zebstrika</em></div><div class="chat battle-history"><strong>2xTheTap's team:</strong> <em style="color:#445566;display:block;">Kadabra / Misdreavus / Relicanth / Sawsbuck / Ninetales / Zebstrika</em></div><div class="chat chatmessage-chrisloud"><strong style="color:hsl(98,63%,38%)"><small>☆</small><span class="username" data-name="Chrisloud">Chrisloud</span>:</strong> <em>what do u think about</em></div><div class="chat chatmessage-chrisloud"><strong style="color:hsl(98,63%,38%)"><small>☆</small><span class="username" data-name="Chrisloud">Chrisloud</span>:</strong> <em>me first zebstrika</em></div><div class="chat chatmessage-2xthetap"><strong style="color:hsl(356,51%,50.948703188140954%)"><small>☆</small><span class="username" data-name="2xTheTap">2xTheTap</span>:</strong> <em>it's a lot of fun</em></div><div class="chat chatmessage-2xthetap"><strong style="color:hsl(356,51%,50.948703188140954%)"><small>☆</small><span class="username" data-name="2xTheTap">2xTheTap</span>:</strong> <em>but pretty situational</em></div><div class="spacer battle-history"><br></div><div class="battle-history">Battle started between Chrisloud and 2xTheTap!<br></div><div class="spacer battle-history"><br></div><div class="battle-history">Go! <strong>Metang</strong>!<br></div><div class="spacer battle-history"><br></div><div class="battle-history">2xTheTap sent out <strong>Relicanth</strong>!<br></div><div class="spacer battle-history"><br></div><h2 class="battle-history">Turn 1</h2><div class="spacer battle-history"><br></div><div class="battle-history">Metang used <strong>Stealth Rock</strong>!<br></div><div class="battle-history"><small>Pointed stones float in the air around the opposing team!</small><br></div><div class="spacer battle-history"><br></div><div class="battle-history">The opposing Relicanth used <strong>Stealth Rock</strong>!<br></div><div class="battle-history"><small>Pointed stones float in the air around your team!</small><br></div><div class="spacer battle-history"><br></div><h2 class="battle-history">Turn 2</h2><div class="spacer battle-history"><br></div><div class="battle-history">2xTheTap withdrew Relicanth!<br></div><div class="battle-history">2xTheTap sent out <strong>Misdreavus</strong>!<br></div><div class="battle-history"><small>Pointed stones dug into the opposing Misdreavus!</small><br></div><div class="spacer battle-history"><br></div><div class="battle-history">Metang used <strong>Meteor Mash</strong>!<br></div><div class="battle-history"><small>(The opposing Misdreavus lost <abbr title="−117/323">36.2%</abbr> of its health!)</small><br></div><div class="spacer battle-history"><br></div><h2 class="battle-history">Turn 3</h2><div class="chat chatmessage-2xthetap"><strong style="color:hsl(356,51%,50.948703188140954%)"><small>☆</small><span class="username" data-name="2xTheTap">2xTheTap</span>:</strong> <em>get burned</em></div><div class="spacer battle-history"><br></div><div class="battle-history">The opposing Misdreavus used <strong>Thunder Wave</strong>!<br></div><div class="battle-history"><small>Metang is paralyzed! It may be unable to move!</small><br></div><div class="spacer battle-history"><br></div><div class="battle-history">Metang used <strong>Meteor Mash</strong>!<br></div><div class="battle-history"><small>(The opposing Misdreavus lost <abbr title="−121/323">37.5%</abbr> of its health!)</small><br></div><div class="spacer battle-history"><br></div><h2 class="battle-history">Turn 4</h2><div class="chat chatmessage-chrisloud"><strong style="color:hsl(98,63%,38%)"><small>☆</small><span class="username" data-name="Chrisloud">Chrisloud</span>:</strong> <em>got em</em></div><div class="spacer battle-history"><br></div><div class="battle-history">The opposing Misdreavus used <strong>Hex</strong>!<br></div><div class="battle-history"><small>It's super effective!</small><br></div><div class="battle-history"><small>(Metang lost <abbr title="−222/324">68.5%</abbr> of its health!)</small><br></div><div class="spacer battle-history"><br></div><div class="battle-history">Metang is paralyzed! It can't move!<br></div><div class="spacer battle-history"><br></div><h2 class="battle-history">Turn 5</h2><div class="chat chatmessage-chrisloud"><strong style="color:hsl(98,63%,38%)"><small>☆</small><span class="username" data-name="Chrisloud">Chrisloud</span>:</strong> <em>riperino</em></div><div class="chat chatmessage-2xthetap"><strong style="color:hsl(356,51%,50.948703188140954%)"><small>☆</small><span class="username" data-name="2xTheTap">2xTheTap</span>:</strong> <em>rip</em></div><div class="spacer battle-history"><br></div><div class="battle-history">The opposing Misdreavus used <strong>Hex</strong>!<br></div><div class="battle-history"><small>It's super effective!</small><br></div><div class="battle-history"><small>(Metang lost <abbr title="−102/324">31.5%</abbr> of its health!)</small><br></div><div class="spacer battle-history"><br></div><div class="battle-history">Metang fainted!<br></div><div class="chat chatmessage-2xthetap"><strong style="color:hsl(356,51%,50.948703188140954%)"><small>☆</small><span class="username" data-name="2xTheTap">2xTheTap</span>:</strong> <em>didnt get to test what I wanted</em></div><div class="chat chatmessage-2xthetap"><strong style="color:hsl(356,51%,50.948703188140954%)"><small>☆</small><span class="username" data-name="2xTheTap">2xTheTap</span>:</strong> <em>lol</em></div><div class="chat chatmessage-chrisloud"><strong style="color:hsl(98,63%,38%)"><small>☆</small><span class="username" data-name="Chrisloud">Chrisloud</span>:</strong> <em>that's why I stay in lol</em></div><div class="chat chatmessage-chrisloud"><strong style="color:hsl(98,63%,38%)"><small>☆</small><span class="username" data-name="Chrisloud">Chrisloud</span>:</strong> <em>I though u were testing it</em></div><div class="chat chatmessage-2xthetap"><strong style="color:hsl(356,51%,50.948703188140954%)"><small>☆</small><span class="username" data-name="2xTheTap">2xTheTap</span>:</strong> <em>:-/</em></div><div class="spacer battle-history"><br></div><div class="battle-history">Go! <strong>Chatot</strong>!<br></div><div class="battle-history"><small>Pointed stones dug into Chatot!</small><br></div><div class="spacer battle-history"><br></div><h2 class="battle-history">Turn 6</h2><div class="spacer battle-history"><br></div><div class="battle-history">2xTheTap withdrew Misdreavus!<br></div><div class="battle-history">2xTheTap sent out <strong>Ninetales</strong>!<br></div><div class="battle-history"><small>Pointed stones dug into the opposing Ninetales!</small><br></div><div class="spacer battle-history"><br></div><div class="battle-history">Chatot used <strong>U-turn</strong>!<br></div><div class="battle-history"><small>It's not very effective...</small><br></div><div class="battle-history"><small>(The opposing Ninetales lost <abbr title="−24/287">8.4%</abbr> of its health!)</small><br></div><div class="spacer battle-history"><br></div><div class="battle-history">Chatot went back to Chrisloud!<br></div><div class="battle-history">Go! <strong>Zebstrika</strong>!<br></div><div class="battle-history"><small>Pointed stones dug into Zebstrika!</small><br></div><div class="spacer battle-history"><br></div><div class="battle-history"><small>The opposing Ninetales restored a little HP using its Leftovers!</small><br></div><div class="spacer battle-history"><br></div><h2 class="battle-history">Turn 7</h2><div class="chat chatmessage-chrisloud"><strong style="color:hsl(98,63%,38%)"><small>☆</small><span class="username" data-name="Chrisloud">Chrisloud</span>:</strong> <em>wait I knew that</em></div><div class="chat chatmessage-chrisloud"><strong style="color:hsl(98,63%,38%)"><small>☆</small><span class="username" data-name="Chrisloud">Chrisloud</span>:</strong> <em>why did I do u turn</em></div><div class="spacer battle-history"><br></div><div class="battle-history">Zebstrika used <strong>Volt Switch</strong>!<br></div><div class="battle-history"><small>(The opposing Ninetales lost <abbr title="−125/287">43.6%</abbr> of its health!)</small><br></div><div class="battle-history"><small>Zebstrika lost some of its HP!</small><br></div><div class="spacer battle-history"><br></div><div class="battle-history">Zebstrika went back to Chrisloud!<br></div><div class="battle-history">Go! <strong>Lumineon</strong>!<br></div><div class="battle-history"><small>Pointed stones dug into Lumineon!</small><br></div><div class="spacer battle-history"><br></div><div class="battle-history">The opposing Ninetales used <strong>Calm Mind</strong>!<br></div><div class="battle-history"><small>The opposing Ninetales's Special Attack rose!</small><br></div><div class="battle-history"><small>The opposing Ninetales's Special Defense rose!</small><br></div><div class="spacer battle-history"><br></div><div class="battle-history"><small>The opposing Ninetales restored a little HP using its Leftovers!</small><br></div><div class="battle-history"><small>Lumineon restored a little HP using its Leftovers!</small><br></div><div class="spacer battle-history"><br></div><h2 class="battle-history">Turn 8</h2><div class="spacer battle-history"><br></div><div class="battle-history">The opposing Ninetales used <strong>Calm Mind</strong>!<br></div><div class="battle-history"><small>The opposing Ninetales's Special Attack rose!</small><br></div><div class="battle-history"><small>The opposing Ninetales's Special Defense rose!</small><br></div><div class="spacer battle-history"><br></div><div class="battle-history">Lumineon used <strong>Scald</strong>!<br></div><div class="battle-history"><small>It's super effective!</small><br></div><div class="battle-history"><small>(The opposing Ninetales lost <abbr title="−66/287">23.0%</abbr> of its health!)</small><br></div><div class="spacer battle-history"><br></div><div class="battle-history"><small>The opposing Ninetales restored a little HP using its Leftovers!</small><br></div><div class="battle-history"><small>Lumineon restored a little HP using its Leftovers!</small><br></div><div class="spacer battle-history"><br></div><h2 class="battle-history">Turn 9</h2><div class="chat chatmessage-chrisloud"><strong style="color:hsl(98,63%,38%)"><small>☆</small><span class="username" data-name="Chrisloud">Chrisloud</span>:</strong> <em>what u were testing?</em></div><div class="chat chatmessage-2xthetap"><strong style="color:hsl(356,51%,50.948703188140954%)"><small>☆</small><span class="username" data-name="2xTheTap">2xTheTap</span>:</strong> <em>no one will know until it's too late :o</em></div><div class="spacer battle-history"><br></div><div class="battle-history">The opposing Ninetales used <strong>Energy Ball</strong>!<br></div><div class="battle-history"><small>It's super effective!</small><br></div><div class="battle-history"><small>(Lumineon lost <abbr title="−338/342">98.8%</abbr> of its health!)</small><br></div><div class="spacer battle-history"><br></div><div class="battle-history">Lumineon used <strong>Scald</strong>!<br></div><div class="battle-history"><small>It's super effective!</small><br></div><div class="battle-history"><small>(The opposing Ninetales lost <abbr title="−52/287">18.1%</abbr> of its health!)</small><br></div><div class="spacer battle-history"><br></div><div class="battle-history">The opposing Ninetales fainted!<br></div><div class="spacer battle-history"><br></div><div class="battle-history"><small>Lumineon restored a little HP using its Leftovers!</small><br></div><div class="chat chatmessage-chrisloud"><strong style="color:hsl(98,63%,38%)"><small>☆</small><span class="username" data-name="Chrisloud">Chrisloud</span>:</strong> <em>redo after?</em></div><div class="chat chatmessage-chrisloud"><strong style="color:hsl(98,63%,38%)"><small>☆</small><span class="username" data-name="Chrisloud">Chrisloud</span>:</strong> <em>wow that's weak</em></div><div class="chat chatmessage-chrisloud"><strong style="color:hsl(98,63%,38%)"><small>☆</small><span class="username" data-name="Chrisloud">Chrisloud</span>:</strong> <em>lol</em></div><div class="spacer battle-history"><br></div><div class="battle-history">2xTheTap sent out <strong>Zebstrika</strong>!<br></div><div class="battle-history"><small>Pointed stones dug into the opposing Zebstrika!</small><br></div><div class="spacer battle-history"><br></div><h2 class="battle-history">Turn 10</h2><div class="spacer battle-history"><br></div><div class="battle-history">The opposing Zebstrika used <strong>Hidden Power</strong>!<br></div><div class="battle-history"><small>It's not very effective...</small><br></div><div class="battle-history"><small>(Lumineon lost <abbr title="−25/342">7.3%</abbr> of its health!)</small><br></div><div class="battle-history"><small>The opposing Zebstrika lost some of its HP!</small><br></div><div class="spacer battle-history"><br></div><div class="battle-history">Lumineon fainted!<br></div><div class="spacer battle-history"><br></div><div class="battle-history">Go! <strong>Mr. Mime</strong>!<br></div><div class="battle-history"><small>Pointed stones dug into Mr. Mime!</small><br></div><div class="spacer battle-history"><br></div><h2 class="battle-history">Turn 11</h2><div class="spacer battle-history"><br></div><div class="battle-history">Mr. Mime used <strong>Psychic</strong>!<br></div><div class="battle-history"><small>(The opposing Zebstrika lost <abbr title="−205/289">70.9%</abbr> of its health!)</small><br></div><div class="spacer battle-history"><br></div><div class="battle-history">The opposing Zebstrika used <strong>Volt Switch</strong>!<br></div><div class="battle-history"><small>(Mr. Mime lost <abbr title="−94/221">42.5%</abbr> of its health!)</small><br></div><div class="battle-history"><small>The opposing Zebstrika lost some of its HP!</small><br></div><div class="spacer battle-history"><br></div><div class="battle-history">The opposing Zebstrika fainted!<br></div><div class="spacer battle-history"><br></div><div class="battle-history">2xTheTap sent out <strong>Sawsbuck</strong>!<br></div><div class="battle-history"><small>Pointed stones dug into the opposing Sawsbuck!</small><br></div><div class="spacer battle-history"><br></div><h2 class="battle-history">Turn 12</h2><div class="spacer battle-history"><br></div><div class="battle-history">The opposing Sawsbuck used <strong>Double-Edge</strong>!<br></div><div class="battle-history"><small>(Mr. Mime lost <abbr title="−100/221">45.2%</abbr> of its health!)</small><br></div><div class="battle-history"><small>The opposing Sawsbuck is damaged by the recoil!</small><br></div><div class="spacer battle-history"><br></div><div class="battle-history">Mr. Mime fainted!<br></div><div class="spacer battle-history"><br></div><div class="battle-history">Go! <strong>Altaria</strong>!<br></div><div class="battle-history"><small>Pointed stones dug into Altaria!</small><br></div><div class="spacer battle-history"><br></div><h2 class="battle-history">Turn 13</h2><div class="spacer battle-history"><br></div><div class="battle-history">2xTheTap withdrew Sawsbuck!<br></div><div class="battle-history">2xTheTap sent out <strong>Relicanth</strong>!<br></div><div class="battle-history"><small>Pointed stones dug into the opposing Relicanth!</small><br></div><div class="spacer battle-history"><br></div><div class="battle-history">Altaria used <strong>Dragon Claw</strong>!<br></div><div class="battle-history"><small>(The opposing Relicanth lost <abbr title="−64/403">15.9%</abbr> of its health!)</small><br></div><div class="spacer battle-history"><br></div><div class="battle-history"><small>Altaria restored a little HP using its Leftovers!</small><br></div><div class="battle-history"><small>The opposing Relicanth restored a little HP using its Leftovers!</small><br></div><div class="spacer battle-history"><br></div><h2 class="battle-history">Turn 14</h2><div class="spacer battle-history"><br></div><div class="battle-history">Altaria used <strong>Roost</strong>!<br></div><div class="battle-history"><small>Altaria restored its HP.</small><br></div><div class="spacer battle-history"><br></div><div class="battle-history">The opposing Relicanth used <strong>Head Smash</strong>!<br></div><div class="battle-history"><small>A critical hit!</small><br></div><div class="battle-history"><small>(Altaria lost <abbr title="−270/291">92.8%</abbr> of its health!)</small><br></div><div class="battle-history"><small>The opposing Relicanth is damaged by the recoil!</small><br></div><div class="spacer battle-history"><br></div><div class="battle-history"><small>Altaria restored a little HP using its Leftovers!</small><br></div><div class="battle-history"><small>The opposing Relicanth restored a little HP using its Leftovers!</small><br></div><div class="spacer battle-history"><br></div><h2 class="battle-history">Turn 15</h2><div class="spacer battle-history"><br></div><div class="battle-history">Altaria used <strong>Roost</strong>!<br></div><div class="battle-history"><small>Altaria restored its HP.</small><br></div><div class="spacer battle-history"><br></div><div class="battle-history">The opposing Relicanth used <strong>Scald</strong>!<br></div><div class="battle-history"><small>It's not very effective...</small><br></div><div class="battle-history"><small>(Altaria lost <abbr title="−22/291">7.6%</abbr> of its health!)</small><br></div><div class="battle-history"><small>Altaria was burned!</small><br></div><div class="spacer battle-history"><br></div><div class="battle-history"><small>Altaria restored a little HP using its Leftovers!</small><br></div><div class="battle-history"><small>The opposing Relicanth restored a little HP using its Leftovers!</small><br></div><div class="battle-history"><small>Altaria was hurt by its burn!</small><br></div><div class="spacer battle-history"><br></div><h2 class="battle-history">Turn 16</h2><div class="spacer battle-history"><br></div><div class="battle-history">Altaria used <strong>Roost</strong>!<br></div><div class="battle-history"><small>Altaria restored its HP.</small><br></div><div class="spacer battle-history"><br></div><div class="battle-history">The opposing Relicanth used <strong>Head Smash</strong>!<br></div><div class="battle-history"><small>(Altaria lost <abbr title="−175/291">60.1%</abbr> of its health!)</small><br></div><div class="battle-history"><small>The opposing Relicanth is damaged by the recoil!</small><br></div><div class="spacer battle-history"><br></div><div class="battle-history"><small>Altaria restored a little HP using its Leftovers!</small><br></div><div class="battle-history"><small>The opposing Relicanth restored a little HP using its Leftovers!</small><br></div><div class="battle-history"><small>Altaria was hurt by its burn!</small><br></div><div class="spacer battle-history"><br></div><h2 class="battle-history">Turn 17</h2><div class="spacer battle-history"><br></div><div class="battle-history">2xTheTap withdrew Relicanth!<br></div><div class="battle-history">2xTheTap sent out <strong>Kadabra</strong>!<br></div><div class="spacer battle-history"><br></div><div class="battle-history">Altaria used <strong>Roost</strong>!<br></div><div class="battle-history"><small>Altaria restored its HP.</small><br></div><div class="spacer battle-history"><br></div><div class="battle-history"><small>Altaria restored a little HP using its Leftovers!</small><br></div><div class="battle-history"><small>Altaria was hurt by its burn!</small><br></div><div class="spacer battle-history"><br></div><h2 class="battle-history">Turn 18</h2><div class="spacer battle-history"><br></div><div class="battle-history"><small>(Altaria is cured by its Natural Cure!)</small><br></div><div class="battle-history">Altaria, come back!<br></div><div class="battle-history">Go! <strong>Zebstrika</strong>!<br></div><div class="battle-history"><small>Pointed stones dug into Zebstrika!</small><br></div><div class="spacer battle-history"><br></div><div class="battle-history">The opposing Kadabra used <strong>Dazzling Gleam</strong>!<br></div><div class="battle-history"><small>(Zebstrika lost <abbr title="−177/291">60.8%</abbr> of its health!)</small><br></div><div class="spacer battle-history"><br></div><h2 class="battle-history">Turn 19</h2><div class="spacer battle-history"><br></div><div class="battle-history">2xTheTap withdrew Kadabra!<br></div><div class="battle-history">2xTheTap sent out <strong>Misdreavus</strong>!<br></div><div class="battle-history"><small>Pointed stones dug into the opposing Misdreavus!</small><br></div><div class="spacer battle-history"><br></div><div class="battle-history">Zebstrika used <strong>Thunderbolt</strong>!<br></div><div class="battle-history"><small>(The opposing Misdreavus lost <abbr title="−5/323">1.5%</abbr> of its health!)</small><br></div><div class="battle-history"><small>Zebstrika lost some of its HP!</small><br></div><div class="spacer battle-history"><br></div><div class="battle-history">The opposing Misdreavus fainted!<br></div><div class="battle-history">Zebstrika fainted!<br></div><div class="spacer battle-history"><br></div><div class="battle-history">2xTheTap sent out <strong>Sawsbuck</strong>!<br></div><div class="spacer battle-history"><br></div><div class="battle-history">Go! <strong>Chatot</strong>!<br></div><div class="battle-history"><small>Pointed stones dug into the opposing Sawsbuck!</small><br></div><div class="battle-history"><small>Pointed stones dug into Chatot!</small><br></div><div class="spacer battle-history"><br></div><h2 class="battle-history">Turn 20</h2><div class="spacer battle-history"><br></div><div class="battle-history">The opposing Sawsbuck used <strong>Double-Edge</strong>!<br></div><div class="battle-history"><small>(Chatot lost <abbr title="−147/293">50.2%</abbr> of its health!)</small><br></div><div class="battle-history"><small>The opposing Sawsbuck is damaged by the recoil!</small><br></div><div class="spacer battle-history"><br></div><div class="battle-history">Chatot fainted!<br></div><div class="spacer battle-history"><br></div><div class="battle-history">Go! <strong>Altaria</strong>!<br></div><div class="battle-history"><small>Pointed stones dug into Altaria!</small><br></div><div class="spacer battle-history"><br></div><h2 class="battle-history">Turn 21</h2><div class="spacer battle-history"><br></div><div class="battle-history">The opposing Sawsbuck used <strong>Double-Edge</strong>!<br></div><div class="battle-history"><small>(Altaria lost <abbr title="−154/291">52.9%</abbr> of its health!)</small><br></div><div class="battle-history"><small>The opposing Sawsbuck is damaged by the recoil!</small><br></div><div class="spacer battle-history"><br></div><div class="battle-history">Altaria fainted!<br></div><div class="spacer battle-history"><br></div><div class="battle-history"><strong>2xTheTap</strong> won the battle!<br></div><div class="chat chatmessage-chrisloud"><strong style="color:hsl(98,63%,38%)"><small>☆</small><span class="username" data-name="Chrisloud">Chrisloud</span>:</strong> <em>gg</em></div><div class="chat chatmessage-2xthetap"><strong style="color:hsl(356,51%,50.948703188140954%)"><small>☆</small><span class="username" data-name="2xTheTap">2xTheTap</span>:</strong> <em>gg</em></div></div><div class="inner-preempt"></div></div></div>
</div>
<script>
let daily = Math.floor(Date.now()/1000/60/60/24);document.write('<script src="https://play.pokemonshowdown.com/js/replay-embed.js?version'+daily+'"></'+'script>');
</script>
