<!DOCTYPE html>
<meta charset="utf-8" />
<!-- version 1 -->
<title>PU replay: Imparfait vs. oncle grandpa</title>
<style>
html,body {font-family:Verdana, sans-serif;font-size:10pt;margin:0;padding:0;}body{padding:12px 0;} .battle-log {font-family:Verdana, sans-serif;font-size:10pt;} .battle-log-inline {border:1px solid #AAAAAA;background:#EEF2F5;color:black;max-width:640px;margin:0 auto 80px;padding-bottom:5px;} .battle-log .inner {padding:4px 8px 0px 8px;} .battle-log .inner-preempt {padding:0 8px 4px 8px;} .battle-log .inner-after {margin-top:0.5em;} .battle-log h2 {margin:0.5em -8px;padding:4px 8px;border:1px solid #AAAAAA;background:#E0E7EA;border-left:0;border-right:0;font-family:Verdana, sans-serif;font-size:13pt;} .battle-log .chat {vertical-align:middle;padding:3px 0 3px 0;font-size:8pt;} .battle-log .chat strong {color:#40576A;} .battle-log .chat em {padding:1px 4px 1px 3px;color:#000000;font-style:normal;} .chat.mine {background:rgba(0,0,0,0.05);margin-left:-8px;margin-right:-8px;padding-left:8px;padding-right:8px;} .spoiler {color:#BBBBBB;background:#BBBBBB;padding:0px 3px;} .spoiler:hover, .spoiler:active, .spoiler-shown {color:#000000;background:#E2E2E2;padding:0px 3px;} .spoiler a {color:#BBBBBB;} .spoiler:hover a, .spoiler:active a, .spoiler-shown a {color:#2288CC;} .chat code, .chat .spoiler:hover code, .chat .spoiler:active code, .chat .spoiler-shown code {border:1px solid #C0C0C0;background:#EEEEEE;color:black;padding:0 2px;} .chat .spoiler code {border:1px solid #CCCCCC;background:#CCCCCC;color:#CCCCCC;} .battle-log .rated {padding:3px 4px;} .battle-log .rated strong {color:white;background:#89A;padding:1px 4px;border-radius:4px;} .spacer {margin-top:0.5em;} .message-announce {background:#6688AA;color:white;padding:1px 4px 2px;} .message-announce a, .broadcast-green a, .broadcast-blue a, .broadcast-red a {color:#DDEEFF;} .broadcast-green {background-color:#559955;color:white;padding:2px 4px;} .broadcast-blue {background-color:#6688AA;color:white;padding:2px 4px;} .infobox {border:1px solid #6688AA;padding:2px 4px;} .infobox-limited {max-height:200px;overflow:auto;overflow-x:hidden;} .broadcast-red {background-color:#AA5544;color:white;padding:2px 4px;} .message-learn-canlearn {font-weight:bold;color:#228822;text-decoration:underline;} .message-learn-cannotlearn {font-weight:bold;color:#CC2222;text-decoration:underline;} .message-effect-weak {font-weight:bold;color:#CC2222;} .message-effect-resist {font-weight:bold;color:#6688AA;} .message-effect-immune {font-weight:bold;color:#666666;} .message-learn-list {margin-top:0;margin-bottom:0;} .message-throttle-notice, .message-error {color:#992222;} .message-overflow, .chat small.message-overflow {font-size:0pt;} .message-overflow::before {font-size:9pt;content:'...';} .subtle {color:#3A4A66;}
</style>
<div class="wrapper replay-wrapper" style="max-width:1180px;margin:0 auto">
<input type="hidden" name="replayid" value="pu-582765285" />
<div class="battle"></div><div class="battle-log"></div><div class="replay-controls"></div><div class="replay-controls-2"></div>
<h1 style="font-weight:normal;text-align:center"><strong>PU</strong><br /><a href="http://pokemonshowdown.com/users/imparfait" class="subtle" target="_blank">Imparfait</a> vs. <a href="http://pokemonshowdown.com/users/onclegrandpa" class="subtle" target="_blank">oncle grandpa</a></h1>
<script type="text/plain" class="battle-log-data">|j|Imparfait
|j|oncle grandpa
|player|p1|Imparfait|185
|teamsize|p1|6
|player|p2|oncle grandpa|38
|teamsize|p2|6
|gametype|singles
|gen|6
|tier|PU
|seed|29096,13201,31322,9669
|rule|Sleep Clause Mod: Limit one foe put to sleep
|rule|Species Clause: Limit one of each Pokémon
|rule|OHKO Clause: OHKO moves are banned
|rule|Moody Clause: Moody is banned
|rule|Evasion Moves Clause: Evasion moves are banned
|rule|Endless Battle Clause: Forcing endless battles is banned
|rule|HP Percentage Mod: HP is shown in percentages
|clearpoke
|poke|p1|Metang|item
|poke|p1|Jumpluff, F, shiny|
|poke|p1|Gorebyss, F|item
|poke|p1|Monferno, M|item
|poke|p1|Zebstrika, M|item
|poke|p1|Cryogonal|item
|poke|p2|Arbok, F|item
|poke|p2|Mightyena, F|item
|poke|p2|Wartortle, F|item
|poke|p2|Leavanny, M|item
|poke|p2|Stunfisk, F, shiny|item
|poke|p2|Drifblim, M|item
|rule|Swagger Clause: Swagger is banned
|rule|Baton Pass Clause: Limit one Baton Passer, can't pass Spe and other stats simultaneously
|teampreview
|c|☆Imparfait|gl
|c|☆oncle grandpa|bonne chance
|choice|team 4, team 2, team 3, team 1, team 5, team 6|team 4, team 2, team 3, team 1, team 5, team 6
|
|start
|switch|p1a: Monferno|Monferno, M|269\/269
|switch|p2a: Leona|Leavanny, M|292\/292
|turn|1
|choice|move flareblitz|move knockoff
|
|move|p2a: Leona|Knock Off|p1a: Monferno
|-resisted|p1a: Monferno
|-damage|p1a: Monferno|211\/269
|-enditem|p1a: Monferno|Eviolite|[from] move: Knock Off|[of] p2a: Leona
|move|p1a: Monferno|Flare Blitz|p2a: Leona
|-supereffective|p2a: Leona
|-enditem|p2a: Leona|Focus Sash
|-damage|p2a: Leona|1\/292
|-status|p2a: Leona|brn
|-damage|p1a: Monferno|115\/269|[from] Recoil|[of] p2a: Leona
|
|-damage|p2a: Leona|0 fnt|[from] brn
|upkeep
|faint|p2a: Leona
|c|☆Imparfait|mouais
|c|☆oncle grandpa|merde
|choice||switch 5
|
|switch|p2a: Pizza|Stunfisk, F, shiny|422\/422
|turn|2
|choice|switch 6|move earthpower
|
|switch|p1a: Cryogonal|Cryogonal|281\/281
|move|p2a: Pizza|Earth Power|p1a: Cryogonal
|-immune|p1a: Cryogonal|[msg]|[from] ability: Levitate
|
|upkeep
|turn|3
|choice|move freezedry|switch 3
|
|switch|p2a: TheTrooper|Wartortle, F|322\/322
|move|p1a: Cryogonal|Freeze-Dry|p2a: TheTrooper
|-supereffective|p2a: TheTrooper
|-damage|p2a: TheTrooper|184\/322
|
|upkeep
|turn|4
|choice|move freezedry|move yawn
|
|move|p1a: Cryogonal|Freeze-Dry|p2a: TheTrooper
|-supereffective|p2a: TheTrooper
|-damage|p2a: TheTrooper|38\/322
|move|p2a: TheTrooper|Yawn|p1a: Cryogonal
|-start|p1a: Cryogonal|move: Yawn|[of] p2a: TheTrooper
|
|upkeep
|turn|5
|choice|switch 5|switch 3
|
|switch|p1a: Zebstrika|Zebstrika, M|291\/291
|switch|p2a: Pizza|Stunfisk, F, shiny|422\/422
|
|upkeep
|turn|6
|choice|switch 5|move stealthrock
|
|switch|p1a: Cryogonal|Cryogonal|281\/281
|move|p2a: Pizza|Stealth Rock|p1a: Cryogonal
|-sidestart|p1: Imparfait|move: Stealth Rock
|
|upkeep
|turn|7
|choice|move freezedry|switch 3
|
|switch|p2a: TheTrooper|Wartortle, F|38\/322
|move|p1a: Cryogonal|Freeze-Dry|p2a: TheTrooper
|-supereffective|p2a: TheTrooper
|-damage|p2a: TheTrooper|0 fnt
|faint|p2a: TheTrooper
|
|upkeep
|choice||switch 6
|
|switch|p2a: TheUndead|Drifblim, M|466\/466
|turn|8
|choice|move freezedry|move phantomforce
|
|move|p1a: Cryogonal|Freeze-Dry|p2a: TheUndead
|-supereffective|p2a: TheUndead
|-damage|p2a: TheUndead|110\/466
|-enditem|p2a: TheUndead|Weakness Policy
|-boost|p2a: TheUndead|atk|2
|-boost|p2a: TheUndead|spa|2
|move|p2a: TheUndead|Phantom Force|p1a: Cryogonal|[still]
|-prepare|p2a: TheUndead|Phantom Force|p1a: Cryogonal
|
|upkeep
|turn|9
|choice|switch 6|move phantomforce
|
|switch|p1a: Monferno|Monferno, M|115\/269
|-damage|p1a: Monferno|82\/269|[from] Stealth Rock
|move|p2a: TheUndead|Phantom Force|p1a: Monferno|[from]lockedmove
|-damage|p1a: Monferno|0 fnt
|faint|p1a: Monferno
|
|upkeep
|choice|switch 4|
|
|switch|p1a: Metang|Metang|323\/323
|-damage|p1a: Metang|303\/323|[from] Stealth Rock
|turn|10
|choice|move bulletpunch|move knockoff
|
|move|p1a: Metang|Bullet Punch|p2a: TheUndead
|-damage|p2a: TheUndead|0 fnt
|faint|p2a: TheUndead
|
|upkeep
|choice||switch 2
|
|switch|p2a: Phantom OftheOpera|Mightyena, F|282\/282
|turn|11
|choice|switch 5|move crunch
|
|switch|p1a: Zebstrika|Zebstrika, M|291\/291
|-damage|p1a: Zebstrika|255\/291|[from] Stealth Rock
|move|p2a: Phantom OftheOpera|Crunch|p1a: Zebstrika
|-damage|p1a: Zebstrika|29\/291
|-damage|p2a: Phantom OftheOpera|254\/282|[from] item: Life Orb
|
|upkeep
|turn|12
|choice|move thunderbolt|move suckerpunch
|
|move|p2a: Phantom OftheOpera|Sucker Punch|p1a: Zebstrika
|-damage|p1a: Zebstrika|0 fnt
|-damage|p2a: Phantom OftheOpera|226\/282|[from] item: Life Orb
|faint|p1a: Zebstrika
|-ability|p2a: Phantom OftheOpera|Moxie|boost
|-boost|p2a: Phantom OftheOpera|atk|1
|
|upkeep
|choice|switch 2|
|
|switch|p1a: Jumpluff|Jumpluff, F, shiny|291\/291
|-damage|p1a: Jumpluff|219\/291|[from] Stealth Rock
|turn|13
|choice|move sleeppowder|move crunch
|
|move|p1a: Jumpluff|Sleep Powder|p2a: Phantom OftheOpera
|-status|p2a: Phantom OftheOpera|slp
|cant|p2a: Phantom OftheOpera|slp
|
|upkeep
|turn|14
|c|☆oncle grandpa|je deteste cette attaque
|choice|move acrobatics|move crunch
|
|move|p1a: Jumpluff|Acrobatics|p2a: Phantom OftheOpera
|-damage|p2a: Phantom OftheOpera|66\/282 slp
|cant|p2a: Phantom OftheOpera|slp
|
|upkeep
|turn|15
|choice|move acrobatics|move suckerpunch
|
|-curestatus|p2a: Phantom OftheOpera|slp|[msg]
|move|p2a: Phantom OftheOpera|Sucker Punch|p1a: Jumpluff
|-crit|p1a: Jumpluff
|-damage|p1a: Jumpluff|0 fnt
|-damage|p2a: Phantom OftheOpera|38\/282|[from] item: Life Orb
|faint|p1a: Jumpluff
|-ability|p2a: Phantom OftheOpera|Moxie|boost
|-boost|p2a: Phantom OftheOpera|atk|1
|
|upkeep
|c|☆Imparfait|genre
|c|☆Imparfait|pffffffffffffff
|choice|switch 5|
|
|switch|p1a: Metang|Metang|303\/323
|-damage|p1a: Metang|283\/323|[from] Stealth Rock
|turn|16
|choice|switch 6|move suckerpunch
|
|switch|p1a: Cryogonal|Cryogonal|281\/281
|-damage|p1a: Cryogonal|211\/281|[from] Stealth Rock
|move|p2a: Phantom OftheOpera|Sucker Punch|p1a: Cryogonal|[still]
|-fail|p2a: Phantom OftheOpera
|
|-heal|p1a: Cryogonal|228\/281|[from] item: Leftovers
|upkeep
|turn|17
|choice|move recover|move suckerpunch
|
|move|p2a: Phantom OftheOpera|Sucker Punch|p1a: Cryogonal|[still]
|-fail|p2a: Phantom OftheOpera
|move|p1a: Cryogonal|Recover|p1a: Cryogonal
|-heal|p1a: Cryogonal|281\/281
|
|upkeep
|turn|18
|choice|move recover|move suckerpunch
|
|move|p2a: Phantom OftheOpera|Sucker Punch|p1a: Cryogonal|[still]
|-fail|p2a: Phantom OftheOpera
|move|p1a: Cryogonal|Recover|p1a: Cryogonal
|-fail|p1a: Cryogonal
|
|upkeep
|turn|19
|choice|move recover|move crunch
|
|move|p1a: Cryogonal|Recover|p1a: Cryogonal
|-fail|p1a: Cryogonal
|move|p2a: Phantom OftheOpera|Crunch|p1a: Cryogonal
|-damage|p1a: Cryogonal|0 fnt
|-damage|p2a: Phantom OftheOpera|10\/282|[from] item: Life Orb
|faint|p1a: Cryogonal
|-ability|p2a: Phantom OftheOpera|Moxie|boost
|-boost|p2a: Phantom OftheOpera|atk|1
|
|upkeep
|choice|switch 6|
|
|switch|p1a: Metang|Metang|283\/323
|-damage|p1a: Metang|263\/323|[from] Stealth Rock
|turn|20
|choice|move bulletpunch|move suckerpunch
|
|move|p2a: Phantom OftheOpera|Sucker Punch|p1a: Metang
|-supereffective|p1a: Metang
|-damage|p1a: Metang|0 fnt
|-damage|p2a: Phantom OftheOpera|0 fnt|[from] item: Life Orb
|faint|p1a: Metang
|faint|p2a: Phantom OftheOpera
|
|upkeep
|c|☆Imparfait|bah voila
|choice|switch 3|switch 4
|
|switch|p2a: Coral|Arbok, F|262\/262
|switch|p1a: Gorebyss|Gorebyss, F|251\/251
|-damage|p1a: Gorebyss|220\/251|[from] Stealth Rock
|turn|21
|c|☆Imparfait|le réveil me fait lose
|choice|move shellsmash|move coil
|
|move|p2a: Coral|Coil|p2a: Coral
|-boost|p2a: Coral|atk|1
|-boost|p2a: Coral|def|1
|-boost|p2a: Coral|accuracy|1
|move|p1a: Gorebyss|Shell Smash|p1a: Gorebyss
|-unboost|p1a: Gorebyss|def|1
|-unboost|p1a: Gorebyss|spd|1
|-boost|p1a: Gorebyss|atk|2
|-boost|p1a: Gorebyss|spa|2
|-boost|p1a: Gorebyss|spe|2
|-enditem|p1a: Gorebyss|White Herb
|-clearnegativeboost|p1a: Gorebyss|[silent]
|
|upkeep
|turn|22
|choice|move surf|move gunkshot
|
|move|p1a: Gorebyss|Surf|p2a: Coral
|-damage|p2a: Coral|0 fnt
|faint|p2a: Coral
|
|upkeep
|choice||switch 3
|
|switch|p2a: Pizza|Stunfisk, F, shiny|422\/422
|turn|23
|c|☆Imparfait|ah non
|choice|move surf|move discharge
|
|move|p1a: Gorebyss|Surf|p2a: Pizza
|-supereffective|p2a: Pizza
|-crit|p2a: Pizza
|-damage|p2a: Pizza|0 fnt
|faint|p2a: Pizza
|
|win|Imparfait
|c|☆oncle grandpa|gg
|c|☆Imparfait|gg
|c|☆oncle grandpa|c'etait court
|c|☆oncle grandpa|mais bien</script>
</div>
<div class="battle-log battle-log-inline"><div class="inner"><div class="battle-options"></div><div class="inner"><div class="chat"><small>Imparfait joined.</small></div><div class="chat"><small>oncle grandpa joined.</small></div><div class=""><small>Format:</small> <br><strong>PU</strong></div><div class=""><small><em>Sleep Clause Mod:</em> Limit one foe put to sleep</small></div><div class=""><small><em>Species Clause:</em> Limit one of each Pokémon</small></div><div class=""><small><em>OHKO Clause:</em> OHKO moves are banned</small></div><div class=""><small><em>Moody Clause:</em> Moody is banned</small></div><div class=""><small><em>Evasion Moves Clause:</em> Evasion moves are banned</small></div><div class=""><small><em>Endless Battle Clause:</em> Forcing endless battles is banned</small></div><div class=""><small><em>HP Percentage Mod:</em> HP is shown in percentages</small></div><div class=""><small><em>Swagger Clause:</em> Swagger is banned</small></div><div class=""><small><em>Baton Pass Clause:</em> Limit one Baton Passer, can't pass Spe and other stats simultaneously</small></div><div class="chat battle-history"><strong>Imparfait's team:</strong> <em style="color:#445566;display:block;">Metang / Jumpluff / Gorebyss / Monferno / Zebstrika / Cryogonal</em></div><div class="chat battle-history"><strong>oncle grandpa's team:</strong> <em style="color:#445566;display:block;">Arbok / Mightyena / Wartortle / Leavanny / Stunfisk / Drifblim</em></div><div class="chat chatmessage-imparfait"><strong style="color:hsl(210,44%,45%)"><small>☆</small><span class="username" data-name="Imparfait">Imparfait</span>:</strong> <em>gl</em></div><div class="chat chatmessage-onclegrandpa"><strong style="color:hsl(216,84%,46%)"><small>☆</small><span class="username" data-name="oncle grandpa">oncle grandpa</span>:</strong> <em>bonne chance</em></div><div class="spacer battle-history"><br></div><div class="battle-history">Battle started between Imparfait and oncle grandpa!<br></div><div class="spacer battle-history"><br></div><div class="battle-history">Go! <strong>Monferno</strong>!<br></div><div class="spacer battle-history"><br></div><div class="battle-history">oncle grandpa sent out Leona (<strong>Leavanny</strong>)!<br></div><div class="spacer battle-history"><br></div><h2 class="battle-history">Turn 1</h2><div class="spacer battle-history"><br></div><div class="battle-history">The opposing Leona used <strong>Knock Off</strong>!<br></div><div class="battle-history"><small>It's not very effective...</small><br></div><div class="battle-history"><small>(Monferno lost <abbr title="−58/269">21.6%</abbr> of its health!)</small><br></div><div class="battle-history"><small>The opposing Leona knocked off Monferno's Eviolite!</small><br></div><div class="spacer battle-history"><br></div><div class="battle-history">Monferno used <strong>Flare Blitz</strong>!<br></div><div class="battle-history"><small>It's super effective!</small><br></div><div class="battle-history"><small>The opposing Leona hung on using its Focus Sash!</small><br></div><div class="battle-history"><small>(The opposing Leona lost <abbr title="−291/292">99.7%</abbr> of its health!)</small><br></div><div class="battle-history"><small>The opposing Leona was burned!</small><br></div><div class="battle-history"><small>Monferno is damaged by the recoil!</small><br></div><div class="spacer battle-history"><br></div><div class="battle-history"><small>The opposing Leona was hurt by its burn!</small><br></div><div class="spacer battle-history"><br></div><div class="battle-history">The opposing Leona fainted!<br></div><div class="chat chatmessage-imparfait"><strong style="color:hsl(210,44%,45%)"><small>☆</small><span class="username" data-name="Imparfait">Imparfait</span>:</strong> <em>mouais</em></div><div class="chat chatmessage-onclegrandpa"><strong style="color:hsl(216,84%,46%)"><small>☆</small><span class="username" data-name="oncle grandpa">oncle grandpa</span>:</strong> <em>merde</em></div><div class="spacer battle-history"><br></div><div class="battle-history">oncle grandpa sent out Pizza (<strong>Stunfisk</strong>)!<br></div><div class="spacer battle-history"><br></div><h2 class="battle-history">Turn 2</h2><div class="spacer battle-history"><br></div><div class="battle-history">Monferno, come back!<br></div><div class="battle-history">Go! <strong>Cryogonal</strong>!<br></div><div class="spacer battle-history"><br></div><div class="battle-history">The opposing Pizza used <strong>Earth Power</strong>!<br></div><div class="battle-history"><small>[Cryogonal's Levitate]</small><br><small>It doesn't affect Cryogonal...</small><br></div><div class="spacer battle-history"><br></div><h2 class="battle-history">Turn 3</h2><div class="spacer battle-history"><br></div><div class="battle-history">oncle grandpa withdrew Pizza!<br></div><div class="battle-history">oncle grandpa sent out TheTrooper (<strong>Wartortle</strong>)!<br></div><div class="spacer battle-history"><br></div><div class="battle-history">Cryogonal used <strong>Freeze-Dry</strong>!<br></div><div class="battle-history"><small>It's super effective!</small><br></div><div class="battle-history"><small>(The opposing TheTrooper lost <abbr title="−138/322">42.9%</abbr> of its health!)</small><br></div><div class="spacer battle-history"><br></div><h2 class="battle-history">Turn 4</h2><div class="spacer battle-history"><br></div><div class="battle-history">Cryogonal used <strong>Freeze-Dry</strong>!<br></div><div class="battle-history"><small>It's super effective!</small><br></div><div class="battle-history"><small>(The opposing TheTrooper lost <abbr title="−146/322">45.3%</abbr> of its health!)</small><br></div><div class="spacer battle-history"><br></div><div class="battle-history">The opposing TheTrooper used <strong>Yawn</strong>!<br></div><div class="battle-history"><small>Cryogonal grew drowsy!</small><br></div><div class="spacer battle-history"><br></div><h2 class="battle-history">Turn 5</h2><div class="spacer battle-history"><br></div><div class="battle-history">Cryogonal, come back!<br></div><div class="battle-history">Go! <strong>Zebstrika</strong>!<br></div><div class="spacer battle-history"><br></div><div class="battle-history">oncle grandpa withdrew TheTrooper!<br></div><div class="battle-history">oncle grandpa sent out Pizza (<strong>Stunfisk</strong>)!<br></div><div class="spacer battle-history"><br></div><h2 class="battle-history">Turn 6</h2><div class="spacer battle-history"><br></div><div class="battle-history">Zebstrika, come back!<br></div><div class="battle-history">Go! <strong>Cryogonal</strong>!<br></div><div class="spacer battle-history"><br></div><div class="battle-history">The opposing Pizza used <strong>Stealth Rock</strong>!<br></div><div class="battle-history"><small>Pointed stones float in the air around your team!</small><br></div><div class="spacer battle-history"><br></div><h2 class="battle-history">Turn 7</h2><div class="spacer battle-history"><br></div><div class="battle-history">oncle grandpa withdrew Pizza!<br></div><div class="battle-history">oncle grandpa sent out TheTrooper (<strong>Wartortle</strong>)!<br></div><div class="spacer battle-history"><br></div><div class="battle-history">Cryogonal used <strong>Freeze-Dry</strong>!<br></div><div class="battle-history"><small>It's super effective!</small><br></div><div class="battle-history"><small>(The opposing TheTrooper lost <abbr title="−38/322">11.8%</abbr> of its health!)</small><br></div><div class="spacer battle-history"><br></div><div class="battle-history">The opposing TheTrooper fainted!<br></div><div class="spacer battle-history"><br></div><div class="battle-history">oncle grandpa sent out TheUndead (<strong>Drifblim</strong>)!<br></div><div class="spacer battle-history"><br></div><h2 class="battle-history">Turn 8</h2><div class="spacer battle-history"><br></div><div class="battle-history">Cryogonal used <strong>Freeze-Dry</strong>!<br></div><div class="battle-history"><small>It's super effective!</small><br></div><div class="battle-history"><small>(The opposing TheUndead lost <abbr title="−356/466">76.4%</abbr> of its health!)</small><br></div><div class="battle-history"><small>(The opposing TheUndead used its Weakness Policy!)</small><br></div><div class="battle-history"><small>The opposing TheUndead's Attack rose sharply!</small><br></div><div class="battle-history"><small>The opposing TheUndead's Special Attack rose sharply!</small><br></div><div class="spacer battle-history"><br></div><div class="battle-history">The opposing TheUndead used <strong>Phantom Force</strong>!<br></div><div class="battle-history">The opposing TheUndead vanished instantly!<br></div><div class="spacer battle-history"><br></div><h2 class="battle-history">Turn 9</h2><div class="spacer battle-history"><br></div><div class="battle-history">Cryogonal, come back!<br></div><div class="battle-history">Go! <strong>Monferno</strong>!<br></div><div class="battle-history"><small>Pointed stones dug into Monferno!</small><br></div><div class="spacer battle-history"><br></div><div class="battle-history">The opposing TheUndead used <strong>Phantom Force</strong>!<br></div><div class="battle-history"><small>(Monferno lost <abbr title="−82/269">30.5%</abbr> of its health!)</small><br></div><div class="spacer battle-history"><br></div><div class="battle-history">Monferno fainted!<br></div><div class="spacer battle-history"><br></div><div class="battle-history">Go! <strong>Metang</strong>!<br></div><div class="battle-history"><small>Pointed stones dug into Metang!</small><br></div><div class="spacer battle-history"><br></div><h2 class="battle-history">Turn 10</h2><div class="spacer battle-history"><br></div><div class="battle-history">Metang used <strong>Bullet Punch</strong>!<br></div><div class="battle-history"><small>(The opposing TheUndead lost <abbr title="−110/466">23.6%</abbr> of its health!)</small><br></div><div class="spacer battle-history"><br></div><div class="battle-history">The opposing TheUndead fainted!<br></div><div class="spacer battle-history"><br></div><div class="battle-history">oncle grandpa sent out Phantom OftheOpera (<strong>Mightyena</strong>)!<br></div><div class="spacer battle-history"><br></div><h2 class="battle-history">Turn 11</h2><div class="spacer battle-history"><br></div><div class="battle-history">Metang, come back!<br></div><div class="battle-history">Go! <strong>Zebstrika</strong>!<br></div><div class="battle-history"><small>Pointed stones dug into Zebstrika!</small><br></div><div class="spacer battle-history"><br></div><div class="battle-history">The opposing Phantom OftheOpera used <strong>Crunch</strong>!<br></div><div class="battle-history"><small>(Zebstrika lost <abbr title="−226/291">77.7%</abbr> of its health!)</small><br></div><div class="battle-history"><small>The opposing Phantom OftheOpera lost some of its HP!</small><br></div><div class="spacer battle-history"><br></div><h2 class="battle-history">Turn 12</h2><div class="spacer battle-history"><br></div><div class="battle-history">The opposing Phantom OftheOpera used <strong>Sucker Punch</strong>!<br></div><div class="battle-history"><small>(Zebstrika lost <abbr title="−29/291">10.0%</abbr> of its health!)</small><br></div><div class="battle-history"><small>The opposing Phantom OftheOpera lost some of its HP!</small><br></div><div class="spacer battle-history"><br></div><div class="battle-history">Zebstrika fainted!<br></div><div class="battle-history"><small>[The opposing Phantom OftheOpera's Moxie]</small><br></div><div class="battle-history"><small>The opposing Phantom OftheOpera's Attack rose!</small><br></div><div class="spacer battle-history"><br></div><div class="battle-history">Go! <strong>Jumpluff</strong>!<br></div><div class="battle-history"><small>Pointed stones dug into Jumpluff!</small><br></div><div class="spacer battle-history"><br></div><h2 class="battle-history">Turn 13</h2><div class="spacer battle-history"><br></div><div class="battle-history">Jumpluff used <strong>Sleep Powder</strong>!<br></div><div class="battle-history"><small>The opposing Phantom OftheOpera fell asleep!</small><br></div><div class="spacer battle-history"><br></div><div class="battle-history">The opposing Phantom OftheOpera is fast asleep.<br></div><div class="spacer battle-history"><br></div><h2 class="battle-history">Turn 14</h2><div class="chat chatmessage-onclegrandpa"><strong style="color:hsl(216,84%,46%)"><small>☆</small><span class="username" data-name="oncle grandpa">oncle grandpa</span>:</strong> <em>je deteste cette attaque</em></div><div class="spacer battle-history"><br></div><div class="battle-history">Jumpluff used <strong>Acrobatics</strong>!<br></div><div class="battle-history"><small>(The opposing Phantom OftheOpera lost <abbr title="−160/282">56.7%</abbr> of its health!)</small><br></div><div class="spacer battle-history"><br></div><div class="battle-history">The opposing Phantom OftheOpera is fast asleep.<br></div><div class="spacer battle-history"><br></div><h2 class="battle-history">Turn 15</h2><div class="spacer battle-history"><br></div><div class="battle-history"><small>The opposing Phantom OftheOpera woke up!</small><br></div><div class="spacer battle-history"><br></div><div class="battle-history">The opposing Phantom OftheOpera used <strong>Sucker Punch</strong>!<br></div><div class="battle-history"><small>A critical hit!</small><br></div><div class="battle-history"><small>(Jumpluff lost <abbr title="−219/291">75.3%</abbr> of its health!)</small><br></div><div class="battle-history"><small>The opposing Phantom OftheOpera lost some of its HP!</small><br></div><div class="spacer battle-history"><br></div><div class="battle-history">Jumpluff fainted!<br></div><div class="battle-history"><small>[The opposing Phantom OftheOpera's Moxie]</small><br></div><div class="battle-history"><small>The opposing Phantom OftheOpera's Attack rose!</small><br></div><div class="chat chatmessage-imparfait"><strong style="color:hsl(210,44%,45%)"><small>☆</small><span class="username" data-name="Imparfait">Imparfait</span>:</strong> <em>genre</em></div><div class="chat chatmessage-imparfait"><strong style="color:hsl(210,44%,45%)"><small>☆</small><span class="username" data-name="Imparfait">Imparfait</span>:</strong> <em>pffffffffffffff</em></div><div class="spacer battle-history"><br></div><div class="battle-history">Go! <strong>Metang</strong>!<br></div><div class="battle-history"><small>Pointed stones dug into Metang!</small><br></div><div class="spacer battle-history"><br></div><h2 class="battle-history">Turn 16</h2><div class="spacer battle-history"><br></div><div class="battle-history">Metang, come back!<br></div><div class="battle-history">Go! <strong>Cryogonal</strong>!<br></div><div class="battle-history"><small>Pointed stones dug into Cryogonal!</small><br></div><div class="spacer battle-history"><br></div><div class="battle-history">The opposing Phantom OftheOpera used <strong>Sucker Punch</strong>!<br></div><div class="battle-history"><small>But it failed!</small><br></div><div class="spacer battle-history"><br></div><div class="battle-history"><small>Cryogonal restored a little HP using its Leftovers!</small><br></div><div class="spacer battle-history"><br></div><h2 class="battle-history">Turn 17</h2><div class="spacer battle-history"><br></div><div class="battle-history">The opposing Phantom OftheOpera used <strong>Sucker Punch</strong>!<br></div><div class="battle-history"><small>But it failed!</small><br></div><div class="spacer battle-history"><br></div><div class="battle-history">Cryogonal used <strong>Recover</strong>!<br></div><div class="battle-history"><small>Cryogonal restored its HP.</small><br></div><div class="spacer battle-history"><br></div><h2 class="battle-history">Turn 18</h2><div class="spacer battle-history"><br></div><div class="battle-history">The opposing Phantom OftheOpera used <strong>Sucker Punch</strong>!<br></div><div class="battle-history"><small>But it failed!</small><br></div><div class="spacer battle-history"><br></div><div class="battle-history">Cryogonal used <strong>Recover</strong>!<br></div><div class="battle-history"><small>But it failed!</small><br></div><div class="spacer battle-history"><br></div><h2 class="battle-history">Turn 19</h2><div class="spacer battle-history"><br></div><div class="battle-history">Cryogonal used <strong>Recover</strong>!<br></div><div class="battle-history"><small>But it failed!</small><br></div><div class="spacer battle-history"><br></div><div class="battle-history">The opposing Phantom OftheOpera used <strong>Crunch</strong>!<br></div><div class="battle-history"><small>(Cryogonal lost <abbr title="−281/281">100%</abbr> of its health!)</small><br></div><div class="battle-history"><small>The opposing Phantom OftheOpera lost some of its HP!</small><br></div><div class="spacer battle-history"><br></div><div class="battle-history">Cryogonal fainted!<br></div><div class="battle-history"><small>[The opposing Phantom OftheOpera's Moxie]</small><br></div><div class="battle-history"><small>The opposing Phantom OftheOpera's Attack rose!</small><br></div><div class="spacer battle-history"><br></div><div class="battle-history">Go! <strong>Metang</strong>!<br></div><div class="battle-history"><small>Pointed stones dug into Metang!</small><br></div><div class="spacer battle-history"><br></div><h2 class="battle-history">Turn 20</h2><div class="spacer battle-history"><br></div><div class="battle-history">The opposing Phantom OftheOpera used <strong>Sucker Punch</strong>!<br></div><div class="battle-history"><small>It's super effective!</small><br></div><div class="battle-history"><small>(Metang lost <abbr title="−263/323">81.4%</abbr> of its health!)</small><br></div><div class="battle-history"><small>The opposing Phantom OftheOpera lost some of its HP!</small><br></div><div class="spacer battle-history"><br></div><div class="battle-history">Metang fainted!<br></div><div class="battle-history">The opposing Phantom OftheOpera fainted!<br></div><div class="chat chatmessage-imparfait"><strong style="color:hsl(210,44%,45%)"><small>☆</small><span class="username" data-name="Imparfait">Imparfait</span>:</strong> <em>bah voila</em></div><div class="spacer battle-history"><br></div><div class="battle-history">oncle grandpa sent out Coral (<strong>Arbok</strong>)!<br></div><div class="spacer battle-history"><br></div><div class="battle-history">Go! <strong>Gorebyss</strong>!<br></div><div class="battle-history"><small>Pointed stones dug into Gorebyss!</small><br></div><div class="spacer battle-history"><br></div><h2 class="battle-history">Turn 21</h2><div class="chat chatmessage-imparfait"><strong style="color:hsl(210,44%,45%)"><small>☆</small><span class="username" data-name="Imparfait">Imparfait</span>:</strong> <em>le réveil me fait lose</em></div><div class="spacer battle-history"><br></div><div class="battle-history">The opposing Coral used <strong>Coil</strong>!<br></div><div class="battle-history"><small>The opposing Coral's Attack rose!</small><br></div><div class="battle-history"><small>The opposing Coral's Defense rose!</small><br></div><div class="battle-history"><small>The opposing Coral's accuracy rose!</small><br></div><div class="spacer battle-history"><br></div><div class="battle-history">Gorebyss used <strong>Shell Smash</strong>!<br></div><div class="battle-history"><small>Gorebyss's Defense fell!</small><br></div><div class="battle-history"><small>Gorebyss's Special Defense fell!</small><br></div><div class="battle-history"><small>Gorebyss's Attack rose sharply!</small><br></div><div class="battle-history"><small>Gorebyss's Special Attack rose sharply!</small><br></div><div class="battle-history"><small>Gorebyss's Speed rose sharply!</small><br></div><div class="battle-history"><small>Gorebyss returned its status to normal using its White Herb!</small><br></div><div class="spacer battle-history"><br></div><h2 class="battle-history">Turn 22</h2><div class="spacer battle-history"><br></div><div class="battle-history">Gorebyss used <strong>Surf</strong>!<br></div><div class="battle-history"><small>(The opposing Coral lost <abbr title="−262/262">100%</abbr> of its health!)</small><br></div><div class="spacer battle-history"><br></div><div class="battle-history">The opposing Coral fainted!<br></div><div class="spacer battle-history"><br></div><div class="battle-history">oncle grandpa sent out Pizza (<strong>Stunfisk</strong>)!<br></div><div class="spacer battle-history"><br></div><h2 class="battle-history">Turn 23</h2><div class="chat chatmessage-imparfait"><strong style="color:hsl(210,44%,45%)"><small>☆</small><span class="username" data-name="Imparfait">Imparfait</span>:</strong> <em>ah non</em></div><div class="spacer battle-history"><br></div><div class="battle-history">Gorebyss used <strong>Surf</strong>!<br></div><div class="battle-history"><small>It's super effective!</small><br></div><div class="battle-history"><small>A critical hit!</small><br></div><div class="battle-history"><small>(The opposing Pizza lost <abbr title="−422/422">100%</abbr> of its health!)</small><br></div><div class="spacer battle-history"><br></div><div class="battle-history">The opposing Pizza fainted!<br></div><div class="spacer battle-history"><br></div><div class="battle-history"><strong>Imparfait</strong> won the battle!<br></div><div class="chat chatmessage-onclegrandpa"><strong style="color:hsl(216,84%,46%)"><small>☆</small><span class="username" data-name="oncle grandpa">oncle grandpa</span>:</strong> <em>gg</em></div><div class="chat chatmessage-imparfait"><strong style="color:hsl(210,44%,45%)"><small>☆</small><span class="username" data-name="Imparfait">Imparfait</span>:</strong> <em>gg</em></div><div class="chat chatmessage-onclegrandpa"><strong style="color:hsl(216,84%,46%)"><small>☆</small><span class="username" data-name="oncle grandpa">oncle grandpa</span>:</strong> <em>c'etait court</em></div><div class="chat chatmessage-onclegrandpa"><strong style="color:hsl(216,84%,46%)"><small>☆</small><span class="username" data-name="oncle grandpa">oncle grandpa</span>:</strong> <em>mais bien</em></div></div><div class="inner-preempt"></div></div></div>
</div>
<script>
let daily = Math.floor(Date.now()/1000/60/60/24);document.write('<script src="https://play.pokemonshowdown.com/js/replay-embed.js?version'+daily+'"></'+'script>');
</script>
