<!DOCTYPE html>
<meta charset="utf-8" />
<!-- version 1 -->
<title>PU replay: 275p vs. LuisCGO</title>
<style>
html,body {font-family:Verdana, sans-serif;font-size:10pt;margin:0;padding:0;}body{padding:12px 0;} .battle-log {font-family:Verdana, sans-serif;font-size:10pt;} .battle-log-inline {border:1px solid #AAAAAA;background:#EEF2F5;color:black;max-width:640px;margin:0 auto 80px;padding-bottom:5px;} .battle-log .inner {padding:4px 8px 0px 8px;} .battle-log .inner-preempt {padding:0 8px 4px 8px;} .battle-log .inner-after {margin-top:0.5em;} .battle-log h2 {margin:0.5em -8px;padding:4px 8px;border:1px solid #AAAAAA;background:#E0E7EA;border-left:0;border-right:0;font-family:Verdana, sans-serif;font-size:13pt;} .battle-log .chat {vertical-align:middle;padding:3px 0 3px 0;font-size:8pt;} .battle-log .chat strong {color:#40576A;} .battle-log .chat em {padding:1px 4px 1px 3px;color:#000000;font-style:normal;} .chat.mine {background:rgba(0,0,0,0.05);margin-left:-8px;margin-right:-8px;padding-left:8px;padding-right:8px;} .spoiler {color:#BBBBBB;background:#BBBBBB;padding:0px 3px;} .spoiler:hover, .spoiler:active, .spoiler-shown {color:#000000;background:#E2E2E2;padding:0px 3px;} .spoiler a {color:#BBBBBB;} .spoiler:hover a, .spoiler:active a, .spoiler-shown a {color:#2288CC;} .chat code, .chat .spoiler:hover code, .chat .spoiler:active code, .chat .spoiler-shown code {border:1px solid #C0C0C0;background:#EEEEEE;color:black;padding:0 2px;} .chat .spoiler code {border:1px solid #CCCCCC;background:#CCCCCC;color:#CCCCCC;} .battle-log .rated {padding:3px 4px;} .battle-log .rated strong {color:white;background:#89A;padding:1px 4px;border-radius:4px;} .spacer {margin-top:0.5em;} .message-announce {background:#6688AA;color:white;padding:1px 4px 2px;} .message-announce a, .broadcast-green a, .broadcast-blue a, .broadcast-red a {color:#DDEEFF;} .broadcast-green {background-color:#559955;color:white;padding:2px 4px;} .broadcast-blue {background-color:#6688AA;color:white;padding:2px 4px;} .infobox {border:1px solid #6688AA;padding:2px 4px;} .infobox-limited {max-height:200px;overflow:auto;overflow-x:hidden;} .broadcast-red {background-color:#AA5544;color:white;padding:2px 4px;} .message-learn-canlearn {font-weight:bold;color:#228822;text-decoration:underline;} .message-learn-cannotlearn {font-weight:bold;color:#CC2222;text-decoration:underline;} .message-effect-weak {font-weight:bold;color:#CC2222;} .message-effect-resist {font-weight:bold;color:#6688AA;} .message-effect-immune {font-weight:bold;color:#666666;} .message-learn-list {margin-top:0;margin-bottom:0;} .message-throttle-notice, .message-error {color:#992222;} .message-overflow, .chat small.message-overflow {font-size:0pt;} .message-overflow::before {font-size:9pt;content:'...';} .subtle {color:#3A4A66;}
</style>
<div class="wrapper replay-wrapper" style="max-width:1180px;margin:0 auto">
<input type="hidden" name="replayid" value="pu-582787418" />
<div class="battle"></div><div class="battle-log"></div><div class="replay-controls"></div><div class="replay-controls-2"></div>
<h1 style="font-weight:normal;text-align:center"><strong>PU</strong><br /><a href="http://pokemonshowdown.com/users/275p" class="subtle" target="_blank">275p</a> vs. <a href="http://pokemonshowdown.com/users/luiscgo" class="subtle" target="_blank">LuisCGO</a></h1>
<script type="text/plain" class="battle-log-data">|j|275p
|j|LuisCGO
|player|p1|275p|69
|teamsize|p1|6
|player|p2|LuisCGO|102
|teamsize|p2|6
|gametype|singles
|gen|6
|tier|PU
|rated
|seed|20330,65500,62270,37387
|rule|Sleep Clause Mod: Limit one foe put to sleep
|rule|Species Clause: Limit one of each Pokémon
|rule|OHKO Clause: OHKO moves are banned
|rule|Moody Clause: Moody is banned
|rule|Evasion Moves Clause: Evasion moves are banned
|rule|Endless Battle Clause: Forcing endless battles is banned
|rule|HP Percentage Mod: HP is shown in percentages
|clearpoke
|poke|p1|Whiscash, M|item
|poke|p1|Spinda, M|item
|poke|p1|Leavanny, M|item
|poke|p1|Meowstic, M|item
|poke|p1|Armaldo, F|item
|poke|p1|Swalot, M, shiny|item
|poke|p2|Rapidash, M, shiny|item
|poke|p2|Drifblim, F|item
|poke|p2|Dusknoir, F|item
|poke|p2|Leafeon, M|item
|poke|p2|Whirlipede, M|item
|poke|p2|Floatzel, F|item
|rule|Swagger Clause: Swagger is banned
|rule|Baton Pass Clause: Limit one Baton Passer, can't pass Spe and other stats simultaneously
|teampreview
|choice|team 3, team 2, team 1, team 4, team 5, team 6|team 3, team 2, team 1, team 4, team 5, team 6
|
|start
|switch|p1a: Leavanny|Leavanny, M|291\/291
|switch|p2a: Casper|Dusknoir, F|232\/232
|-ability|p2a: Casper|Pressure
|turn|1
|inactive|Battle timer is ON: inactive players will automatically lose when time's up. (requested by 275p)
|choice|move knockoff|move willowisp
|
|move|p1a: Leavanny|Knock Off|p2a: Casper
|-supereffective|p2a: Casper
|-damage|p2a: Casper|86\/232
|-enditem|p2a: Casper|Leftovers|[from] move: Knock Off|[of] p1a: Leavanny
|move|p2a: Casper|Will-O-Wisp|p1a: Leavanny|[miss]
|-miss|p2a: Casper|p1a: Leavanny
|
|upkeep
|turn|2
|choice|move knockoff|move willowisp
|
|move|p1a: Leavanny|Knock Off|p2a: Casper
|-supereffective|p2a: Casper
|-damage|p2a: Casper|0 fnt
|faint|p2a: Casper
|
|upkeep
|choice||switch 2
|
|switch|p2a: Hot Air Ballon|Drifblim, F|442\/442
|turn|3
|choice|move knockoff|move aircutter
|
|move|p1a: Leavanny|Knock Off|p2a: Hot Air Ballon
|-supereffective|p2a: Hot Air Ballon
|-damage|p2a: Hot Air Ballon|134\/442
|-enditem|p2a: Hot Air Ballon|Petaya Berry|[from] move: Knock Off|[of] p1a: Leavanny
|move|p2a: Hot Air Ballon|Air Cutter|p1a: Leavanny
|-supereffective|p1a: Leavanny
|-enditem|p1a: Leavanny|Focus Sash
|-damage|p1a: Leavanny|1\/291
|
|upkeep
|turn|4
|choice|move stickyweb|move aircutter
|
|move|p2a: Hot Air Ballon|Air Cutter|p1a: Leavanny
|-supereffective|p1a: Leavanny
|-damage|p1a: Leavanny|0 fnt
|faint|p1a: Leavanny
|
|upkeep
|choice|switch 6|
|
|switch|p1a: Swalot|Swalot, M, shiny|404\/404
|turn|5
|choice|move sludgewave|move destinybond
|
|move|p2a: Hot Air Ballon|Destiny Bond|p2a: Hot Air Ballon
|-singlemove|p2a: Hot Air Ballon|Destiny Bond
|move|p1a: Swalot|Sludge Wave|p2a: Hot Air Ballon
|-resisted|p2a: Hot Air Ballon
|-damage|p2a: Hot Air Ballon|75\/442
|-status|p2a: Hot Air Ballon|psn
|
|-damage|p2a: Hot Air Ballon|20\/442 psn|[from] psn
|upkeep
|turn|6
|choice|switch 2|move shadowball
|
|switch|p1a: Spinda|Spinda, M|324\/324
|move|p2a: Hot Air Ballon|Shadow Ball|p1a: Spinda
|-immune|p1a: Spinda|[msg]
|
|-damage|p2a: Hot Air Ballon|0 fnt|[from] psn
|upkeep
|faint|p2a: Hot Air Ballon
|choice||switch 6
|
|switch|p2a: Otto Flick|Floatzel, F|311\/311
|turn|7
|choice|move superpower|move switcheroo
|
|move|p2a: Otto Flick|Switcheroo|p1a: Spinda
|-activate|p2a: Otto Flick|move: Trick|[of] p1a: Spinda
|-item|p1a: Spinda|Flame Orb|[from] move: Switcheroo
|-item|p2a: Otto Flick|Assault Vest|[from] move: Switcheroo
|move|p1a: Spinda|Superpower|p2a: Otto Flick
|-damage|p2a: Otto Flick|146\/311
|-boost|p1a: Spinda|atk|1
|-boost|p1a: Spinda|def|1
|
|-status|p1a: Spinda|brn|[from] item: Flame Orb
|upkeep
|turn|8
|choice|move superpower|switch 5
|
|switch|p2a: Phinwheel|Whirlipede, M|221\/221
|move|p1a: Spinda|Superpower|p2a: Phinwheel
|-resisted|p2a: Phinwheel
|-damage|p2a: Phinwheel|212\/221
|-boost|p1a: Spinda|atk|1
|-boost|p1a: Spinda|def|1
|
|-damage|p1a: Spinda|284\/324 brn|[from] brn
|upkeep
|turn|9
|choice|move superpower|move toxicspikes
|
|move|p1a: Spinda|Superpower|p2a: Phinwheel
|-resisted|p2a: Phinwheel
|-damage|p2a: Phinwheel|199\/221
|-boost|p1a: Spinda|atk|1
|-boost|p1a: Spinda|def|1
|move|p2a: Phinwheel|Toxic Spikes|p1a: Spinda
|-sidestart|p1: 275p|move: Toxic Spikes
|
|-damage|p1a: Spinda|244\/324 brn|[from] brn
|-ability|p2a: Phinwheel|Speed Boost|boost
|-boost|p2a: Phinwheel|spe|1
|upkeep
|turn|10
|choice|move superpower|move toxicspikes
|
|move|p2a: Phinwheel|Toxic Spikes|p1a: Spinda
|-sidestart|p1: 275p|move: Toxic Spikes
|move|p1a: Spinda|Superpower|p2a: Phinwheel
|-resisted|p2a: Phinwheel
|-damage|p2a: Phinwheel|184\/221
|-boost|p1a: Spinda|atk|1
|-boost|p1a: Spinda|def|1
|
|-damage|p1a: Spinda|204\/324 brn|[from] brn
|-ability|p2a: Phinwheel|Speed Boost|boost
|-boost|p2a: Phinwheel|spe|1
|upkeep
|turn|11
|choice|move superpower|move protect
|
|move|p2a: Phinwheel|Protect|p2a: Phinwheel
|-singleturn|p2a: Phinwheel|Protect
|move|p1a: Spinda|Superpower|p2a: Phinwheel
|-activate|p2a: Phinwheel|move: Protect
|
|-damage|p1a: Spinda|164\/324 brn|[from] brn
|-ability|p2a: Phinwheel|Speed Boost|boost
|-boost|p2a: Phinwheel|spe|1
|upkeep
|turn|12
|choice|move return|move spikes
|
|move|p2a: Phinwheel|Spikes|p1a: Spinda
|-sidestart|p1: 275p|Spikes
|move|p1a: Spinda|Return|p2a: Phinwheel
|-damage|p2a: Phinwheel|86\/221
|
|-damage|p1a: Spinda|124\/324 brn|[from] brn
|-ability|p2a: Phinwheel|Speed Boost|boost
|-boost|p2a: Phinwheel|spe|1
|upkeep
|turn|13
|choice|move drainpunch|move protect
|
|move|p2a: Phinwheel|Protect|p2a: Phinwheel
|-singleturn|p2a: Phinwheel|Protect
|move|p1a: Spinda|Drain Punch|p2a: Phinwheel
|-activate|p2a: Phinwheel|move: Protect
|
|-damage|p1a: Spinda|84\/324 brn|[from] brn
|-ability|p2a: Phinwheel|Speed Boost|boost
|-boost|p2a: Phinwheel|spe|1
|upkeep
|turn|14
|choice|move return|move spikes
|
|move|p2a: Phinwheel|Spikes|p1a: Spinda
|-sidestart|p1: 275p|Spikes
|move|p1a: Spinda|Return|p2a: Phinwheel
|-damage|p2a: Phinwheel|0 fnt
|faint|p2a: Phinwheel
|
|-damage|p1a: Spinda|44\/324 brn|[from] brn
|upkeep
|choice||switch 5
|
|switch|p2a: Otto Flick|Floatzel, F|146\/311
|turn|15
|choice|move drainpunch|move scald
|
|move|p2a: Otto Flick|Scald|p1a: Spinda
|-damage|p1a: Spinda|0 fnt
|faint|p1a: Spinda
|
|upkeep
|choice|switch 5|
|
|switch|p1a: Armaldo|Armaldo, F|354\/354
|-damage|p1a: Armaldo|295\/354|[from] Spikes
|-status|p1a: Armaldo|tox
|turn|16
|choice|move rapidspin|move scald
|
|move|p2a: Otto Flick|Scald|p1a: Armaldo
|-supereffective|p1a: Armaldo
|-damage|p1a: Armaldo|29\/354 tox
|move|p1a: Armaldo|Rapid Spin|p2a: Otto Flick
|-damage|p2a: Otto Flick|105\/311
|-sideend|p1: 275p|Spikes|[from] move: Rapid Spin|[of] p1a: Armaldo
|-sideend|p1: 275p|Toxic Spikes|[from] move: Rapid Spin|[of] p1a: Armaldo
|
|-damage|p1a: Armaldo|7\/354 tox|[from] psn
|upkeep
|turn|17
|choice|move xscissor|move scald
|
|move|p2a: Otto Flick|Scald|p1a: Armaldo
|-supereffective|p1a: Armaldo
|-damage|p1a: Armaldo|0 fnt
|faint|p1a: Armaldo
|
|upkeep
|choice|switch 4|
|
|switch|p1a: Meowstic|Meowstic, M|289\/289
|turn|18
|choice|move thunderbolt|move scald
|
|move|p1a: Meowstic|Thunderbolt|p2a: Otto Flick
|-supereffective|p2a: Otto Flick
|-damage|p2a: Otto Flick|0 fnt
|faint|p2a: Otto Flick
|
|upkeep
|choice||switch 4
|
|switch|p2a: Tree of Life|Leafeon, M|334\/334
|turn|19
|choice|move reflect|move xscissor
|
|move|p1a: Meowstic|Reflect|p1a: Meowstic
|-sidestart|p1: 275p|Reflect
|move|p2a: Tree of Life|X-Scissor|p1a: Meowstic
|-supereffective|p1a: Meowstic
|-damage|p1a: Meowstic|201\/289
|
|upkeep
|turn|20
|choice|move psychic|move xscissor
|
|move|p1a: Meowstic|Psychic|p2a: Tree of Life
|-crit|p2a: Tree of Life
|-damage|p2a: Tree of Life|91\/334
|move|p2a: Tree of Life|X-Scissor|p1a: Meowstic
|-supereffective|p1a: Meowstic
|-damage|p1a: Meowstic|118\/289
|
|-heal|p2a: Tree of Life|111\/334|[from] item: Leftovers
|upkeep
|turn|21
|choice|move psychic|move synthesis
|
|move|p1a: Meowstic|Psychic|p2a: Tree of Life
|-damage|p2a: Tree of Life|0 fnt
|faint|p2a: Tree of Life
|
|upkeep
|choice||switch 3
|
|switch|p2a: Applejack|Rapidash, M, shiny|272\/272
|turn|22
|choice|move lightscreen|move flareblitz
|
|move|p1a: Meowstic|Light Screen|p1a: Meowstic
|-sidestart|p1: 275p|move: Light Screen
|move|p2a: Applejack|Flare Blitz|p1a: Meowstic
|-damage|p1a: Meowstic|0 fnt
|-damage|p2a: Applejack|233\/272|[from] Recoil|[of] p1a: Meowstic
|-damage|p2a: Applejack|206\/272|[from] item: Life Orb
|faint|p1a: Meowstic
|
|upkeep
|choice|switch 2|
|
|switch|p1a: Swalot|Swalot, M, shiny|404\/404
|turn|23
|choice|move earthquake|move drillrun
|
|move|p2a: Applejack|Drill Run|p1a: Swalot
|-supereffective|p1a: Swalot
|-damage|p1a: Swalot|295\/404
|-damage|p2a: Applejack|179\/272|[from] item: Life Orb
|move|p1a: Swalot|Earthquake|p2a: Applejack
|-supereffective|p2a: Applejack
|-damage|p2a: Applejack|31\/272
|
|-heal|p1a: Swalot|320\/404|[from] item: Black Sludge
|upkeep
|turn|24
|choice|move earthquake|move drillrun
|
|move|p2a: Applejack|Drill Run|p1a: Swalot
|-supereffective|p1a: Swalot
|-damage|p1a: Swalot|220\/404
|-damage|p2a: Applejack|4\/272|[from] item: Life Orb
|move|p1a: Swalot|Earthquake|p2a: Applejack
|-supereffective|p2a: Applejack
|-damage|p2a: Applejack|0 fnt
|faint|p2a: Applejack
|
|win|275p
|raw|275p's rating: 1051 &rarr; <strong>1096<\/strong><br \/>(+45 for winning)
|raw|LuisCGO's rating: 1202 &rarr; <strong>1167<\/strong><br \/>(-35 for losing)
|c|☆275p|gg
|l|LuisCGO</script>
</div>
<div class="battle-log battle-log-inline"><div class="inner"><div class="battle-options"></div><div class="inner"><div class="chat"><small>275p joined.</small></div><div class="chat"><small>LuisCGO joined.</small></div><div class=""><small>Format:</small> <br><strong>PU</strong></div><div class="rated"><strong>Rated battle</strong></div><div class=""><small><em>Sleep Clause Mod:</em> Limit one foe put to sleep</small></div><div class=""><small><em>Species Clause:</em> Limit one of each Pokémon</small></div><div class=""><small><em>OHKO Clause:</em> OHKO moves are banned</small></div><div class=""><small><em>Moody Clause:</em> Moody is banned</small></div><div class=""><small><em>Evasion Moves Clause:</em> Evasion moves are banned</small></div><div class=""><small><em>Endless Battle Clause:</em> Forcing endless battles is banned</small></div><div class=""><small><em>HP Percentage Mod:</em> HP is shown in percentages</small></div><div class=""><small><em>Swagger Clause:</em> Swagger is banned</small></div><div class=""><small><em>Baton Pass Clause:</em> Limit one Baton Passer, can't pass Spe and other stats simultaneously</small></div><div class="chat battle-history"><strong>275p's team:</strong> <em style="color:#445566;display:block;">Whiscash / Spinda / Leavanny / Meowstic / Armaldo / Swalot</em></div><div class="chat battle-history"><strong>LuisCGO's team:</strong> <em style="color:#445566;display:block;">Rapidash / Drifblim / Dusknoir / Leafeon / Whirlipede / Floatzel</em></div><div class="spacer battle-history"><br></div><div class="battle-history">Battle started between 275p and LuisCGO!<br></div><div class="spacer battle-history"><br></div><div class="battle-history">Go! <strong>Leavanny</strong>!<br></div><div class="spacer battle-history"><br></div><div class="battle-history">LuisCGO sent out Casper (<strong>Dusknoir</strong>)!<br></div><div class="battle-history"><small>[The opposing Casper's Pressure]</small><br><small>The opposing Casper is exerting its pressure!</small><br></div><div class="spacer battle-history"><br></div><h2 class="battle-history">Turn 1</h2><div class="chat message-error">Battle timer is ON: inactive players will automatically lose when time's up. (requested by 275p)</div><div class="spacer battle-history"><br></div><div class="battle-history">Leavanny used <strong>Knock Off</strong>!<br></div><div class="battle-history"><small>It's super effective!</small><br></div><div class="battle-history"><small>(The opposing Casper lost <abbr title="−146/232">62.9%</abbr> of its health!)</small><br></div><div class="battle-history"><small>Leavanny knocked off the opposing Casper's Leftovers!</small><br></div><div class="spacer battle-history"><br></div><div class="battle-history">The opposing Casper used <strong>Will-O-Wisp</strong>!<br></div><div class="battle-history"><small>Leavanny avoided the attack!</small><br></div><div class="spacer battle-history"><br></div><h2 class="battle-history">Turn 2</h2><div class="spacer battle-history"><br></div><div class="battle-history">Leavanny used <strong>Knock Off</strong>!<br></div><div class="battle-history"><small>It's super effective!</small><br></div><div class="battle-history"><small>(The opposing Casper lost <abbr title="−86/232">37.1%</abbr> of its health!)</small><br></div><div class="spacer battle-history"><br></div><div class="battle-history">The opposing Casper fainted!<br></div><div class="spacer battle-history"><br></div><div class="battle-history">LuisCGO sent out Hot Air Ballon (<strong>Drifblim</strong>)!<br></div><div class="spacer battle-history"><br></div><h2 class="battle-history">Turn 3</h2><div class="spacer battle-history"><br></div><div class="battle-history">Leavanny used <strong>Knock Off</strong>!<br></div><div class="battle-history"><small>It's super effective!</small><br></div><div class="battle-history"><small>(The opposing Hot Air Ballon lost <abbr title="−308/442">69.7%</abbr> of its health!)</small><br></div><div class="battle-history"><small>Leavanny knocked off the opposing Hot Air Ballon's Petaya Berry!</small><br></div><div class="spacer battle-history"><br></div><div class="battle-history">The opposing Hot Air Ballon used <strong>Air Cutter</strong>!<br></div><div class="battle-history"><small>It's super effective!</small><br></div><div class="battle-history"><small>Leavanny hung on using its Focus Sash!</small><br></div><div class="battle-history"><small>(Leavanny lost <abbr title="−290/291">99.7%</abbr> of its health!)</small><br></div><div class="spacer battle-history"><br></div><h2 class="battle-history">Turn 4</h2><div class="spacer battle-history"><br></div><div class="battle-history">The opposing Hot Air Ballon used <strong>Air Cutter</strong>!<br></div><div class="battle-history"><small>It's super effective!</small><br></div><div class="battle-history"><small>(Leavanny lost <abbr title="−1/291">0.3%</abbr> of its health!)</small><br></div><div class="spacer battle-history"><br></div><div class="battle-history">Leavanny fainted!<br></div><div class="spacer battle-history"><br></div><div class="battle-history">Go! <strong>Swalot</strong>!<br></div><div class="spacer battle-history"><br></div><h2 class="battle-history">Turn 5</h2><div class="spacer battle-history"><br></div><div class="battle-history">The opposing Hot Air Ballon used <strong>Destiny Bond</strong>!<br></div><div class="battle-history">The opposing Hot Air Ballon is hoping to take its attacker down with it!<br></div><div class="spacer battle-history"><br></div><div class="battle-history">Swalot used <strong>Sludge Wave</strong>!<br></div><div class="battle-history"><small>It's not very effective...</small><br></div><div class="battle-history"><small>(The opposing Hot Air Ballon lost <abbr title="−59/442">13.3%</abbr> of its health!)</small><br></div><div class="battle-history"><small>The opposing Hot Air Ballon was poisoned!</small><br></div><div class="spacer battle-history"><br></div><div class="battle-history"><small>The opposing Hot Air Ballon was hurt by poison!</small><br></div><div class="spacer battle-history"><br></div><h2 class="battle-history">Turn 6</h2><div class="spacer battle-history"><br></div><div class="battle-history">Swalot, come back!<br></div><div class="battle-history">Go! <strong>Spinda</strong>!<br></div><div class="spacer battle-history"><br></div><div class="battle-history">The opposing Hot Air Ballon used <strong>Shadow Ball</strong>!<br></div><div class="battle-history"><small>It doesn't affect Spinda...</small><br></div><div class="spacer battle-history"><br></div><div class="battle-history"><small>The opposing Hot Air Ballon was hurt by poison!</small><br></div><div class="spacer battle-history"><br></div><div class="battle-history">The opposing Hot Air Ballon fainted!<br></div><div class="spacer battle-history"><br></div><div class="battle-history">LuisCGO sent out Otto Flick (<strong>Floatzel</strong>)!<br></div><div class="spacer battle-history"><br></div><h2 class="battle-history">Turn 7</h2><div class="spacer battle-history"><br></div><div class="battle-history">The opposing Otto Flick used <strong>Switcheroo</strong>!<br></div><div class="battle-history"><small>The opposing Otto Flick switched items with its target!</small><br></div><div class="battle-history"><small>Spinda obtained one Flame Orb.</small><br></div><div class="battle-history"><small>The opposing Otto Flick obtained one Assault Vest.</small><br></div><div class="spacer battle-history"><br></div><div class="battle-history">Spinda used <strong>Superpower</strong>!<br></div><div class="battle-history"><small>(The opposing Otto Flick lost <abbr title="−165/311">53.1%</abbr> of its health!)</small><br></div><div class="battle-history"><small>Spinda's Attack rose!</small><br></div><div class="battle-history"><small>Spinda's Defense rose!</small><br></div><div class="spacer battle-history"><br></div><div class="battle-history"><small>Spinda was burned!</small><br></div><div class="spacer battle-history"><br></div><h2 class="battle-history">Turn 8</h2><div class="spacer battle-history"><br></div><div class="battle-history">LuisCGO withdrew Otto Flick!<br></div><div class="battle-history">LuisCGO sent out Phinwheel (<strong>Whirlipede</strong>)!<br></div><div class="spacer battle-history"><br></div><div class="battle-history">Spinda used <strong>Superpower</strong>!<br></div><div class="battle-history"><small>It's not very effective...</small><br></div><div class="battle-history"><small>(The opposing Phinwheel lost <abbr title="−9/221">4.1%</abbr> of its health!)</small><br></div><div class="battle-history"><small>Spinda's Attack rose!</small><br></div><div class="battle-history"><small>Spinda's Defense rose!</small><br></div><div class="spacer battle-history"><br></div><div class="battle-history"><small>Spinda was hurt by its burn!</small><br></div><div class="spacer battle-history"><br></div><h2 class="battle-history">Turn 9</h2><div class="spacer battle-history"><br></div><div class="battle-history">Spinda used <strong>Superpower</strong>!<br></div><div class="battle-history"><small>It's not very effective...</small><br></div><div class="battle-history"><small>(The opposing Phinwheel lost <abbr title="−13/221">5.9%</abbr> of its health!)</small><br></div><div class="battle-history"><small>Spinda's Attack rose!</small><br></div><div class="battle-history"><small>Spinda's Defense rose!</small><br></div><div class="spacer battle-history"><br></div><div class="battle-history">The opposing Phinwheel used <strong>Toxic Spikes</strong>!<br></div><div class="battle-history"><small>Poison spikes were scattered on the ground all around your team!</small><br></div><div class="spacer battle-history"><br></div><div class="battle-history"><small>Spinda was hurt by its burn!</small><br></div><div class="battle-history"><small>[The opposing Phinwheel's Speed Boost]</small><br></div><div class="battle-history"><small>The opposing Phinwheel's Speed rose!</small><br></div><div class="spacer battle-history"><br></div><h2 class="battle-history">Turn 10</h2><div class="spacer battle-history"><br></div><div class="battle-history">The opposing Phinwheel used <strong>Toxic Spikes</strong>!<br></div><div class="battle-history"><small>Poison spikes were scattered on the ground all around your team!</small><br></div><div class="spacer battle-history"><br></div><div class="battle-history">Spinda used <strong>Superpower</strong>!<br></div><div class="battle-history"><small>It's not very effective...</small><br></div><div class="battle-history"><small>(The opposing Phinwheel lost <abbr title="−15/221">6.8%</abbr> of its health!)</small><br></div><div class="battle-history"><small>Spinda's Attack rose!</small><br></div><div class="battle-history"><small>Spinda's Defense rose!</small><br></div><div class="spacer battle-history"><br></div><div class="battle-history"><small>Spinda was hurt by its burn!</small><br></div><div class="battle-history"><small>[The opposing Phinwheel's Speed Boost]</small><br></div><div class="battle-history"><small>The opposing Phinwheel's Speed rose!</small><br></div><div class="spacer battle-history"><br></div><h2 class="battle-history">Turn 11</h2><div class="spacer battle-history"><br></div><div class="battle-history">The opposing Phinwheel used <strong>Protect</strong>!<br></div><div class="battle-history"><small>The opposing Phinwheel protected itself!</small><br></div><div class="spacer battle-history"><br></div><div class="battle-history">Spinda used <strong>Superpower</strong>!<br></div><div class="battle-history"><small>The opposing Phinwheel protected itself!</small><br></div><div class="spacer battle-history"><br></div><div class="battle-history"><small>Spinda was hurt by its burn!</small><br></div><div class="battle-history"><small>[The opposing Phinwheel's Speed Boost]</small><br></div><div class="battle-history"><small>The opposing Phinwheel's Speed rose!</small><br></div><div class="spacer battle-history"><br></div><h2 class="battle-history">Turn 12</h2><div class="spacer battle-history"><br></div><div class="battle-history">The opposing Phinwheel used <strong>Spikes</strong>!<br></div><div class="battle-history"><small>Spikes were scattered on the ground all around your team!</small><br></div><div class="spacer battle-history"><br></div><div class="battle-history">Spinda used <strong>Return</strong>!<br></div><div class="battle-history"><small>(The opposing Phinwheel lost <abbr title="−98/221">44.3%</abbr> of its health!)</small><br></div><div class="spacer battle-history"><br></div><div class="battle-history"><small>Spinda was hurt by its burn!</small><br></div><div class="battle-history"><small>[The opposing Phinwheel's Speed Boost]</small><br></div><div class="battle-history"><small>The opposing Phinwheel's Speed rose!</small><br></div><div class="spacer battle-history"><br></div><h2 class="battle-history">Turn 13</h2><div class="spacer battle-history"><br></div><div class="battle-history">The opposing Phinwheel used <strong>Protect</strong>!<br></div><div class="battle-history"><small>The opposing Phinwheel protected itself!</small><br></div><div class="spacer battle-history"><br></div><div class="battle-history">Spinda used <strong>Drain Punch</strong>!<br></div><div class="battle-history"><small>The opposing Phinwheel protected itself!</small><br></div><div class="spacer battle-history"><br></div><div class="battle-history"><small>Spinda was hurt by its burn!</small><br></div><div class="battle-history"><small>[The opposing Phinwheel's Speed Boost]</small><br></div><div class="battle-history"><small>The opposing Phinwheel's Speed rose!</small><br></div><div class="spacer battle-history"><br></div><h2 class="battle-history">Turn 14</h2><div class="spacer battle-history"><br></div><div class="battle-history">The opposing Phinwheel used <strong>Spikes</strong>!<br></div><div class="battle-history"><small>Spikes were scattered on the ground all around your team!</small><br></div><div class="spacer battle-history"><br></div><div class="battle-history">Spinda used <strong>Return</strong>!<br></div><div class="battle-history"><small>(The opposing Phinwheel lost <abbr title="−86/221">38.9%</abbr> of its health!)</small><br></div><div class="spacer battle-history"><br></div><div class="battle-history">The opposing Phinwheel fainted!<br></div><div class="spacer battle-history"><br></div><div class="battle-history"><small>Spinda was hurt by its burn!</small><br></div><div class="spacer battle-history"><br></div><div class="battle-history">LuisCGO sent out Otto Flick (<strong>Floatzel</strong>)!<br></div><div class="spacer battle-history"><br></div><h2 class="battle-history">Turn 15</h2><div class="spacer battle-history"><br></div><div class="battle-history">The opposing Otto Flick used <strong>Scald</strong>!<br></div><div class="battle-history"><small>(Spinda lost <abbr title="−44/324">13.6%</abbr> of its health!)</small><br></div><div class="spacer battle-history"><br></div><div class="battle-history">Spinda fainted!<br></div><div class="spacer battle-history"><br></div><div class="battle-history">Go! <strong>Armaldo</strong>!<br></div><div class="battle-history"><small>Armaldo is hurt by the spikes!</small><br></div><div class="battle-history"><small>Armaldo was badly poisoned!</small><br></div><div class="spacer battle-history"><br></div><h2 class="battle-history">Turn 16</h2><div class="spacer battle-history"><br></div><div class="battle-history">The opposing Otto Flick used <strong>Scald</strong>!<br></div><div class="battle-history"><small>It's super effective!</small><br></div><div class="battle-history"><small>(Armaldo lost <abbr title="−266/354">75.1%</abbr> of its health!)</small><br></div><div class="spacer battle-history"><br></div><div class="battle-history">Armaldo used <strong>Rapid Spin</strong>!<br></div><div class="battle-history"><small>(The opposing Otto Flick lost <abbr title="−41/311">13.2%</abbr> of its health!)</small><br></div><div class="battle-history"><small>The spikes disappeared from the ground around your team!</small><br></div><div class="battle-history"><small>The poison spikes disappeared from the ground around your team!</small><br></div><div class="spacer battle-history"><br></div><div class="battle-history"><small>Armaldo was hurt by poison!</small><br></div><div class="spacer battle-history"><br></div><h2 class="battle-history">Turn 17</h2><div class="spacer battle-history"><br></div><div class="battle-history">The opposing Otto Flick used <strong>Scald</strong>!<br></div><div class="battle-history"><small>It's super effective!</small><br></div><div class="battle-history"><small>(Armaldo lost <abbr title="−7/354">2.0%</abbr> of its health!)</small><br></div><div class="spacer battle-history"><br></div><div class="battle-history">Armaldo fainted!<br></div><div class="spacer battle-history"><br></div><div class="battle-history">Go! <strong>Meowstic</strong>!<br></div><div class="spacer battle-history"><br></div><h2 class="battle-history">Turn 18</h2><div class="spacer battle-history"><br></div><div class="battle-history">Meowstic used <strong>Thunderbolt</strong>!<br></div><div class="battle-history"><small>It's super effective!</small><br></div><div class="battle-history"><small>(The opposing Otto Flick lost <abbr title="−105/311">33.8%</abbr> of its health!)</small><br></div><div class="spacer battle-history"><br></div><div class="battle-history">The opposing Otto Flick fainted!<br></div><div class="spacer battle-history"><br></div><div class="battle-history">LuisCGO sent out Tree of Life (<strong>Leafeon</strong>)!<br></div><div class="spacer battle-history"><br></div><h2 class="battle-history">Turn 19</h2><div class="spacer battle-history"><br></div><div class="battle-history">Meowstic used <strong>Reflect</strong>!<br></div><div class="battle-history"><small>Reflect made your team stronger against physical moves!</small><br></div><div class="spacer battle-history"><br></div><div class="battle-history">The opposing Tree of Life used <strong>X-Scissor</strong>!<br></div><div class="battle-history"><small>It's super effective!</small><br></div><div class="battle-history"><small>(Meowstic lost <abbr title="−88/289">30.4%</abbr> of its health!)</small><br></div><div class="spacer battle-history"><br></div><h2 class="battle-history">Turn 20</h2><div class="spacer battle-history"><br></div><div class="battle-history">Meowstic used <strong>Psychic</strong>!<br></div><div class="battle-history"><small>A critical hit!</small><br></div><div class="battle-history"><small>(The opposing Tree of Life lost <abbr title="−243/334">72.8%</abbr> of its health!)</small><br></div><div class="spacer battle-history"><br></div><div class="battle-history">The opposing Tree of Life used <strong>X-Scissor</strong>!<br></div><div class="battle-history"><small>It's super effective!</small><br></div><div class="battle-history"><small>(Meowstic lost <abbr title="−83/289">28.7%</abbr> of its health!)</small><br></div><div class="spacer battle-history"><br></div><div class="battle-history"><small>The opposing Tree of Life restored a little HP using its Leftovers!</small><br></div><div class="spacer battle-history"><br></div><h2 class="battle-history">Turn 21</h2><div class="spacer battle-history"><br></div><div class="battle-history">Meowstic used <strong>Psychic</strong>!<br></div><div class="battle-history"><small>(The opposing Tree of Life lost <abbr title="−111/334">33.2%</abbr> of its health!)</small><br></div><div class="spacer battle-history"><br></div><div class="battle-history">The opposing Tree of Life fainted!<br></div><div class="spacer battle-history"><br></div><div class="battle-history">LuisCGO sent out Applejack (<strong>Rapidash</strong>)!<br></div><div class="spacer battle-history"><br></div><h2 class="battle-history">Turn 22</h2><div class="spacer battle-history"><br></div><div class="battle-history">Meowstic used <strong>Light Screen</strong>!<br></div><div class="battle-history"><small>Light Screen made your team stronger against special moves!</small><br></div><div class="spacer battle-history"><br></div><div class="battle-history">The opposing Applejack used <strong>Flare Blitz</strong>!<br></div><div class="battle-history"><small>(Meowstic lost <abbr title="−118/289">40.8%</abbr> of its health!)</small><br></div><div class="battle-history"><small>The opposing Applejack is damaged by the recoil!</small><br></div><div class="battle-history"><small>The opposing Applejack lost some of its HP!</small><br></div><div class="spacer battle-history"><br></div><div class="battle-history">Meowstic fainted!<br></div><div class="spacer battle-history"><br></div><div class="battle-history">Go! <strong>Swalot</strong>!<br></div><div class="spacer battle-history"><br></div><h2 class="battle-history">Turn 23</h2><div class="spacer battle-history"><br></div><div class="battle-history">The opposing Applejack used <strong>Drill Run</strong>!<br></div><div class="battle-history"><small>It's super effective!</small><br></div><div class="battle-history"><small>(Swalot lost <abbr title="−109/404">27.0%</abbr> of its health!)</small><br></div><div class="battle-history"><small>The opposing Applejack lost some of its HP!</small><br></div><div class="spacer battle-history"><br></div><div class="battle-history">Swalot used <strong>Earthquake</strong>!<br></div><div class="battle-history"><small>It's super effective!</small><br></div><div class="battle-history"><small>(The opposing Applejack lost <abbr title="−148/272">54.4%</abbr> of its health!)</small><br></div><div class="spacer battle-history"><br></div><div class="battle-history"><small>Swalot restored a little HP using its Black Sludge!</small><br></div><div class="spacer battle-history"><br></div><h2 class="battle-history">Turn 24</h2><div class="spacer battle-history"><br></div><div class="battle-history">The opposing Applejack used <strong>Drill Run</strong>!<br></div><div class="battle-history"><small>It's super effective!</small><br></div><div class="battle-history"><small>(Swalot lost <abbr title="−100/404">24.8%</abbr> of its health!)</small><br></div><div class="battle-history"><small>The opposing Applejack lost some of its HP!</small><br></div><div class="spacer battle-history"><br></div><div class="battle-history">Swalot used <strong>Earthquake</strong>!<br></div><div class="battle-history"><small>It's super effective!</small><br></div><div class="battle-history"><small>(The opposing Applejack lost <abbr title="−4/272">1.5%</abbr> of its health!)</small><br></div><div class="spacer battle-history"><br></div><div class="battle-history">The opposing Applejack fainted!<br></div><div class="spacer battle-history"><br></div><div class="battle-history"><strong>275p</strong> won the battle!<br></div><div class="chat">275p's rating: 1051 → <strong>1096</strong><br>(+45 for winning)</div><div class="chat">LuisCGO's rating: 1202 → <strong>1167</strong><br>(-35 for losing)</div><div class="chat chatmessage-275p"><strong style="color:hsl(274,54%,55.25357618933063%)"><small>☆</small><span class="username" data-name="275p">275p</span>:</strong> <em>gg</em></div><div class="chat"><small>LuisCGO left.</small></div></div><div class="inner-preempt"></div></div></div>
</div>
<script>
let daily = Math.floor(Date.now()/1000/60/60/24);document.write('<script src="https://play.pokemonshowdown.com/js/replay-embed.js?version'+daily+'"></'+'script>');
</script>
