<!DOCTYPE html>
<meta charset="utf-8" />
<!-- version 1 -->
<title>PU replay: PokemonMasterTJ vs. Aaronboyer</title>
<style>
html,body {font-family:Verdana, sans-serif;font-size:10pt;margin:0;padding:0;}body{padding:12px 0;} .battle-log {font-family:Verdana, sans-serif;font-size:10pt;} .battle-log-inline {border:1px solid #AAAAAA;background:#EEF2F5;color:black;max-width:640px;margin:0 auto 80px;padding-bottom:5px;} .battle-log .inner {padding:4px 8px 0px 8px;} .battle-log .inner-preempt {padding:0 8px 4px 8px;} .battle-log .inner-after {margin-top:0.5em;} .battle-log h2 {margin:0.5em -8px;padding:4px 8px;border:1px solid #AAAAAA;background:#E0E7EA;border-left:0;border-right:0;font-family:Verdana, sans-serif;font-size:13pt;} .battle-log .chat {vertical-align:middle;padding:3px 0 3px 0;font-size:8pt;} .battle-log .chat strong {color:#40576A;} .battle-log .chat em {padding:1px 4px 1px 3px;color:#000000;font-style:normal;} .chat.mine {background:rgba(0,0,0,0.05);margin-left:-8px;margin-right:-8px;padding-left:8px;padding-right:8px;} .spoiler {color:#BBBBBB;background:#BBBBBB;padding:0px 3px;} .spoiler:hover, .spoiler:active, .spoiler-shown {color:#000000;background:#E2E2E2;padding:0px 3px;} .spoiler a {color:#BBBBBB;} .spoiler:hover a, .spoiler:active a, .spoiler-shown a {color:#2288CC;} .chat code, .chat .spoiler:hover code, .chat .spoiler:active code, .chat .spoiler-shown code {border:1px solid #C0C0C0;background:#EEEEEE;color:black;padding:0 2px;} .chat .spoiler code {border:1px solid #CCCCCC;background:#CCCCCC;color:#CCCCCC;} .battle-log .rated {padding:3px 4px;} .battle-log .rated strong {color:white;background:#89A;padding:1px 4px;border-radius:4px;} .spacer {margin-top:0.5em;} .message-announce {background:#6688AA;color:white;padding:1px 4px 2px;} .message-announce a, .broadcast-green a, .broadcast-blue a, .broadcast-red a {color:#DDEEFF;} .broadcast-green {background-color:#559955;color:white;padding:2px 4px;} .broadcast-blue {background-color:#6688AA;color:white;padding:2px 4px;} .infobox {border:1px solid #6688AA;padding:2px 4px;} .infobox-limited {max-height:200px;overflow:auto;overflow-x:hidden;} .broadcast-red {background-color:#AA5544;color:white;padding:2px 4px;} .message-learn-canlearn {font-weight:bold;color:#228822;text-decoration:underline;} .message-learn-cannotlearn {font-weight:bold;color:#CC2222;text-decoration:underline;} .message-effect-weak {font-weight:bold;color:#CC2222;} .message-effect-resist {font-weight:bold;color:#6688AA;} .message-effect-immune {font-weight:bold;color:#666666;} .message-learn-list {margin-top:0;margin-bottom:0;} .message-throttle-notice, .message-error {color:#992222;} .message-overflow, .chat small.message-overflow {font-size:0pt;} .message-overflow::before {font-size:9pt;content:'...';} .subtle {color:#3A4A66;}
</style>
<div class="wrapper replay-wrapper" style="max-width:1180px;margin:0 auto">
<input type="hidden" name="replayid" value="pu-566023861" />
<div class="battle"></div><div class="battle-log"></div><div class="replay-controls"></div><div class="replay-controls-2"></div>
<h1 style="font-weight:normal;text-align:center"><strong>PU</strong><br /><a href="http://pokemonshowdown.com/users/pokemonmastertj" class="subtle" target="_blank">PokemonMasterTJ</a> vs. <a href="http://pokemonshowdown.com/users/aaronboyer" class="subtle" target="_blank">Aaronboyer</a></h1>
<script type="text/plain" class="battle-log-data">|j|PokemonMasterTJ
|j|Aaronboyer
|player|p1|PokemonMasterTJ|211
|player|p2|Aaronboyer|286
|gametype|singles
|gen|6
|tier|PU
|seed|25321,50681,23715,8382
|rule|Sleep Clause Mod: Limit one foe put to sleep
|rule|Species Clause: Limit one of each Pokémon
|rule|OHKO Clause: OHKO moves are banned
|rule|Moody Clause: Moody is banned
|rule|Evasion Moves Clause: Evasion moves are banned
|rule|Endless Battle Clause: Forcing endless battles is banned
|rule|HP Percentage Mod: HP is shown in percentages
|clearpoke
|poke|p1|Ursaring, F|item
|poke|p1|Duosion, M|item
|poke|p1|Mawile, M|item
|poke|p1|Rotom-Frost|item
|poke|p1|Vibrava, M|item
|poke|p1|Floatzel, F|item
|poke|p2|Zebstrika, M|item
|poke|p2|Sawsbuck, F|item
|poke|p2|Golem, F|item
|poke|p2|Mawile, F|item
|poke|p2|Lumineon, M|item
|poke|p2|Mr. Mime, M|item
|rule|Swagger Clause: Swagger is banned
|rule|Baton Pass Clause: Limit one Baton Passer, can't pass Spe and other stats simultaneously
|teampreview
|j|therealslap
|c|☆PokemonMasterTJ|hf
|choice|team 5, team 2, team 3, team 4, team 1, team 6|team 4, team 2, team 3, team 1, team 5, team 6
|
|start
|switch|p1a: Vibrava|Vibrava, M|303\/303
|switch|p2a: The Naughty|Mawile, F|241\/241
|turn|1
|choice|switch 3|move playrough
|
|switch|p1a: Mawile|Mawile, M|304\/304
|-ability|p1a: Mawile|Intimidate|boost
|-unboost|p2a: The Naughty|atk|1
|move|p2a: The Naughty|Play Rough|p1a: Mawile
|-resisted|p1a: Mawile
|-crit|p1a: Mawile
|-damage|p1a: Mawile|164\/304
|
|-heal|p1a: Mawile|183\/304|[from] item: Leftovers
|upkeep
|turn|2
|choice|move stealthrock|move fireblast
|
|move|p2a: The Naughty|Fire Blast|p1a: Mawile
|-supereffective|p1a: Mawile
|-damage|p1a: Mawile|0 fnt
|faint|p1a: Mawile
|
|upkeep
|choice|switch 6|
|
|switch|p1a: Floatzel|Floatzel, F|311\/311
|turn|3
|choice|move surf|switch 5
|
|switch|p2a: The Nice|Lumineon, M|342\/342
|move|p1a: Floatzel|Surf|p2a: The Nice
|-ability|p2a: The Nice|Storm Drain|boost
|-boost|p2a: The Nice|spa|1
|
|upkeep
|turn|4
|choice|move hiddenpower|move uturn
|
|move|p1a: Floatzel|Hidden Power|p2a: The Nice
|-supereffective|p2a: The Nice
|-damage|p2a: The Nice|191\/342
|-damage|p1a: Floatzel|280\/311|[from] item: Life Orb
|move|p2a: The Nice|U-turn|p1a: Floatzel
|-damage|p1a: Floatzel|226\/311
|choice||switch 4
|
|switch|p2a: Blitzen|Zebstrika, M|291\/291
|
|upkeep
|turn|5
|choice|switch 3|move voltswitch
|
|switch|p1a: Vibrava|Vibrava, M|303\/303
|move|p2a: Blitzen|Volt Switch|p1a: Vibrava
|-immune|p1a: Vibrava|[msg]
|
|upkeep
|turn|6
|j|reverse aim
|choice|move earthquake|switch 2
|
|switch|p2a: Rudolf|Sawsbuck, F|301\/301
|move|p1a: Vibrava|Earthquake|p2a: Rudolf
|-resisted|p2a: Rudolf
|-damage|p2a: Rudolf|244\/301
|
|upkeep
|turn|7
|choice|move uturn|move seedbomb
|
|move|p2a: Rudolf|Seed Bomb|p1a: Vibrava
|-damage|p1a: Vibrava|185\/303
|-damage|p2a: Rudolf|214\/301|[from] item: Life Orb
|move|p1a: Vibrava|U-turn|p2a: Rudolf
|-supereffective|p2a: Rudolf
|-damage|p2a: Rudolf|100\/301
|choice|switch 3|
|
|switch|p1a: Floatzel|Floatzel, F|226\/311
|
|upkeep
|turn|8
|choice|move icebeam|move seedbomb
|
|move|p1a: Floatzel|Ice Beam|p2a: Rudolf
|-supereffective|p2a: Rudolf
|-damage|p2a: Rudolf|0 fnt
|-damage|p1a: Floatzel|195\/311|[from] item: Life Orb
|faint|p2a: Rudolf
|
|upkeep
|choice||switch 2
|
|switch|p2a: Blitzen|Zebstrika, M|291\/291
|turn|9
|choice|switch 4|move hiddenpower
|
|switch|p1a: Rotom|Rotom-Frost|241\/241
|move|p2a: Blitzen|Hidden Power|p1a: Rotom
|-resisted|p1a: Rotom
|-damage|p1a: Rotom|207\/241
|-damage|p2a: Blitzen|262\/291|[from] item: Life Orb
|
|upkeep
|turn|10
|choice|move blizzard|switch 4
|
|switch|p2a: The Nice|Lumineon, M|191\/342
|move|p1a: Rotom|Blizzard|p2a: The Nice|[miss]
|-miss|p1a: Rotom|p2a: The Nice
|
|-heal|p2a: The Nice|212\/342|[from] item: Leftovers
|upkeep
|turn|11
|choice|move blizzard|move uturn
|
|move|p1a: Rotom|Blizzard|p2a: The Nice
|-resisted|p2a: The Nice
|-damage|p2a: The Nice|120\/342
|move|p2a: The Nice|U-turn|p1a: Rotom
|-damage|p1a: Rotom|175\/241
|choice||switch 4
|
|switch|p2a: Blitzen|Zebstrika, M|262\/291
|
|upkeep
|turn|12
|choice|move blizzard|switch 4
|
|switch|p2a: The Nice|Lumineon, M|120\/342
|move|p1a: Rotom|Blizzard|p2a: The Nice
|-resisted|p2a: The Nice
|-damage|p2a: The Nice|23\/342
|
|-heal|p2a: The Nice|44\/342|[from] item: Leftovers
|upkeep
|turn|13
|choice|move blizzard|move toxic
|
|move|p1a: Rotom|Blizzard|p2a: The Nice
|-resisted|p2a: The Nice
|-damage|p2a: The Nice|0 fnt
|faint|p2a: The Nice
|
|upkeep
|choice||switch 3
|
|switch|p2a: Coal|Golem, F|364\/364
|turn|14
|choice|switch 3|switch 5
|
|switch|p1a: Vibrava|Vibrava, M|185\/303
|switch|p2a: The Naughty|Mawile, F|241\/241
|
|upkeep
|turn|15
|choice|move earthquake|move playrough
|
|move|p2a: The Naughty|Play Rough|p1a: Vibrava
|-supereffective|p1a: Vibrava
|-damage|p1a: Vibrava|0 fnt
|faint|p1a: Vibrava
|
|upkeep
|choice|switch 3|
|
|switch|p1a: Rotom|Rotom-Frost|175\/241
|turn|16
|choice|move blizzard|move fireblast
|
|move|p1a: Rotom|Blizzard|p2a: The Naughty
|-resisted|p2a: The Naughty
|-damage|p2a: The Naughty|96\/241
|move|p2a: The Naughty|Fire Blast|p1a: Rotom
|-supereffective|p1a: Rotom
|-damage|p1a: Rotom|9\/241
|
|upkeep
|turn|17
|choice|move blizzard|move suckerpunch
|
|move|p2a: The Naughty|Sucker Punch|p1a: Rotom
|-damage|p1a: Rotom|0 fnt
|-damage|p2a: The Naughty|72\/241|[from] item: Life Orb
|faint|p1a: Rotom
|
|upkeep
|choice|switch 5|
|
|switch|p1a: Ursaring|Ursaring, F|383\/383
|turn|18
|choice|move return|move playrough
|
|move|p2a: The Naughty|Play Rough|p1a: Ursaring
|-damage|p1a: Ursaring|118\/383
|move|p1a: Ursaring|Return|p2a: The Naughty
|-resisted|p2a: The Naughty
|-damage|p2a: The Naughty|0 fnt
|faint|p2a: The Naughty
|
|-heal|p1a: Ursaring|141\/383|[from] item: Leftovers
|upkeep
|choice||switch 4
|
|switch|p2a: Blitzen|Zebstrika, M|262\/291
|turn|19
|choice|move rest|move thunderbolt
|
|move|p2a: Blitzen|Thunderbolt|p1a: Ursaring
|-damage|p1a: Ursaring|0 fnt
|-damage|p2a: Blitzen|233\/291|[from] item: Life Orb
|faint|p1a: Ursaring
|
|upkeep
|choice|switch 2|
|
|switch|p1a: Duosion|Duosion, M|334\/334
|turn|20
|choice|move calmmind|move thunderbolt
|
|move|p2a: Blitzen|Thunderbolt|p1a: Duosion
|-damage|p1a: Duosion|194\/334
|-status|p1a: Duosion|par
|-damage|p2a: Blitzen|204\/291|[from] item: Life Orb
|move|p1a: Duosion|Calm Mind|p1a: Duosion
|-boost|p1a: Duosion|spa|1
|-boost|p1a: Duosion|spd|1
|
|upkeep
|turn|21
|choice|move recover|move thunderbolt
|
|move|p2a: Blitzen|Thunderbolt|p1a: Duosion
|-damage|p1a: Duosion|91\/334 par
|-damage|p2a: Blitzen|175\/291|[from] item: Life Orb
|move|p1a: Duosion|Recover|p1a: Duosion
|-heal|p1a: Duosion|258\/334 par
|
|upkeep
|turn|22
|choice|move recover|switch 5
|
|switch|p2a: Coal|Golem, F|364\/364
|cant|p1a: Duosion|par
|
|upkeep
|turn|23
|choice|move acidarmor|move earthquake
|
|move|p2a: Coal|Earthquake|p1a: Duosion
|-damage|p1a: Duosion|164\/334 par
|move|p1a: Duosion|Acid Armor|p1a: Duosion
|-boost|p1a: Duosion|def|2
|
|upkeep
|turn|24
|choice|move recover|move earthquake
|
|move|p2a: Coal|Earthquake|p1a: Duosion
|-damage|p1a: Duosion|115\/334 par
|move|p1a: Duosion|Recover|p1a: Duosion
|-heal|p1a: Duosion|282\/334 par
|
|upkeep
|turn|25
|choice|move calmmind|move earthquake
|
|move|p2a: Coal|Earthquake|p1a: Duosion
|-damage|p1a: Duosion|228\/334 par
|move|p1a: Duosion|Calm Mind|p1a: Duosion
|-boost|p1a: Duosion|spa|1
|-boost|p1a: Duosion|spd|1
|
|upkeep
|turn|26
|choice|move recover|move earthquake
|
|move|p2a: Coal|Earthquake|p1a: Duosion
|-damage|p1a: Duosion|177\/334 par
|move|p1a: Duosion|Recover|p1a: Duosion
|-heal|p1a: Duosion|334\/334 par
|
|upkeep
|turn|27
|choice|move psyshock|move earthquake
|
|move|p2a: Coal|Earthquake|p1a: Duosion
|-damage|p1a: Duosion|280\/334 par
|move|p1a: Duosion|Psyshock|p2a: Coal
|-damage|p2a: Coal|186\/364
|
|-heal|p2a: Coal|208\/364|[from] item: Leftovers
|upkeep
|turn|28
|choice|move calmmind|move earthquake
|
|move|p2a: Coal|Earthquake|p1a: Duosion
|-damage|p1a: Duosion|226\/334 par
|move|p1a: Duosion|Calm Mind|p1a: Duosion
|-boost|p1a: Duosion|spa|1
|-boost|p1a: Duosion|spd|1
|
|-heal|p2a: Coal|230\/364|[from] item: Leftovers
|upkeep
|turn|29
|choice|move recover|move earthquake
|
|move|p2a: Coal|Earthquake|p1a: Duosion
|-damage|p1a: Duosion|175\/334 par
|move|p1a: Duosion|Recover|p1a: Duosion
|-heal|p1a: Duosion|334\/334 par
|
|-heal|p2a: Coal|252\/364|[from] item: Leftovers
|upkeep
|turn|30
|choice|move psyshock|move earthquake
|
|move|p2a: Coal|Earthquake|p1a: Duosion
|-damage|p1a: Duosion|282\/334 par
|move|p1a: Duosion|Psyshock|p2a: Coal
|-damage|p2a: Coal|44\/364
|
|-heal|p2a: Coal|66\/364|[from] item: Leftovers
|upkeep
|turn|31
|choice|move psyshock|move stoneedge
|
|move|p2a: Coal|Stone Edge|p1a: Duosion
|-damage|p1a: Duosion|227\/334 par
|cant|p1a: Duosion|par
|
|-heal|p2a: Coal|88\/364|[from] item: Leftovers
|upkeep
|turn|32
|choice|move recover|move stoneedge
|
|move|p2a: Coal|Stone Edge|p1a: Duosion
|-damage|p1a: Duosion|176\/334 par
|move|p1a: Duosion|Recover|p1a: Duosion
|-heal|p1a: Duosion|334\/334 par
|
|-heal|p2a: Coal|110\/364|[from] item: Leftovers
|upkeep
|turn|33
|choice|move psyshock|move stoneedge
|
|move|p2a: Coal|Stone Edge|p1a: Duosion
|-damage|p1a: Duosion|285\/334 par
|move|p1a: Duosion|Psyshock|p2a: Coal
|-damage|p2a: Coal|0 fnt
|faint|p2a: Coal
|
|upkeep
|choice||switch 6
|
|switch|p2a: Santa Claus|Mr. Mime, M|221\/221
|turn|34
|choice|move psyshock|move shadowball
|
|move|p2a: Santa Claus|Shadow Ball|p1a: Duosion
|-supereffective|p1a: Duosion
|-damage|p1a: Duosion|221\/334 par
|move|p1a: Duosion|Psyshock|p2a: Santa Claus
|-resisted|p2a: Santa Claus
|-damage|p2a: Santa Claus|23\/221
|
|upkeep
|turn|35
|choice|move psyshock|move shadowball
|
|move|p2a: Santa Claus|Shadow Ball|p1a: Duosion
|-supereffective|p1a: Duosion
|-damage|p1a: Duosion|159\/334 par
|-unboost|p1a: Duosion|spd|1
|move|p1a: Duosion|Psyshock|p2a: Santa Claus
|-resisted|p2a: Santa Claus
|-damage|p2a: Santa Claus|0 fnt
|faint|p2a: Santa Claus
|
|upkeep
|c|☆Aaronboyer|gg
|choice||switch 5
|
|switch|p2a: Blitzen|Zebstrika, M|175\/291
|turn|36
|choice|move psyshock|move thunderbolt
|
|move|p2a: Blitzen|Thunderbolt|p1a: Duosion
|-damage|p1a: Duosion|85\/334 par
|-damage|p2a: Blitzen|146\/291|[from] item: Life Orb
|cant|p1a: Duosion|par
|
|upkeep
|turn|37
|choice|move psyshock|move thunderbolt
|
|move|p2a: Blitzen|Thunderbolt|p1a: Duosion
|-damage|p1a: Duosion|15\/334 par
|-damage|p2a: Blitzen|117\/291|[from] item: Life Orb
|move|p1a: Duosion|Psyshock|p2a: Blitzen
|-damage|p2a: Blitzen|0 fnt
|faint|p2a: Blitzen
|
|win|PokemonMasterTJ
|l|Aaronboyer
|c|☆PokemonMasterTJ|gg</script>
</div>
<div class="battle-log battle-log-inline"><div class="inner"><div class="battle-options"></div><div class="inner"><div class="chat"><small>PokemonMasterTJ joined.</small></div><div class="chat"><small>Aaronboyer joined.</small></div><div class=""><small>Format:</small> <br><strong>PU</strong></div><div class=""><small><em>Sleep Clause Mod:</em> Limit one foe put to sleep</small></div><div class=""><small><em>Species Clause:</em> Limit one of each Pokémon</small></div><div class=""><small><em>OHKO Clause:</em> OHKO moves are banned</small></div><div class=""><small><em>Moody Clause:</em> Moody is banned</small></div><div class=""><small><em>Evasion Moves Clause:</em> Evasion moves are banned</small></div><div class=""><small><em>Endless Battle Clause:</em> Forcing endless battles is banned</small></div><div class=""><small><em>HP Percentage Mod:</em> HP is shown in percentages</small></div><div class=""><small><em>Swagger Clause:</em> Swagger is banned</small></div><div class=""><small><em>Baton Pass Clause:</em> Limit one Baton Passer, can't pass Spe and other stats simultaneously</small></div><div class="chat battle-history"><strong>PokemonMasterTJ's team:</strong> <em style="color:#445566;display:block;">Ursaring / Duosion / Mawile / Rotom-Frost / Vibrava / Floatzel</em></div><div class="chat battle-history"><strong>Aaronboyer's team:</strong> <em style="color:#445566;display:block;">Zebstrika / Sawsbuck / Golem / Mawile / Lumineon / Mr. Mime</em></div><div class="chat"><small>therealslap joined.</small></div><div class="chat chatmessage-pokemonmastertj"><strong style="color:hsl(26,75%,48%)"><small>☆</small><span class="username" data-name="PokemonMasterTJ">PokemonMasterTJ</span>:</strong> <em>hf</em></div><div class="spacer battle-history"><br></div><div class="battle-history">Battle started between PokemonMasterTJ and Aaronboyer!<br></div><div class="spacer battle-history"><br></div><div class="battle-history">Go! <strong>Vibrava</strong>!<br></div><div class="spacer battle-history"><br></div><div class="battle-history">Aaronboyer sent out The Naughty (<strong>Mawile</strong>)!<br></div><div class="spacer battle-history"><br></div><h2 class="battle-history">Turn 1</h2><div class="spacer battle-history"><br></div><div class="battle-history">Vibrava, come back!<br></div><div class="battle-history">Go! <strong>Mawile</strong>!<br></div><div class="battle-history"><small>[Mawile's Intimidate]</small><br></div><div class="battle-history"><small>The opposing The Naughty's Attack fell!</small><br></div><div class="spacer battle-history"><br></div><div class="battle-history">The opposing The Naughty used <strong>Play Rough</strong>!<br></div><div class="battle-history"><small>It's not very effective...</small><br></div><div class="battle-history"><small>A critical hit!</small><br></div><div class="battle-history"><small>(Mawile lost <abbr title="−140/304">46.1%</abbr> of its health!)</small><br></div><div class="spacer battle-history"><br></div><div class="battle-history"><small>Mawile restored a little HP using its Leftovers!</small><br></div><div class="spacer battle-history"><br></div><h2 class="battle-history">Turn 2</h2><div class="spacer battle-history"><br></div><div class="battle-history">The opposing The Naughty used <strong>Fire Blast</strong>!<br></div><div class="battle-history"><small>It's super effective!</small><br></div><div class="battle-history"><small>(Mawile lost <abbr title="−183/304">60.2%</abbr> of its health!)</small><br></div><div class="spacer battle-history"><br></div><div class="battle-history">Mawile fainted!<br></div><div class="spacer battle-history"><br></div><div class="battle-history">Go! <strong>Floatzel</strong>!<br></div><div class="spacer battle-history"><br></div><h2 class="battle-history">Turn 3</h2><div class="spacer battle-history"><br></div><div class="battle-history">Aaronboyer withdrew The Naughty!<br></div><div class="battle-history">Aaronboyer sent out The Nice (<strong>Lumineon</strong>)!<br></div><div class="spacer battle-history"><br></div><div class="battle-history">Floatzel used <strong>Surf</strong>!<br></div><div class="battle-history"><small>[The opposing The Nice's Storm Drain]</small><br></div><div class="battle-history"><small>The opposing The Nice's Special Attack rose!</small><br></div><div class="spacer battle-history"><br></div><h2 class="battle-history">Turn 4</h2><div class="spacer battle-history"><br></div><div class="battle-history">Floatzel used <strong>Hidden Power</strong>!<br></div><div class="battle-history"><small>It's super effective!</small><br></div><div class="battle-history"><small>(The opposing The Nice lost <abbr title="−151/342">44.2%</abbr> of its health!)</small><br></div><div class="battle-history"><small>Floatzel lost some of its HP!</small><br></div><div class="spacer battle-history"><br></div><div class="battle-history">The opposing The Nice used <strong>U-turn</strong>!<br></div><div class="battle-history"><small>(Floatzel lost <abbr title="−54/311">17.4%</abbr> of its health!)</small><br></div><div class="spacer battle-history"><br></div><div class="battle-history">The opposing The Nice went back to Aaronboyer!<br></div><div class="battle-history">Aaronboyer sent out Blitzen (<strong>Zebstrika</strong>)!<br></div><div class="spacer battle-history"><br></div><h2 class="battle-history">Turn 5</h2><div class="spacer battle-history"><br></div><div class="battle-history">Floatzel, come back!<br></div><div class="battle-history">Go! <strong>Vibrava</strong>!<br></div><div class="spacer battle-history"><br></div><div class="battle-history">The opposing Blitzen used <strong>Volt Switch</strong>!<br></div><div class="battle-history"><small>It doesn't affect Vibrava...</small><br></div><div class="spacer battle-history"><br></div><h2 class="battle-history">Turn 6</h2><div class="chat"><small>reverse aim joined.</small></div><div class="spacer battle-history"><br></div><div class="battle-history">The opposing Blitzen went back to Aaronboyer!<br></div><div class="battle-history">Aaronboyer sent out Rudolf (<strong>Sawsbuck</strong>)!<br></div><div class="spacer battle-history"><br></div><div class="battle-history">Vibrava used <strong>Earthquake</strong>!<br></div><div class="battle-history"><small>It's not very effective...</small><br></div><div class="battle-history"><small>(The opposing Rudolf lost <abbr title="−57/301">18.9%</abbr> of its health!)</small><br></div><div class="spacer battle-history"><br></div><h2 class="battle-history">Turn 7</h2><div class="spacer battle-history"><br></div><div class="battle-history">The opposing Rudolf used <strong>Seed Bomb</strong>!<br></div><div class="battle-history"><small>(Vibrava lost <abbr title="−118/303">38.9%</abbr> of its health!)</small><br></div><div class="battle-history"><small>The opposing Rudolf lost some of its HP!</small><br></div><div class="spacer battle-history"><br></div><div class="battle-history">Vibrava used <strong>U-turn</strong>!<br></div><div class="battle-history"><small>It's super effective!</small><br></div><div class="battle-history"><small>(The opposing Rudolf lost <abbr title="−114/301">37.9%</abbr> of its health!)</small><br></div><div class="spacer battle-history"><br></div><div class="battle-history">Vibrava went back to PokemonMasterTJ!<br></div><div class="battle-history">Go! <strong>Floatzel</strong>!<br></div><div class="spacer battle-history"><br></div><h2 class="battle-history">Turn 8</h2><div class="spacer battle-history"><br></div><div class="battle-history">Floatzel used <strong>Ice Beam</strong>!<br></div><div class="battle-history"><small>It's super effective!</small><br></div><div class="battle-history"><small>(The opposing Rudolf lost <abbr title="−100/301">33.2%</abbr> of its health!)</small><br></div><div class="battle-history"><small>Floatzel lost some of its HP!</small><br></div><div class="spacer battle-history"><br></div><div class="battle-history">The opposing Rudolf fainted!<br></div><div class="spacer battle-history"><br></div><div class="battle-history">Aaronboyer sent out Blitzen (<strong>Zebstrika</strong>)!<br></div><div class="spacer battle-history"><br></div><h2 class="battle-history">Turn 9</h2><div class="spacer battle-history"><br></div><div class="battle-history">Floatzel, come back!<br></div><div class="battle-history">Go! Rotom (<strong>Rotom-Frost</strong>)!<br></div><div class="spacer battle-history"><br></div><div class="battle-history">The opposing Blitzen used <strong>Hidden Power</strong>!<br></div><div class="battle-history"><small>It's not very effective...</small><br></div><div class="battle-history"><small>(Rotom lost <abbr title="−34/241">14.1%</abbr> of its health!)</small><br></div><div class="battle-history"><small>The opposing Blitzen lost some of its HP!</small><br></div><div class="spacer battle-history"><br></div><h2 class="battle-history">Turn 10</h2><div class="spacer battle-history"><br></div><div class="battle-history">Aaronboyer withdrew Blitzen!<br></div><div class="battle-history">Aaronboyer sent out The Nice (<strong>Lumineon</strong>)!<br></div><div class="spacer battle-history"><br></div><div class="battle-history">Rotom used <strong>Blizzard</strong>!<br></div><div class="battle-history"><small>The opposing The Nice avoided the attack!</small><br></div><div class="spacer battle-history"><br></div><div class="battle-history"><small>The opposing The Nice restored a little HP using its Leftovers!</small><br></div><div class="spacer battle-history"><br></div><h2 class="battle-history">Turn 11</h2><div class="spacer battle-history"><br></div><div class="battle-history">Rotom used <strong>Blizzard</strong>!<br></div><div class="battle-history"><small>It's not very effective...</small><br></div><div class="battle-history"><small>(The opposing The Nice lost <abbr title="−92/342">26.9%</abbr> of its health!)</small><br></div><div class="spacer battle-history"><br></div><div class="battle-history">The opposing The Nice used <strong>U-turn</strong>!<br></div><div class="battle-history"><small>(Rotom lost <abbr title="−32/241">13.3%</abbr> of its health!)</small><br></div><div class="spacer battle-history"><br></div><div class="battle-history">The opposing The Nice went back to Aaronboyer!<br></div><div class="battle-history">Aaronboyer sent out Blitzen (<strong>Zebstrika</strong>)!<br></div><div class="spacer battle-history"><br></div><h2 class="battle-history">Turn 12</h2><div class="spacer battle-history"><br></div><div class="battle-history">Aaronboyer withdrew Blitzen!<br></div><div class="battle-history">Aaronboyer sent out The Nice (<strong>Lumineon</strong>)!<br></div><div class="spacer battle-history"><br></div><div class="battle-history">Rotom used <strong>Blizzard</strong>!<br></div><div class="battle-history"><small>It's not very effective...</small><br></div><div class="battle-history"><small>(The opposing The Nice lost <abbr title="−97/342">28.4%</abbr> of its health!)</small><br></div><div class="spacer battle-history"><br></div><div class="battle-history"><small>The opposing The Nice restored a little HP using its Leftovers!</small><br></div><div class="spacer battle-history"><br></div><h2 class="battle-history">Turn 13</h2><div class="spacer battle-history"><br></div><div class="battle-history">Rotom used <strong>Blizzard</strong>!<br></div><div class="battle-history"><small>It's not very effective...</small><br></div><div class="battle-history"><small>(The opposing The Nice lost <abbr title="−44/342">12.9%</abbr> of its health!)</small><br></div><div class="spacer battle-history"><br></div><div class="battle-history">The opposing The Nice fainted!<br></div><div class="spacer battle-history"><br></div><div class="battle-history">Aaronboyer sent out Coal (<strong>Golem</strong>)!<br></div><div class="spacer battle-history"><br></div><h2 class="battle-history">Turn 14</h2><div class="spacer battle-history"><br></div><div class="battle-history">Rotom, come back!<br></div><div class="battle-history">Go! <strong>Vibrava</strong>!<br></div><div class="spacer battle-history"><br></div><div class="battle-history">Aaronboyer withdrew Coal!<br></div><div class="battle-history">Aaronboyer sent out The Naughty (<strong>Mawile</strong>)!<br></div><div class="spacer battle-history"><br></div><h2 class="battle-history">Turn 15</h2><div class="spacer battle-history"><br></div><div class="battle-history">The opposing The Naughty used <strong>Play Rough</strong>!<br></div><div class="battle-history"><small>It's super effective!</small><br></div><div class="battle-history"><small>(Vibrava lost <abbr title="−185/303">61.1%</abbr> of its health!)</small><br></div><div class="spacer battle-history"><br></div><div class="battle-history">Vibrava fainted!<br></div><div class="spacer battle-history"><br></div><div class="battle-history">Go! Rotom (<strong>Rotom-Frost</strong>)!<br></div><div class="spacer battle-history"><br></div><h2 class="battle-history">Turn 16</h2><div class="spacer battle-history"><br></div><div class="battle-history">Rotom used <strong>Blizzard</strong>!<br></div><div class="battle-history"><small>It's not very effective...</small><br></div><div class="battle-history"><small>(The opposing The Naughty lost <abbr title="−145/241">60.2%</abbr> of its health!)</small><br></div><div class="spacer battle-history"><br></div><div class="battle-history">The opposing The Naughty used <strong>Fire Blast</strong>!<br></div><div class="battle-history"><small>It's super effective!</small><br></div><div class="battle-history"><small>(Rotom lost <abbr title="−166/241">68.9%</abbr> of its health!)</small><br></div><div class="spacer battle-history"><br></div><h2 class="battle-history">Turn 17</h2><div class="spacer battle-history"><br></div><div class="battle-history">The opposing The Naughty used <strong>Sucker Punch</strong>!<br></div><div class="battle-history"><small>(Rotom lost <abbr title="−9/241">3.7%</abbr> of its health!)</small><br></div><div class="battle-history"><small>The opposing The Naughty lost some of its HP!</small><br></div><div class="spacer battle-history"><br></div><div class="battle-history">Rotom fainted!<br></div><div class="spacer battle-history"><br></div><div class="battle-history">Go! <strong>Ursaring</strong>!<br></div><div class="spacer battle-history"><br></div><h2 class="battle-history">Turn 18</h2><div class="spacer battle-history"><br></div><div class="battle-history">The opposing The Naughty used <strong>Play Rough</strong>!<br></div><div class="battle-history"><small>(Ursaring lost <abbr title="−265/383">69.2%</abbr> of its health!)</small><br></div><div class="spacer battle-history"><br></div><div class="battle-history">Ursaring used <strong>Return</strong>!<br></div><div class="battle-history"><small>It's not very effective...</small><br></div><div class="battle-history"><small>(The opposing The Naughty lost <abbr title="−72/241">29.9%</abbr> of its health!)</small><br></div><div class="spacer battle-history"><br></div><div class="battle-history">The opposing The Naughty fainted!<br></div><div class="spacer battle-history"><br></div><div class="battle-history"><small>Ursaring restored a little HP using its Leftovers!</small><br></div><div class="spacer battle-history"><br></div><div class="battle-history">Aaronboyer sent out Blitzen (<strong>Zebstrika</strong>)!<br></div><div class="spacer battle-history"><br></div><h2 class="battle-history">Turn 19</h2><div class="spacer battle-history"><br></div><div class="battle-history">The opposing Blitzen used <strong>Thunderbolt</strong>!<br></div><div class="battle-history"><small>(Ursaring lost <abbr title="−141/383">36.8%</abbr> of its health!)</small><br></div><div class="battle-history"><small>The opposing Blitzen lost some of its HP!</small><br></div><div class="spacer battle-history"><br></div><div class="battle-history">Ursaring fainted!<br></div><div class="spacer battle-history"><br></div><div class="battle-history">Go! <strong>Duosion</strong>!<br></div><div class="spacer battle-history"><br></div><h2 class="battle-history">Turn 20</h2><div class="spacer battle-history"><br></div><div class="battle-history">The opposing Blitzen used <strong>Thunderbolt</strong>!<br></div><div class="battle-history"><small>(Duosion lost <abbr title="−140/334">41.9%</abbr> of its health!)</small><br></div><div class="battle-history"><small>Duosion is paralyzed! It may be unable to move!</small><br></div><div class="battle-history"><small>The opposing Blitzen lost some of its HP!</small><br></div><div class="spacer battle-history"><br></div><div class="battle-history">Duosion used <strong>Calm Mind</strong>!<br></div><div class="battle-history"><small>Duosion's Special Attack rose!</small><br></div><div class="battle-history"><small>Duosion's Special Defense rose!</small><br></div><div class="spacer battle-history"><br></div><h2 class="battle-history">Turn 21</h2><div class="spacer battle-history"><br></div><div class="battle-history">The opposing Blitzen used <strong>Thunderbolt</strong>!<br></div><div class="battle-history"><small>(Duosion lost <abbr title="−103/334">30.8%</abbr> of its health!)</small><br></div><div class="battle-history"><small>The opposing Blitzen lost some of its HP!</small><br></div><div class="spacer battle-history"><br></div><div class="battle-history">Duosion used <strong>Recover</strong>!<br></div><div class="battle-history"><small>Duosion restored its HP.</small><br></div><div class="spacer battle-history"><br></div><h2 class="battle-history">Turn 22</h2><div class="spacer battle-history"><br></div><div class="battle-history">Aaronboyer withdrew Blitzen!<br></div><div class="battle-history">Aaronboyer sent out Coal (<strong>Golem</strong>)!<br></div><div class="spacer battle-history"><br></div><div class="battle-history">Duosion is paralyzed! It can't move!<br></div><div class="spacer battle-history"><br></div><h2 class="battle-history">Turn 23</h2><div class="spacer battle-history"><br></div><div class="battle-history">The opposing Coal used <strong>Earthquake</strong>!<br></div><div class="battle-history"><small>(Duosion lost <abbr title="−94/334">28.1%</abbr> of its health!)</small><br></div><div class="spacer battle-history"><br></div><div class="battle-history">Duosion used <strong>Acid Armor</strong>!<br></div><div class="battle-history"><small>Duosion's Defense rose sharply!</small><br></div><div class="spacer battle-history"><br></div><h2 class="battle-history">Turn 24</h2><div class="spacer battle-history"><br></div><div class="battle-history">The opposing Coal used <strong>Earthquake</strong>!<br></div><div class="battle-history"><small>(Duosion lost <abbr title="−49/334">14.7%</abbr> of its health!)</small><br></div><div class="spacer battle-history"><br></div><div class="battle-history">Duosion used <strong>Recover</strong>!<br></div><div class="battle-history"><small>Duosion restored its HP.</small><br></div><div class="spacer battle-history"><br></div><h2 class="battle-history">Turn 25</h2><div class="spacer battle-history"><br></div><div class="battle-history">The opposing Coal used <strong>Earthquake</strong>!<br></div><div class="battle-history"><small>(Duosion lost <abbr title="−54/334">16.2%</abbr> of its health!)</small><br></div><div class="spacer battle-history"><br></div><div class="battle-history">Duosion used <strong>Calm Mind</strong>!<br></div><div class="battle-history"><small>Duosion's Special Attack rose!</small><br></div><div class="battle-history"><small>Duosion's Special Defense rose!</small><br></div><div class="spacer battle-history"><br></div><h2 class="battle-history">Turn 26</h2><div class="spacer battle-history"><br></div><div class="battle-history">The opposing Coal used <strong>Earthquake</strong>!<br></div><div class="battle-history"><small>(Duosion lost <abbr title="−51/334">15.3%</abbr> of its health!)</small><br></div><div class="spacer battle-history"><br></div><div class="battle-history">Duosion used <strong>Recover</strong>!<br></div><div class="battle-history"><small>Duosion restored its HP.</small><br></div><div class="spacer battle-history"><br></div><h2 class="battle-history">Turn 27</h2><div class="spacer battle-history"><br></div><div class="battle-history">The opposing Coal used <strong>Earthquake</strong>!<br></div><div class="battle-history"><small>(Duosion lost <abbr title="−54/334">16.2%</abbr> of its health!)</small><br></div><div class="spacer battle-history"><br></div><div class="battle-history">Duosion used <strong>Psyshock</strong>!<br></div><div class="battle-history"><small>(The opposing Coal lost <abbr title="−178/364">48.9%</abbr> of its health!)</small><br></div><div class="spacer battle-history"><br></div><div class="battle-history"><small>The opposing Coal restored a little HP using its Leftovers!</small><br></div><div class="spacer battle-history"><br></div><h2 class="battle-history">Turn 28</h2><div class="spacer battle-history"><br></div><div class="battle-history">The opposing Coal used <strong>Earthquake</strong>!<br></div><div class="battle-history"><small>(Duosion lost <abbr title="−54/334">16.2%</abbr> of its health!)</small><br></div><div class="spacer battle-history"><br></div><div class="battle-history">Duosion used <strong>Calm Mind</strong>!<br></div><div class="battle-history"><small>Duosion's Special Attack rose!</small><br></div><div class="battle-history"><small>Duosion's Special Defense rose!</small><br></div><div class="spacer battle-history"><br></div><div class="battle-history"><small>The opposing Coal restored a little HP using its Leftovers!</small><br></div><div class="spacer battle-history"><br></div><h2 class="battle-history">Turn 29</h2><div class="spacer battle-history"><br></div><div class="battle-history">The opposing Coal used <strong>Earthquake</strong>!<br></div><div class="battle-history"><small>(Duosion lost <abbr title="−51/334">15.3%</abbr> of its health!)</small><br></div><div class="spacer battle-history"><br></div><div class="battle-history">Duosion used <strong>Recover</strong>!<br></div><div class="battle-history"><small>Duosion restored its HP.</small><br></div><div class="spacer battle-history"><br></div><div class="battle-history"><small>The opposing Coal restored a little HP using its Leftovers!</small><br></div><div class="spacer battle-history"><br></div><h2 class="battle-history">Turn 30</h2><div class="spacer battle-history"><br></div><div class="battle-history">The opposing Coal used <strong>Earthquake</strong>!<br></div><div class="battle-history"><small>(Duosion lost <abbr title="−52/334">15.6%</abbr> of its health!)</small><br></div><div class="spacer battle-history"><br></div><div class="battle-history">Duosion used <strong>Psyshock</strong>!<br></div><div class="battle-history"><small>(The opposing Coal lost <abbr title="−208/364">57.1%</abbr> of its health!)</small><br></div><div class="spacer battle-history"><br></div><div class="battle-history"><small>The opposing Coal restored a little HP using its Leftovers!</small><br></div><div class="spacer battle-history"><br></div><h2 class="battle-history">Turn 31</h2><div class="spacer battle-history"><br></div><div class="battle-history">The opposing Coal used <strong>Stone Edge</strong>!<br></div><div class="battle-history"><small>(Duosion lost <abbr title="−55/334">16.5%</abbr> of its health!)</small><br></div><div class="spacer battle-history"><br></div><div class="battle-history">Duosion is paralyzed! It can't move!<br></div><div class="spacer battle-history"><br></div><div class="battle-history"><small>The opposing Coal restored a little HP using its Leftovers!</small><br></div><div class="spacer battle-history"><br></div><h2 class="battle-history">Turn 32</h2><div class="spacer battle-history"><br></div><div class="battle-history">The opposing Coal used <strong>Stone Edge</strong>!<br></div><div class="battle-history"><small>(Duosion lost <abbr title="−51/334">15.3%</abbr> of its health!)</small><br></div><div class="spacer battle-history"><br></div><div class="battle-history">Duosion used <strong>Recover</strong>!<br></div><div class="battle-history"><small>Duosion restored its HP.</small><br></div><div class="spacer battle-history"><br></div><div class="battle-history"><small>The opposing Coal restored a little HP using its Leftovers!</small><br></div><div class="spacer battle-history"><br></div><h2 class="battle-history">Turn 33</h2><div class="spacer battle-history"><br></div><div class="battle-history">The opposing Coal used <strong>Stone Edge</strong>!<br></div><div class="battle-history"><small>(Duosion lost <abbr title="−49/334">14.7%</abbr> of its health!)</small><br></div><div class="spacer battle-history"><br></div><div class="battle-history">Duosion used <strong>Psyshock</strong>!<br></div><div class="battle-history"><small>(The opposing Coal lost <abbr title="−110/364">30.2%</abbr> of its health!)</small><br></div><div class="spacer battle-history"><br></div><div class="battle-history">The opposing Coal fainted!<br></div><div class="spacer battle-history"><br></div><div class="battle-history">Aaronboyer sent out Santa Claus (<strong>Mr. Mime</strong>)!<br></div><div class="spacer battle-history"><br></div><h2 class="battle-history">Turn 34</h2><div class="spacer battle-history"><br></div><div class="battle-history">The opposing Santa Claus used <strong>Shadow Ball</strong>!<br></div><div class="battle-history"><small>It's super effective!</small><br></div><div class="battle-history"><small>(Duosion lost <abbr title="−64/334">19.2%</abbr> of its health!)</small><br></div><div class="spacer battle-history"><br></div><div class="battle-history">Duosion used <strong>Psyshock</strong>!<br></div><div class="battle-history"><small>It's not very effective...</small><br></div><div class="battle-history"><small>(The opposing Santa Claus lost <abbr title="−198/221">89.6%</abbr> of its health!)</small><br></div><div class="spacer battle-history"><br></div><h2 class="battle-history">Turn 35</h2><div class="spacer battle-history"><br></div><div class="battle-history">The opposing Santa Claus used <strong>Shadow Ball</strong>!<br></div><div class="battle-history"><small>It's super effective!</small><br></div><div class="battle-history"><small>(Duosion lost <abbr title="−62/334">18.6%</abbr> of its health!)</small><br></div><div class="battle-history"><small>Duosion's Special Defense fell!</small><br></div><div class="spacer battle-history"><br></div><div class="battle-history">Duosion used <strong>Psyshock</strong>!<br></div><div class="battle-history"><small>It's not very effective...</small><br></div><div class="battle-history"><small>(The opposing Santa Claus lost <abbr title="−23/221">10.4%</abbr> of its health!)</small><br></div><div class="spacer battle-history"><br></div><div class="battle-history">The opposing Santa Claus fainted!<br></div><div class="chat chatmessage-aaronboyer"><strong style="color:hsl(2,76%,46.066251171293864%)"><small>☆</small><span class="username" data-name="Aaronboyer">Aaronboyer</span>:</strong> <em>gg</em></div><div class="spacer battle-history"><br></div><div class="battle-history">Aaronboyer sent out Blitzen (<strong>Zebstrika</strong>)!<br></div><div class="spacer battle-history"><br></div><h2 class="battle-history">Turn 36</h2><div class="spacer battle-history"><br></div><div class="battle-history">The opposing Blitzen used <strong>Thunderbolt</strong>!<br></div><div class="battle-history"><small>(Duosion lost <abbr title="−74/334">22.2%</abbr> of its health!)</small><br></div><div class="battle-history"><small>The opposing Blitzen lost some of its HP!</small><br></div><div class="spacer battle-history"><br></div><div class="battle-history">Duosion is paralyzed! It can't move!<br></div><div class="spacer battle-history"><br></div><h2 class="battle-history">Turn 37</h2><div class="spacer battle-history"><br></div><div class="battle-history">The opposing Blitzen used <strong>Thunderbolt</strong>!<br></div><div class="battle-history"><small>(Duosion lost <abbr title="−70/334">21.0%</abbr> of its health!)</small><br></div><div class="battle-history"><small>The opposing Blitzen lost some of its HP!</small><br></div><div class="spacer battle-history"><br></div><div class="battle-history">Duosion used <strong>Psyshock</strong>!<br></div><div class="battle-history"><small>(The opposing Blitzen lost <abbr title="−117/291">40.2%</abbr> of its health!)</small><br></div><div class="spacer battle-history"><br></div><div class="battle-history">The opposing Blitzen fainted!<br></div><div class="spacer battle-history"><br></div><div class="battle-history"><strong>PokemonMasterTJ</strong> won the battle!<br></div><div class="chat"><small>Aaronboyer left.</small></div><div class="chat chatmessage-pokemonmastertj"><strong style="color:hsl(26,75%,48%)"><small>☆</small><span class="username" data-name="PokemonMasterTJ">PokemonMasterTJ</span>:</strong> <em>gg</em></div></div><div class="inner-preempt"></div></div></div>
</div>
<script>
let daily = Math.floor(Date.now()/1000/60/60/24);document.write('<script src="https://play.pokemonshowdown.com/js/replay-embed.js?version'+daily+'"></'+'script>');
</script>
