<!DOCTYPE html>
<meta charset="utf-8" />
<!-- version 1 -->
<title>PU replay: pink tape vs. Beksel ✘</title>
<style>
html,body {font-family:Verdana, sans-serif;font-size:10pt;margin:0;padding:0;}body{padding:12px 0;} .battle-log {font-family:Verdana, sans-serif;font-size:10pt;} .battle-log-inline {border:1px solid #AAAAAA;background:#EEF2F5;color:black;max-width:640px;margin:0 auto 80px;padding-bottom:5px;} .battle-log .inner {padding:4px 8px 0px 8px;} .battle-log .inner-preempt {padding:0 8px 4px 8px;} .battle-log .inner-after {margin-top:0.5em;} .battle-log h2 {margin:0.5em -8px;padding:4px 8px;border:1px solid #AAAAAA;background:#E0E7EA;border-left:0;border-right:0;font-family:Verdana, sans-serif;font-size:13pt;} .battle-log .chat {vertical-align:middle;padding:3px 0 3px 0;font-size:8pt;} .battle-log .chat strong {color:#40576A;} .battle-log .chat em {padding:1px 4px 1px 3px;color:#000000;font-style:normal;} .chat.mine {background:rgba(0,0,0,0.05);margin-left:-8px;margin-right:-8px;padding-left:8px;padding-right:8px;} .spoiler {color:#BBBBBB;background:#BBBBBB;padding:0px 3px;} .spoiler:hover, .spoiler:active, .spoiler-shown {color:#000000;background:#E2E2E2;padding:0px 3px;} .spoiler a {color:#BBBBBB;} .spoiler:hover a, .spoiler:active a, .spoiler-shown a {color:#2288CC;} .chat code, .chat .spoiler:hover code, .chat .spoiler:active code, .chat .spoiler-shown code {border:1px solid #C0C0C0;background:#EEEEEE;color:black;padding:0 2px;} .chat .spoiler code {border:1px solid #CCCCCC;background:#CCCCCC;color:#CCCCCC;} .battle-log .rated {padding:3px 4px;} .battle-log .rated strong {color:white;background:#89A;padding:1px 4px;border-radius:4px;} .spacer {margin-top:0.5em;} .message-announce {background:#6688AA;color:white;padding:1px 4px 2px;} .message-announce a, .broadcast-green a, .broadcast-blue a, .broadcast-red a {color:#DDEEFF;} .broadcast-green {background-color:#559955;color:white;padding:2px 4px;} .broadcast-blue {background-color:#6688AA;color:white;padding:2px 4px;} .infobox {border:1px solid #6688AA;padding:2px 4px;} .infobox-limited {max-height:200px;overflow:auto;overflow-x:hidden;} .broadcast-red {background-color:#AA5544;color:white;padding:2px 4px;} .message-learn-canlearn {font-weight:bold;color:#228822;text-decoration:underline;} .message-learn-cannotlearn {font-weight:bold;color:#CC2222;text-decoration:underline;} .message-effect-weak {font-weight:bold;color:#CC2222;} .message-effect-resist {font-weight:bold;color:#6688AA;} .message-effect-immune {font-weight:bold;color:#666666;} .message-learn-list {margin-top:0;margin-bottom:0;} .message-throttle-notice, .message-error {color:#992222;} .message-overflow, .chat small.message-overflow {font-size:0pt;} .message-overflow::before {font-size:9pt;content:'...';} .subtle {color:#3A4A66;}
</style>
<div class="wrapper replay-wrapper" style="max-width:1180px;margin:0 auto">
<input type="hidden" name="replayid" value="pu-598438354" />
<div class="battle"></div><div class="battle-log"></div><div class="replay-controls"></div><div class="replay-controls-2"></div>
<h1 style="font-weight:normal;text-align:center"><strong>PU</strong><br /><a href="http://pokemonshowdown.com/users/pinktape" class="subtle" target="_blank">pink tape</a> vs. <a href="http://pokemonshowdown.com/users/beksel" class="subtle" target="_blank">Beksel ✘</a></h1>
<script type="text/plain" class="battle-log-data">|j|pink tape
|j|Beksel ✘
|player|p1|pink tape|249
|teamsize|p1|6
|player|p2|Beksel ✘|88
|teamsize|p2|6
|gametype|singles
|gen|6
|tier|PU
|seed|29967,40191,22313,59785
|rule|Sleep Clause Mod: Limit one foe put to sleep
|rule|Species Clause: Limit one of each Pokémon
|rule|OHKO Clause: OHKO moves are banned
|rule|Moody Clause: Moody is banned
|rule|Evasion Moves Clause: Evasion moves are banned
|rule|Endless Battle Clause: Forcing endless battles is banned
|rule|HP Percentage Mod: HP is shown in percentages
|clearpoke
|poke|p1|Rotom-Fan|item
|poke|p1|Prinplup, F|item
|poke|p1|Golem, F|item
|poke|p1|Rapidash, M|item
|poke|p1|Bouffalant, M|item
|poke|p1|Mr. Mime, F|item
|poke|p2|Simipour, F|item
|poke|p2|Rotom-Frost|item
|poke|p2|Mawile, M|item
|poke|p2|Seaking, M|item
|poke|p2|Mr. Mime, F|item
|poke|p2|Monferno, M|item
|rule|Swagger Clause: Swagger is banned
|rule|Baton Pass Clause: Limit one Baton Passer, can't pass Spe and other stats simultaneously
|teampreview
|c|☆pink tape|gl
|c|☆Beksel ✘|Have Fun
|j|2xTheTap
|choice|team 4, team 2, team 3, team 1, team 5, team 6|team 4, team 2, team 3, team 1, team 5, team 6
|
|start
|switch|p1a: Rapidash|Rapidash, M|271\/271
|switch|p2a: Seaking|Seaking, M|329\/329
|turn|1
|choice|switch 2|move knockoff
|
|switch|p1a: Prinplup|Prinplup, F|331\/331
|move|p2a: Seaking|Knock Off|p1a: Prinplup
|-damage|p1a: Prinplup|267\/331
|-enditem|p1a: Prinplup|Eviolite|[from] move: Knock Off|[of] p2a: Seaking
|
|upkeep
|turn|2
|choice|move stealthrock|switch 2
|
|switch|p2a: Rotom|Rotom-Frost|239\/239
|move|p1a: Prinplup|Stealth Rock|p2a: Rotom
|-sidestart|p2: Beksel ✘|move: Stealth Rock
|
|upkeep
|turn|3
|choice|switch 3|switch 6
|
|switch|p2a: Monferno|Monferno, M|267\/267
|-damage|p2a: Monferno|234\/267|[from] Stealth Rock
|switch|p1a: Golem|Golem, F|301\/301
|
|upkeep
|turn|4
|choice|switch 3|move uturn
|
|switch|p1a: Prinplup|Prinplup, F|267\/331
|move|p2a: Monferno|U-turn|p1a: Prinplup
|-damage|p1a: Prinplup|193\/331
|-damage|p2a: Monferno|208\/267|[from] item: Life Orb
|choice||switch 6
|
|switch|p2a: Rotom|Rotom-Frost|239\/239
|-damage|p2a: Rotom|180\/239|[from] Stealth Rock
|
|upkeep
|turn|5
|choice|move scald|move substitute
|
|move|p2a: Rotom|Substitute|p2a: Rotom
|-start|p2a: Rotom|Substitute
|-damage|p2a: Rotom|121\/239
|move|p1a: Prinplup|Scald|p2a: Rotom
|-end|p2a: Rotom|Substitute
|
|upkeep
|turn|6
|choice|move scald|move substitute
|
|move|p2a: Rotom|Substitute|p2a: Rotom
|-start|p2a: Rotom|Substitute
|-damage|p2a: Rotom|62\/239
|move|p1a: Prinplup|Scald|p2a: Rotom
|-end|p2a: Rotom|Substitute
|
|upkeep
|turn|7
|choice|switch 3|move thunderbolt
|
|switch|p1a: Golem|Golem, F|301\/301
|move|p2a: Rotom|Thunderbolt|p1a: Golem
|-immune|p1a: Golem|[msg]
|
|upkeep
|turn|8
|choice|move stoneedge|move painsplit
|
|move|p2a: Rotom|Pain Split|p1a: Golem
|-sethp|p1a: Golem|181\/301|p2a: Rotom|181\/239|[from] move: Pain Split
|move|p1a: Golem|Stone Edge|p2a: Rotom
|-supereffective|p2a: Rotom
|-damage|p2a: Rotom|0 fnt
|faint|p2a: Rotom
|
|upkeep
|choice||switch 6
|
|switch|p2a: Monferno|Monferno, M|208\/267
|-damage|p2a: Monferno|175\/267|[from] Stealth Rock
|turn|9
|choice|switch 3|move closecombat
|
|switch|p1a: Prinplup|Prinplup, F|193\/331
|move|p2a: Monferno|Close Combat|p1a: Prinplup
|-damage|p1a: Prinplup|0 fnt
|-unboost|p2a: Monferno|def|1
|-unboost|p2a: Monferno|spd|1
|-damage|p2a: Monferno|149\/267|[from] item: Life Orb
|faint|p1a: Prinplup
|
|upkeep
|choice|switch 6|
|
|switch|p1a: Mr. Mime|Mr. Mime, F|221\/221
|turn|10
|choice|switch 2|switch 5
|
|switch|p1a: Rapidash|Rapidash, M|271\/271
|switch|p2a: Mr. Mime|Mr. Mime, F|221\/221
|-damage|p2a: Mr. Mime|194\/221|[from] Stealth Rock
|
|upkeep
|turn|11
|choice|switch 3|switch 2
|
|switch|p2a: Seaking|Seaking, M|329\/329
|-damage|p2a: Seaking|288\/329|[from] Stealth Rock
|switch|p1a: Golem|Golem, F|181\/301
|
|-heal|p2a: Seaking|308\/329|[from] item: Leftovers
|upkeep
|turn|12
|choice|move suckerpunch|move waterfall
|
|move|p1a: Golem|Sucker Punch|p2a: Seaking
|-damage|p2a: Seaking|109\/329
|move|p2a: Seaking|Waterfall|p1a: Golem
|-supereffective|p1a: Golem
|-damage|p1a: Golem|0 fnt
|faint|p1a: Golem
|
|-heal|p2a: Seaking|129\/329|[from] item: Leftovers
|upkeep
|choice|switch 2|
|
|switch|p1a: Mr. Mime|Mr. Mime, F|221\/221
|turn|13
|choice|move psychic|move knockoff
|
|move|p1a: Mr. Mime|Psychic|p2a: Seaking
|-damage|p2a: Seaking|0 fnt
|faint|p2a: Seaking
|
|upkeep
|choice||switch 2
|
|switch|p2a: Mr. Mime|Mr. Mime, F|194\/221
|-damage|p2a: Mr. Mime|167\/221|[from] Stealth Rock
|turn|14
|choice|switch 4|move psychic
|
|switch|p1a: Rotom|Rotom-Fan|303\/303
|move|p2a: Mr. Mime|Psychic|p1a: Rotom
|-damage|p1a: Rotom|173\/303
|
|-heal|p1a: Rotom|191\/303|[from] item: Leftovers
|upkeep
|turn|15
|choice|move painsplit|move psychic
|
|move|p2a: Mr. Mime|Psychic|p1a: Rotom
|-damage|p1a: Rotom|58\/303
|move|p1a: Rotom|Pain Split|p2a: Mr. Mime
|-sethp|p2a: Mr. Mime|112\/221|p1a: Rotom|112\/303|[from] move: Pain Split
|
|-heal|p1a: Rotom|130\/303|[from] item: Leftovers
|upkeep
|turn|16
|choice|move airslash|move psychic
|
|move|p2a: Mr. Mime|Psychic|p1a: Rotom
|-damage|p1a: Rotom|0 fnt
|faint|p1a: Rotom
|
|upkeep
|choice|switch 4|
|
|switch|p1a: Mr. Mime|Mr. Mime, F|221\/221
|turn|17
|choice|move dazzlinggleam|switch 3
|
|switch|p2a: Mawile|Mawile, M|304\/304
|-damage|p2a: Mawile|285\/304|[from] Stealth Rock
|-ability|p2a: Mawile|Intimidate|boost
|-unboost|p1a: Mr. Mime|atk|1
|move|p1a: Mr. Mime|Dazzling Gleam|p2a: Mawile
|-resisted|p2a: Mawile
|-damage|p2a: Mawile|195\/304
|
|-heal|p2a: Mawile|214\/304|[from] item: Leftovers
|upkeep
|turn|18
|choice|switch 5|move ironhead
|
|switch|p1a: Bouffalant|Bouffalant, M|361\/361
|move|p2a: Mawile|Iron Head|p1a: Bouffalant
|-damage|p1a: Bouffalant|273\/361
|
|-heal|p1a: Bouffalant|295\/361|[from] item: Leftovers
|-heal|p2a: Mawile|233\/304|[from] item: Leftovers
|upkeep
|turn|19
|choice|move substitute|move ironhead
|
|move|p1a: Bouffalant|Substitute|p1a: Bouffalant
|-start|p1a: Bouffalant|Substitute
|-damage|p1a: Bouffalant|205\/361
|move|p2a: Mawile|Iron Head|p1a: Bouffalant
|-end|p1a: Bouffalant|Substitute
|
|-heal|p1a: Bouffalant|227\/361|[from] item: Leftovers
|-heal|p2a: Mawile|252\/304|[from] item: Leftovers
|upkeep
|turn|20
|choice|move earthquake|move stealthrock
|
|move|p1a: Bouffalant|Earthquake|p2a: Mawile
|-supereffective|p2a: Mawile
|-damage|p2a: Mawile|64\/304
|move|p2a: Mawile|Stealth Rock|p1a: Bouffalant
|-sidestart|p1: pink tape|move: Stealth Rock
|
|-heal|p1a: Bouffalant|249\/361|[from] item: Leftovers
|-heal|p2a: Mawile|83\/304|[from] item: Leftovers
|upkeep
|turn|21
|choice|move earthquake|move ironhead
|
|move|p1a: Bouffalant|Earthquake|p2a: Mawile
|-supereffective|p2a: Mawile
|-damage|p2a: Mawile|0 fnt
|faint|p2a: Mawile
|
|-heal|p1a: Bouffalant|271\/361|[from] item: Leftovers
|upkeep
|choice||switch 5
|
|switch|p2a: Monferno|Monferno, M|149\/267
|-damage|p2a: Monferno|116\/267|[from] Stealth Rock
|turn|22
|choice|move earthquake|move flareblitz
|
|move|p2a: Monferno|Flare Blitz|p1a: Bouffalant
|-damage|p1a: Bouffalant|53\/361
|-damage|p2a: Monferno|44\/267|[from] Recoil|[of] p1a: Bouffalant
|-damage|p2a: Monferno|18\/267|[from] item: Life Orb
|move|p1a: Bouffalant|Earthquake|p2a: Monferno
|-supereffective|p2a: Monferno
|-damage|p2a: Monferno|0 fnt
|faint|p2a: Monferno
|
|-heal|p1a: Bouffalant|75\/361|[from] item: Leftovers
|upkeep
|choice||switch 4
|
|switch|p2a: Simipour|Simipour, F|290\/290
|-damage|p2a: Simipour|254\/290|[from] Stealth Rock
|turn|23
|choice|move frustration|move knockoff
|
|move|p2a: Simipour|Knock Off|p1a: Bouffalant
|-damage|p1a: Bouffalant|0 fnt
|-enditem|p1a: Bouffalant|Leftovers|[from] move: Knock Off|[of] p2a: Simipour
|-damage|p2a: Simipour|225\/290|[from] item: Life Orb
|faint|p1a: Bouffalant
|
|upkeep
|choice|switch 5|
|
|switch|p1a: Mr. Mime|Mr. Mime, F|221\/221
|-damage|p1a: Mr. Mime|194\/221|[from] Stealth Rock
|turn|24
|choice|move dazzlinggleam|move gunkshot
|
|move|p1a: Mr. Mime|Dazzling Gleam|p2a: Simipour
|-damage|p2a: Simipour|18\/290
|move|p2a: Simipour|Gunk Shot|p1a: Mr. Mime
|-supereffective|p1a: Mr. Mime
|-damage|p1a: Mr. Mime|0 fnt
|-damage|p2a: Simipour|0 fnt|[from] item: Life Orb
|faint|p1a: Mr. Mime
|faint|p2a: Simipour
|
|upkeep
|choice|switch 3|switch 3
|
|switch|p1a: Rapidash|Rapidash, M|271\/271
|switch|p2a: Mr. Mime|Mr. Mime, F|112\/221
|-damage|p2a: Mr. Mime|85\/221|[from] Stealth Rock
|-damage|p1a: Rapidash|204\/271|[from] Stealth Rock
|turn|25
|choice|move flareblitz|move psychic
|
|move|p2a: Mr. Mime|Psychic|p1a: Rapidash
|-damage|p1a: Rapidash|38\/271
|move|p1a: Rapidash|Flare Blitz|p2a: Mr. Mime
|-damage|p2a: Mr. Mime|0 fnt
|-damage|p1a: Rapidash|10\/271|[from] Recoil|[of] p2a: Mr. Mime
|faint|p2a: Mr. Mime
|
|win|pink tape
|c|☆pink tape|gg</script>
</div>
<div class="battle-log battle-log-inline"><div class="inner"><div class="battle-options"></div><div class="inner"><div class="chat"><small>pink tape joined.</small></div><div class="chat"><small>Beksel ✘ joined.</small></div><div class=""><small>Format:</small> <br><strong>PU</strong></div><div class=""><small><em>Sleep Clause Mod:</em> Limit one foe put to sleep</small></div><div class=""><small><em>Species Clause:</em> Limit one of each Pokémon</small></div><div class=""><small><em>OHKO Clause:</em> OHKO moves are banned</small></div><div class=""><small><em>Moody Clause:</em> Moody is banned</small></div><div class=""><small><em>Evasion Moves Clause:</em> Evasion moves are banned</small></div><div class=""><small><em>Endless Battle Clause:</em> Forcing endless battles is banned</small></div><div class=""><small><em>HP Percentage Mod:</em> HP is shown in percentages</small></div><div class=""><small><em>Swagger Clause:</em> Swagger is banned</small></div><div class=""><small><em>Baton Pass Clause:</em> Limit one Baton Passer, can't pass Spe and other stats simultaneously</small></div><div class="chat battle-history"><strong>pink tape's team:</strong> <em style="color:#445566;display:block;">Rotom-Fan / Prinplup / Golem / Rapidash / Bouffalant / Mr. Mime</em></div><div class="chat battle-history"><strong>Beksel ✘'s team:</strong> <em style="color:#445566;display:block;">Simipour / Rotom-Frost / Mawile / Seaking / Mr. Mime / Monferno</em></div><div class="chat chatmessage-pinktape"><strong style="color:hsl(220,80%,50.27318673066665%)"><small>☆</small><span class="username" data-name="pink tape">pink tape</span>:</strong> <em>gl</em></div><div class="chat chatmessage-beksel"><strong style="color:hsl(31,69%,45%)"><small>☆</small><span class="username" data-name="Beksel ✘">Beksel ✘</span>:</strong> <em>Have Fun</em></div><div class="chat"><small>2xTheTap joined.</small></div><div class="spacer battle-history"><br></div><div class="battle-history">Battle started between pink tape and Beksel ✘!<br></div><div class="spacer battle-history"><br></div><div class="battle-history">Go! <strong>Rapidash</strong>!<br></div><div class="spacer battle-history"><br></div><div class="battle-history">Beksel ✘ sent out <strong>Seaking</strong>!<br></div><div class="spacer battle-history"><br></div><h2 class="battle-history">Turn 1</h2><div class="spacer battle-history"><br></div><div class="battle-history">Rapidash, come back!<br></div><div class="battle-history">Go! <strong>Prinplup</strong>!<br></div><div class="spacer battle-history"><br></div><div class="battle-history">The opposing Seaking used <strong>Knock Off</strong>!<br></div><div class="battle-history"><small>(Prinplup lost <abbr title="−64/331">19.3%</abbr> of its health!)</small><br></div><div class="battle-history"><small>The opposing Seaking knocked off Prinplup's Eviolite!</small><br></div><div class="spacer battle-history"><br></div><h2 class="battle-history">Turn 2</h2><div class="spacer battle-history"><br></div><div class="battle-history">Beksel ✘ withdrew Seaking!<br></div><div class="battle-history">Beksel ✘ sent out Rotom (<strong>Rotom-Frost</strong>)!<br></div><div class="spacer battle-history"><br></div><div class="battle-history">Prinplup used <strong>Stealth Rock</strong>!<br></div><div class="battle-history"><small>Pointed stones float in the air around the opposing team!</small><br></div><div class="spacer battle-history"><br></div><h2 class="battle-history">Turn 3</h2><div class="spacer battle-history"><br></div><div class="battle-history">Beksel ✘ withdrew Rotom!<br></div><div class="battle-history">Beksel ✘ sent out <strong>Monferno</strong>!<br></div><div class="battle-history"><small>Pointed stones dug into the opposing Monferno!</small><br></div><div class="spacer battle-history"><br></div><div class="battle-history">Prinplup, come back!<br></div><div class="battle-history">Go! <strong>Golem</strong>!<br></div><div class="spacer battle-history"><br></div><h2 class="battle-history">Turn 4</h2><div class="spacer battle-history"><br></div><div class="battle-history">Golem, come back!<br></div><div class="battle-history">Go! <strong>Prinplup</strong>!<br></div><div class="spacer battle-history"><br></div><div class="battle-history">The opposing Monferno used <strong>U-turn</strong>!<br></div><div class="battle-history"><small>(Prinplup lost <abbr title="−74/331">22.4%</abbr> of its health!)</small><br></div><div class="battle-history"><small>The opposing Monferno lost some of its HP!</small><br></div><div class="spacer battle-history"><br></div><div class="battle-history">The opposing Monferno went back to Beksel ✘!<br></div><div class="battle-history">Beksel ✘ sent out Rotom (<strong>Rotom-Frost</strong>)!<br></div><div class="battle-history"><small>Pointed stones dug into the opposing Rotom!</small><br></div><div class="spacer battle-history"><br></div><h2 class="battle-history">Turn 5</h2><div class="spacer battle-history"><br></div><div class="battle-history">The opposing Rotom used <strong>Substitute</strong>!<br></div><div class="battle-history"><small>The opposing Rotom put in a substitute!</small><br></div><div class="battle-history"><small>(The opposing Rotom lost <abbr title="−59/239">24.7%</abbr> of its health!)</small><br></div><div class="spacer battle-history"><br></div><div class="battle-history">Prinplup used <strong>Scald</strong>!<br></div><div class="battle-history"><small>The opposing Rotom's substitute faded!</small><br></div><div class="spacer battle-history"><br></div><h2 class="battle-history">Turn 6</h2><div class="spacer battle-history"><br></div><div class="battle-history">The opposing Rotom used <strong>Substitute</strong>!<br></div><div class="battle-history"><small>The opposing Rotom put in a substitute!</small><br></div><div class="battle-history"><small>(The opposing Rotom lost <abbr title="−59/239">24.7%</abbr> of its health!)</small><br></div><div class="spacer battle-history"><br></div><div class="battle-history">Prinplup used <strong>Scald</strong>!<br></div><div class="battle-history"><small>The opposing Rotom's substitute faded!</small><br></div><div class="spacer battle-history"><br></div><h2 class="battle-history">Turn 7</h2><div class="spacer battle-history"><br></div><div class="battle-history">Prinplup, come back!<br></div><div class="battle-history">Go! <strong>Golem</strong>!<br></div><div class="spacer battle-history"><br></div><div class="battle-history">The opposing Rotom used <strong>Thunderbolt</strong>!<br></div><div class="battle-history"><small>It doesn't affect Golem...</small><br></div><div class="spacer battle-history"><br></div><h2 class="battle-history">Turn 8</h2><div class="spacer battle-history"><br></div><div class="battle-history">The opposing Rotom used <strong>Pain Split</strong>!<br></div><div class="battle-history"><small>The battlers shared their pain!</small><br></div><div class="spacer battle-history"><br></div><div class="battle-history">Golem used <strong>Stone Edge</strong>!<br></div><div class="battle-history"><small>It's super effective!</small><br></div><div class="battle-history"><small>(The opposing Rotom lost <abbr title="−181/239">75.7%</abbr> of its health!)</small><br></div><div class="spacer battle-history"><br></div><div class="battle-history">The opposing Rotom fainted!<br></div><div class="spacer battle-history"><br></div><div class="battle-history">Beksel ✘ sent out <strong>Monferno</strong>!<br></div><div class="battle-history"><small>Pointed stones dug into the opposing Monferno!</small><br></div><div class="spacer battle-history"><br></div><h2 class="battle-history">Turn 9</h2><div class="spacer battle-history"><br></div><div class="battle-history">Golem, come back!<br></div><div class="battle-history">Go! <strong>Prinplup</strong>!<br></div><div class="spacer battle-history"><br></div><div class="battle-history">The opposing Monferno used <strong>Close Combat</strong>!<br></div><div class="battle-history"><small>(Prinplup lost <abbr title="−193/331">58.3%</abbr> of its health!)</small><br></div><div class="battle-history"><small>The opposing Monferno's Defense fell!</small><br></div><div class="battle-history"><small>The opposing Monferno's Special Defense fell!</small><br></div><div class="battle-history"><small>The opposing Monferno lost some of its HP!</small><br></div><div class="spacer battle-history"><br></div><div class="battle-history">Prinplup fainted!<br></div><div class="spacer battle-history"><br></div><div class="battle-history">Go! <strong>Mr. Mime</strong>!<br></div><div class="spacer battle-history"><br></div><h2 class="battle-history">Turn 10</h2><div class="spacer battle-history"><br></div><div class="battle-history">Mr. Mime, come back!<br></div><div class="battle-history">Go! <strong>Rapidash</strong>!<br></div><div class="spacer battle-history"><br></div><div class="battle-history">Beksel ✘ withdrew Monferno!<br></div><div class="battle-history">Beksel ✘ sent out <strong>Mr. Mime</strong>!<br></div><div class="battle-history"><small>Pointed stones dug into the opposing Mr. Mime!</small><br></div><div class="spacer battle-history"><br></div><h2 class="battle-history">Turn 11</h2><div class="spacer battle-history"><br></div><div class="battle-history">Beksel ✘ withdrew Mr. Mime!<br></div><div class="battle-history">Beksel ✘ sent out <strong>Seaking</strong>!<br></div><div class="battle-history"><small>Pointed stones dug into the opposing Seaking!</small><br></div><div class="spacer battle-history"><br></div><div class="battle-history">Rapidash, come back!<br></div><div class="battle-history">Go! <strong>Golem</strong>!<br></div><div class="spacer battle-history"><br></div><div class="battle-history"><small>The opposing Seaking restored a little HP using its Leftovers!</small><br></div><div class="spacer battle-history"><br></div><h2 class="battle-history">Turn 12</h2><div class="spacer battle-history"><br></div><div class="battle-history">Golem used <strong>Sucker Punch</strong>!<br></div><div class="battle-history"><small>(The opposing Seaking lost <abbr title="−199/329">60.5%</abbr> of its health!)</small><br></div><div class="spacer battle-history"><br></div><div class="battle-history">The opposing Seaking used <strong>Waterfall</strong>!<br></div><div class="battle-history"><small>It's super effective!</small><br></div><div class="battle-history"><small>(Golem lost <abbr title="−181/301">60.1%</abbr> of its health!)</small><br></div><div class="spacer battle-history"><br></div><div class="battle-history">Golem fainted!<br></div><div class="spacer battle-history"><br></div><div class="battle-history"><small>The opposing Seaking restored a little HP using its Leftovers!</small><br></div><div class="spacer battle-history"><br></div><div class="battle-history">Go! <strong>Mr. Mime</strong>!<br></div><div class="spacer battle-history"><br></div><h2 class="battle-history">Turn 13</h2><div class="spacer battle-history"><br></div><div class="battle-history">Mr. Mime used <strong>Psychic</strong>!<br></div><div class="battle-history"><small>(The opposing Seaking lost <abbr title="−129/329">39.2%</abbr> of its health!)</small><br></div><div class="spacer battle-history"><br></div><div class="battle-history">The opposing Seaking fainted!<br></div><div class="spacer battle-history"><br></div><div class="battle-history">Beksel ✘ sent out <strong>Mr. Mime</strong>!<br></div><div class="battle-history"><small>Pointed stones dug into the opposing Mr. Mime!</small><br></div><div class="spacer battle-history"><br></div><h2 class="battle-history">Turn 14</h2><div class="spacer battle-history"><br></div><div class="battle-history">Mr. Mime, come back!<br></div><div class="battle-history">Go! Rotom (<strong>Rotom-Fan</strong>)!<br></div><div class="spacer battle-history"><br></div><div class="battle-history">The opposing Mr. Mime used <strong>Psychic</strong>!<br></div><div class="battle-history"><small>(Rotom lost <abbr title="−130/303">42.9%</abbr> of its health!)</small><br></div><div class="spacer battle-history"><br></div><div class="battle-history"><small>Rotom restored a little HP using its Leftovers!</small><br></div><div class="spacer battle-history"><br></div><h2 class="battle-history">Turn 15</h2><div class="spacer battle-history"><br></div><div class="battle-history">The opposing Mr. Mime used <strong>Psychic</strong>!<br></div><div class="battle-history"><small>(Rotom lost <abbr title="−133/303">43.9%</abbr> of its health!)</small><br></div><div class="spacer battle-history"><br></div><div class="battle-history">Rotom used <strong>Pain Split</strong>!<br></div><div class="battle-history"><small>The battlers shared their pain!</small><br></div><div class="spacer battle-history"><br></div><div class="battle-history"><small>Rotom restored a little HP using its Leftovers!</small><br></div><div class="spacer battle-history"><br></div><h2 class="battle-history">Turn 16</h2><div class="spacer battle-history"><br></div><div class="battle-history">The opposing Mr. Mime used <strong>Psychic</strong>!<br></div><div class="battle-history"><small>(Rotom lost <abbr title="−130/303">42.9%</abbr> of its health!)</small><br></div><div class="spacer battle-history"><br></div><div class="battle-history">Rotom fainted!<br></div><div class="spacer battle-history"><br></div><div class="battle-history">Go! <strong>Mr. Mime</strong>!<br></div><div class="spacer battle-history"><br></div><h2 class="battle-history">Turn 17</h2><div class="spacer battle-history"><br></div><div class="battle-history">Beksel ✘ withdrew Mr. Mime!<br></div><div class="battle-history">Beksel ✘ sent out <strong>Mawile</strong>!<br></div><div class="battle-history"><small>Pointed stones dug into the opposing Mawile!</small><br></div><div class="battle-history"><small>[The opposing Mawile's Intimidate]</small><br></div><div class="battle-history"><small>Mr. Mime's Attack fell!</small><br></div><div class="spacer battle-history"><br></div><div class="battle-history">Mr. Mime used <strong>Dazzling Gleam</strong>!<br></div><div class="battle-history"><small>It's not very effective...</small><br></div><div class="battle-history"><small>(The opposing Mawile lost <abbr title="−90/304">29.6%</abbr> of its health!)</small><br></div><div class="spacer battle-history"><br></div><div class="battle-history"><small>The opposing Mawile restored a little HP using its Leftovers!</small><br></div><div class="spacer battle-history"><br></div><h2 class="battle-history">Turn 18</h2><div class="spacer battle-history"><br></div><div class="battle-history">Mr. Mime, come back!<br></div><div class="battle-history">Go! <strong>Bouffalant</strong>!<br></div><div class="spacer battle-history"><br></div><div class="battle-history">The opposing Mawile used <strong>Iron Head</strong>!<br></div><div class="battle-history"><small>(Bouffalant lost <abbr title="−88/361">24.4%</abbr> of its health!)</small><br></div><div class="spacer battle-history"><br></div><div class="battle-history"><small>Bouffalant restored a little HP using its Leftovers!</small><br></div><div class="battle-history"><small>The opposing Mawile restored a little HP using its Leftovers!</small><br></div><div class="spacer battle-history"><br></div><h2 class="battle-history">Turn 19</h2><div class="spacer battle-history"><br></div><div class="battle-history">Bouffalant used <strong>Substitute</strong>!<br></div><div class="battle-history"><small>Bouffalant put in a substitute!</small><br></div><div class="battle-history"><small>(Bouffalant lost <abbr title="−90/361">24.9%</abbr> of its health!)</small><br></div><div class="spacer battle-history"><br></div><div class="battle-history">The opposing Mawile used <strong>Iron Head</strong>!<br></div><div class="battle-history"><small>Bouffalant's substitute faded!</small><br></div><div class="spacer battle-history"><br></div><div class="battle-history"><small>Bouffalant restored a little HP using its Leftovers!</small><br></div><div class="battle-history"><small>The opposing Mawile restored a little HP using its Leftovers!</small><br></div><div class="spacer battle-history"><br></div><h2 class="battle-history">Turn 20</h2><div class="spacer battle-history"><br></div><div class="battle-history">Bouffalant used <strong>Earthquake</strong>!<br></div><div class="battle-history"><small>It's super effective!</small><br></div><div class="battle-history"><small>(The opposing Mawile lost <abbr title="−188/304">61.8%</abbr> of its health!)</small><br></div><div class="spacer battle-history"><br></div><div class="battle-history">The opposing Mawile used <strong>Stealth Rock</strong>!<br></div><div class="battle-history"><small>Pointed stones float in the air around your team!</small><br></div><div class="spacer battle-history"><br></div><div class="battle-history"><small>Bouffalant restored a little HP using its Leftovers!</small><br></div><div class="battle-history"><small>The opposing Mawile restored a little HP using its Leftovers!</small><br></div><div class="spacer battle-history"><br></div><h2 class="battle-history">Turn 21</h2><div class="spacer battle-history"><br></div><div class="battle-history">Bouffalant used <strong>Earthquake</strong>!<br></div><div class="battle-history"><small>It's super effective!</small><br></div><div class="battle-history"><small>(The opposing Mawile lost <abbr title="−83/304">27.3%</abbr> of its health!)</small><br></div><div class="spacer battle-history"><br></div><div class="battle-history">The opposing Mawile fainted!<br></div><div class="spacer battle-history"><br></div><div class="battle-history"><small>Bouffalant restored a little HP using its Leftovers!</small><br></div><div class="spacer battle-history"><br></div><div class="battle-history">Beksel ✘ sent out <strong>Monferno</strong>!<br></div><div class="battle-history"><small>Pointed stones dug into the opposing Monferno!</small><br></div><div class="spacer battle-history"><br></div><h2 class="battle-history">Turn 22</h2><div class="spacer battle-history"><br></div><div class="battle-history">The opposing Monferno used <strong>Flare Blitz</strong>!<br></div><div class="battle-history"><small>(Bouffalant lost <abbr title="−218/361">60.4%</abbr> of its health!)</small><br></div><div class="battle-history"><small>The opposing Monferno is damaged by the recoil!</small><br></div><div class="battle-history"><small>The opposing Monferno lost some of its HP!</small><br></div><div class="spacer battle-history"><br></div><div class="battle-history">Bouffalant used <strong>Earthquake</strong>!<br></div><div class="battle-history"><small>It's super effective!</small><br></div><div class="battle-history"><small>(The opposing Monferno lost <abbr title="−18/267">6.7%</abbr> of its health!)</small><br></div><div class="spacer battle-history"><br></div><div class="battle-history">The opposing Monferno fainted!<br></div><div class="spacer battle-history"><br></div><div class="battle-history"><small>Bouffalant restored a little HP using its Leftovers!</small><br></div><div class="spacer battle-history"><br></div><div class="battle-history">Beksel ✘ sent out <strong>Simipour</strong>!<br></div><div class="battle-history"><small>Pointed stones dug into the opposing Simipour!</small><br></div><div class="spacer battle-history"><br></div><h2 class="battle-history">Turn 23</h2><div class="spacer battle-history"><br></div><div class="battle-history">The opposing Simipour used <strong>Knock Off</strong>!<br></div><div class="battle-history"><small>(Bouffalant lost <abbr title="−75/361">20.8%</abbr> of its health!)</small><br></div><div class="battle-history"><small>The opposing Simipour knocked off Bouffalant's Leftovers!</small><br></div><div class="battle-history"><small>The opposing Simipour lost some of its HP!</small><br></div><div class="spacer battle-history"><br></div><div class="battle-history">Bouffalant fainted!<br></div><div class="spacer battle-history"><br></div><div class="battle-history">Go! <strong>Mr. Mime</strong>!<br></div><div class="battle-history"><small>Pointed stones dug into Mr. Mime!</small><br></div><div class="spacer battle-history"><br></div><h2 class="battle-history">Turn 24</h2><div class="spacer battle-history"><br></div><div class="battle-history">Mr. Mime used <strong>Dazzling Gleam</strong>!<br></div><div class="battle-history"><small>(The opposing Simipour lost <abbr title="−207/290">71.4%</abbr> of its health!)</small><br></div><div class="spacer battle-history"><br></div><div class="battle-history">The opposing Simipour used <strong>Gunk Shot</strong>!<br></div><div class="battle-history"><small>It's super effective!</small><br></div><div class="battle-history"><small>(Mr. Mime lost <abbr title="−194/221">87.8%</abbr> of its health!)</small><br></div><div class="battle-history"><small>The opposing Simipour lost some of its HP!</small><br></div><div class="spacer battle-history"><br></div><div class="battle-history">Mr. Mime fainted!<br></div><div class="battle-history">The opposing Simipour fainted!<br></div><div class="spacer battle-history"><br></div><div class="battle-history">Go! <strong>Rapidash</strong>!<br></div><div class="spacer battle-history"><br></div><div class="battle-history">Beksel ✘ sent out <strong>Mr. Mime</strong>!<br></div><div class="battle-history"><small>Pointed stones dug into the opposing Mr. Mime!</small><br></div><div class="battle-history"><small>Pointed stones dug into Rapidash!</small><br></div><div class="spacer battle-history"><br></div><h2 class="battle-history">Turn 25</h2><div class="spacer battle-history"><br></div><div class="battle-history">The opposing Mr. Mime used <strong>Psychic</strong>!<br></div><div class="battle-history"><small>(Rapidash lost <abbr title="−166/271">61.3%</abbr> of its health!)</small><br></div><div class="spacer battle-history"><br></div><div class="battle-history">Rapidash used <strong>Flare Blitz</strong>!<br></div><div class="battle-history"><small>(The opposing Mr. Mime lost <abbr title="−85/221">38.5%</abbr> of its health!)</small><br></div><div class="battle-history"><small>Rapidash is damaged by the recoil!</small><br></div><div class="spacer battle-history"><br></div><div class="battle-history">The opposing Mr. Mime fainted!<br></div><div class="spacer battle-history"><br></div><div class="battle-history"><strong>pink tape</strong> won the battle!<br></div><div class="chat chatmessage-pinktape"><strong style="color:hsl(220,80%,50.27318673066665%)"><small>☆</small><span class="username" data-name="pink tape">pink tape</span>:</strong> <em>gg</em></div></div><div class="inner-preempt"></div></div></div>
</div>
<script>
let daily = Math.floor(Date.now()/1000/60/60/24);document.write('<script src="https://play.pokemonshowdown.com/js/replay-embed.js?version'+daily+'"></'+'script>');
</script>
