<!DOCTYPE html>
<meta charset="utf-8" />
<!-- version 1 -->
<title>PU replay: Gеrard Way vs. GOD❤Senpaii❤</title>
<style>
html,body {font-family:Verdana, sans-serif;font-size:10pt;margin:0;padding:0;}body{padding:12px 0;} .battle-log {font-family:Verdana, sans-serif;font-size:10pt;} .battle-log-inline {border:1px solid #AAAAAA;background:#EEF2F5;color:black;max-width:640px;margin:0 auto 80px;padding-bottom:5px;} .battle-log .inner {padding:4px 8px 0px 8px;} .battle-log .inner-preempt {padding:0 8px 4px 8px;} .battle-log .inner-after {margin-top:0.5em;} .battle-log h2 {margin:0.5em -8px;padding:4px 8px;border:1px solid #AAAAAA;background:#E0E7EA;border-left:0;border-right:0;font-family:Verdana, sans-serif;font-size:13pt;} .battle-log .chat {vertical-align:middle;padding:3px 0 3px 0;font-size:8pt;} .battle-log .chat strong {color:#40576A;} .battle-log .chat em {padding:1px 4px 1px 3px;color:#000000;font-style:normal;} .chat.mine {background:rgba(0,0,0,0.05);margin-left:-8px;margin-right:-8px;padding-left:8px;padding-right:8px;} .spoiler {color:#BBBBBB;background:#BBBBBB;padding:0px 3px;} .spoiler:hover, .spoiler:active, .spoiler-shown {color:#000000;background:#E2E2E2;padding:0px 3px;} .spoiler a {color:#BBBBBB;} .spoiler:hover a, .spoiler:active a, .spoiler-shown a {color:#2288CC;} .chat code, .chat .spoiler:hover code, .chat .spoiler:active code, .chat .spoiler-shown code {border:1px solid #C0C0C0;background:#EEEEEE;color:black;padding:0 2px;} .chat .spoiler code {border:1px solid #CCCCCC;background:#CCCCCC;color:#CCCCCC;} .battle-log .rated {padding:3px 4px;} .battle-log .rated strong {color:white;background:#89A;padding:1px 4px;border-radius:4px;} .spacer {margin-top:0.5em;} .message-announce {background:#6688AA;color:white;padding:1px 4px 2px;} .message-announce a, .broadcast-green a, .broadcast-blue a, .broadcast-red a {color:#DDEEFF;} .broadcast-green {background-color:#559955;color:white;padding:2px 4px;} .broadcast-blue {background-color:#6688AA;color:white;padding:2px 4px;} .infobox {border:1px solid #6688AA;padding:2px 4px;} .infobox-limited {max-height:200px;overflow:auto;overflow-x:hidden;} .broadcast-red {background-color:#AA5544;color:white;padding:2px 4px;} .message-learn-canlearn {font-weight:bold;color:#228822;text-decoration:underline;} .message-learn-cannotlearn {font-weight:bold;color:#CC2222;text-decoration:underline;} .message-effect-weak {font-weight:bold;color:#CC2222;} .message-effect-resist {font-weight:bold;color:#6688AA;} .message-effect-immune {font-weight:bold;color:#666666;} .message-learn-list {margin-top:0;margin-bottom:0;} .message-throttle-notice, .message-error {color:#992222;} .message-overflow, .chat small.message-overflow {font-size:0pt;} .message-overflow::before {font-size:9pt;content:'...';} .subtle {color:#3A4A66;}
</style>
<div class="wrapper replay-wrapper" style="max-width:1180px;margin:0 auto">
<input type="hidden" name="replayid" value="destiny-pu-402685" />
<div class="battle"></div><div class="battle-log"></div><div class="replay-controls"></div><div class="replay-controls-2"></div>
<h1 style="font-weight:normal;text-align:center"><strong>PU</strong><br /><a href="http://pokemonshowdown.com/users/grardway" class="subtle" target="_blank">Gеrard Way</a> vs. <a href="http://pokemonshowdown.com/users/godsenpaii" class="subtle" target="_blank">GOD❤Senpaii❤</a></h1>
<script type="text/plain" class="battle-log-data">|player|p1|Gеrard Way|grardway-3.gif?83c2ad66
|teamsize|p1|6
|player|p2|GOD❤Senpaii❤|godsenpaii-11.gif?5cab93d6
|teamsize|p2|6
|teamsize|p1|6
|teamsize|p2|6
|gametype|singles
|gen|7
|tier|PU
|seed|18766,41296,501,52665
|rule|Cláusula-Mod de Dormir: solo puedes dormir a uno de tus oponentes a la vez.
|rule|Cláusula de Especie: Hasta un Pokémon de cada especie
|rule|Cláusula de Golpe Fulminante: los movimientos fulminantes (OHKO) estan prohibidos
|rule|Cláusula de Veleta: la habilidad Veleta está prohibida
|rule|Cláusula de Movimientos Evasivos: los movimientos de Evasión están prohibidos.
|rule|Cláusula de Batallas Eternas: forzar batallas eternas está prohibido
|clearpoke
|poke|p1|Clefairy, F|item
|poke|p1|Duosion, M|item
|poke|p1|Gurdurr, M|item
|poke|p1|Gabite, M|item
|poke|p1|Fraxure, M|item
|poke|p1|Servine, M|item
|poke|p2|Komala, F|item
|poke|p2|Walrein, F|item
|poke|p2|Golem-Alola, F|item
|poke|p2|Vespiquen, F|item
|poke|p2|Lilligant, F|item
|poke|p2|Frogadier, F|item
|teampreview|undefined
|choice|*team 423156|*
|choice|*|*team 623451
|choice|team 4, 2, 3, 1, 5, 6|team 6, 2, 3, 4, 5, 1
|
|start
|switch|p1a: Gabite|Gabite, M|337\/337
|switch|p2a: Frogadier|Frogadier, F|249\/249
|turn|1
|choice|*|*move 2
|choice|*switch 4|*
|choice|switch 4|move icebeam
|
|switch|p1a: Clefairy|Clefairy, F|344\/344
|move|p2a: Frogadier|Ice Beam|p1a: Clefairy
|-start|p2a: Frogadier|typechange|Ice|[from] Protean
|-damage|p1a: Clefairy|253\/344
|-damage|p2a: Frogadier|225\/249|[from] item: Life Orb
|
|upkeep
|turn|2
|choice|*|*move 3
|choice|*move 3|*
|choice|move knockoff|move gunkshot
|
|move|p2a: Frogadier|Gunk Shot|p1a: Clefairy
|-start|p2a: Frogadier|typechange|Poison|[from] Protean
|-supereffective|p1a: Clefairy
|-damage|p1a: Clefairy|0 fnt
|-damage|p2a: Frogadier|201\/249|[from] item: Life Orb
|faint|p1a: Clefairy
|
|upkeep
|c|☆Gеrard Way|Uy
|c|☆Gеrard Way|No tengo dana para eso
|choice|*switch 3|*
|choice|switch 3|
|
|switch|p1a: Gurdurr|Gurdurr, M|374\/374
|turn|3
|choice|*move 1|*
|choice|*|*move 4
|choice|move drainpunch|move uturn
|
|move|p2a: Frogadier|U-turn|p1a: Gurdurr
|-start|p2a: Frogadier|typechange|Bug|[from] Protean
|-resisted|p1a: Gurdurr
|-damage|p1a: Gurdurr|347\/374
|-damage|p2a: Frogadier|177\/249|[from] item: Life Orb
|choice|*|*switch 4
|choice||switch 4
|
|switch|p2a: Vespiquen|Vespiquen, F|344\/344|[from]move: U-turn
|-ability|p2a: Vespiquen|Pressure
|move|p1a: Gurdurr|Drain Punch|p2a: Vespiquen
|-resisted|p2a: Vespiquen
|-damage|p2a: Vespiquen|320\/344
|-heal|p1a: Gurdurr|359\/374|[from] drain|[of] p2a: Vespiquen
|
|-heal|p2a: Vespiquen|341\/344|[from] item: Leftovers
|upkeep
|turn|4
|choice|*|*move 1
|choice|*move 3|*
|choice|move knockoff|move defendorder
|
|move|p2a: Vespiquen|Defend Order|p2a: Vespiquen
|-boost|p2a: Vespiquen|def|1
|-boost|p2a: Vespiquen|spd|1
|move|p1a: Gurdurr|Knock Off|p2a: Vespiquen
|-crit|p2a: Vespiquen
|-damage|p2a: Vespiquen|217\/344
|-enditem|p2a: Vespiquen|Leftovers|[from] move: Knock Off|[of] p1a: Gurdurr
|
|upkeep
|turn|5
|choice|*|*move 1
|choice|*switch 4|*
|choice|switch 4|move defendorder
|
|switch|p1a: Gabite|Gabite, M|337\/337
|move|p2a: Vespiquen|Defend Order|p2a: Vespiquen
|-boost|p2a: Vespiquen|def|1
|-boost|p2a: Vespiquen|spd|1
|
|upkeep
|turn|6
|choice|*move 4|*
|choice|*|*move 1
|choice|move toxic|move defendorder
|
|move|p1a: Gabite|Toxic|p2a: Vespiquen
|-status|p2a: Vespiquen|tox
|move|p2a: Vespiquen|Defend Order|p2a: Vespiquen
|-boost|p2a: Vespiquen|def|1
|-boost|p2a: Vespiquen|spd|1
|
|-damage|p2a: Vespiquen|196\/344 tox|[from] psn
|upkeep
|turn|7
|choice|*move 3|*
|choice|*|*move 2
|choice|move stealthrock|move healorder
|
|move|p1a: Gabite|Stealth Rock|p2a: Vespiquen
|-sidestart|p2: GOD❤Senpaii❤|move: Stealth Rock
|move|p2a: Vespiquen|Heal Order|p2a: Vespiquen
|-heal|p2a: Vespiquen|344\/344 tox
|
|-damage|p2a: Vespiquen|302\/344 tox|[from] psn
|upkeep
|turn|8
|choice|*|*move 1
|choice|*|*move 4
|choice|*switch 4|*
|choice|switch 4|move toxic
|
|switch|p1a: Gurdurr|Gurdurr, M|359\/374
|move|p2a: Vespiquen|Toxic|p1a: Gurdurr
|-status|p1a: Gurdurr|tox
|
|-damage|p1a: Gurdurr|336\/374 tox|[from] psn
|-damage|p2a: Vespiquen|239\/344 tox|[from] psn
|upkeep
|turn|9
|choice|*|*move 3
|choice|*move 3|*
|choice|move knockoff|move attackorder
|
|move|p1a: Gurdurr|Knock Off|p2a: Vespiquen
|-damage|p2a: Vespiquen|203\/344 tox
|move|p2a: Vespiquen|Attack Order|p1a: Gurdurr
|-resisted|p1a: Gurdurr
|-damage|p1a: Gurdurr|303\/374 tox
|
|-damage|p2a: Vespiquen|119\/344 tox|[from] psn
|-damage|p1a: Gurdurr|257\/374 tox|[from] psn
|upkeep
|turn|10
|choice|*move 4|*
|choice|*|*move 2
|choice|move bulkup|move healorder
|
|move|p2a: Vespiquen|Heal Order|p2a: Vespiquen
|-heal|p2a: Vespiquen|291\/344 tox
|move|p1a: Gurdurr|Bulk Up|p1a: Gurdurr
|-boost|p1a: Gurdurr|atk|1
|-boost|p1a: Gurdurr|def|1
|
|-damage|p2a: Vespiquen|186\/344 tox|[from] psn
|-damage|p1a: Gurdurr|188\/374 tox|[from] psn
|upkeep
|turn|11
|choice|*|*move 3
|choice|*move 3|*
|choice|move knockoff|move attackorder
|
|move|p2a: Vespiquen|Attack Order|p1a: Gurdurr
|-resisted|p1a: Gurdurr
|-damage|p1a: Gurdurr|168\/374 tox
|move|p1a: Gurdurr|Knock Off|p2a: Vespiquen
|-damage|p2a: Vespiquen|133\/344 tox
|
|-damage|p2a: Vespiquen|7\/344 tox|[from] psn
|-damage|p1a: Gurdurr|76\/374 tox|[from] psn
|upkeep
|turn|12
|choice|*|*move 2
|choice|*move 2|*
|choice|move machpunch|move healorder
|
|move|p1a: Gurdurr|Mach Punch|p2a: Vespiquen
|-resisted|p2a: Vespiquen
|-damage|p2a: Vespiquen|0 fnt
|faint|p2a: Vespiquen
|
|-damage|p1a: Gurdurr|0 fnt|[from] psn
|upkeep
|faint|p1a: Gurdurr
|choice|*switch 4|*
|choice|*|*switch 6
|choice|switch 4|switch 6
|
|switch|p1a: Gabite|Gabite, M|337\/337
|switch|p2a: Komala|Komala, F|334\/334
|-damage|p2a: Komala|293\/334|[from] Stealth Rock
|-ability|p2a: Komala|Comatose
|turn|13
|choice|*move 1|*
|choice|*|*move 1
|choice|move earthquake|move rapidspin
|
|move|p1a: Gabite|Earthquake|p2a: Komala
|-damage|p2a: Komala|133\/334
|move|p2a: Komala|Rapid Spin|p1a: Gabite
|-damage|p1a: Gabite|313\/337
|-damage|p2a: Komala|92\/334|[from] ability: Rough Skin|[of] p1a: Gabite
|-sideend|p2: GOD❤Senpaii❤|Stealth Rock|[from] move: Rapid Spin|[of] p2a: Komala
|
|upkeep
|turn|14
|choice|*move 3|*
|choice|*|*move 2
|choice|move stealthrock|move return
|
|move|p1a: Gabite|Stealth Rock|p2a: Komala
|-sidestart|p2: GOD❤Senpaii❤|move: Stealth Rock
|move|p2a: Komala|Return|p1a: Gabite
|-damage|p1a: Gabite|192\/337
|-damage|p2a: Komala|51\/334|[from] ability: Rough Skin|[of] p1a: Gabite
|
|upkeep
|turn|15
|choice|*move 2|*
|choice|*|*move 1
|choice|move dragonclaw|move rapidspin
|
|move|p1a: Gabite|Dragon Claw|p2a: Komala
|-damage|p2a: Komala|0 fnt
|faint|p2a: Komala
|
|upkeep
|choice|*|*switch 5
|choice||switch 5
|
|switch|p2a: Lilligant|Lilligant, F|281\/281
|-damage|p2a: Lilligant|246\/281|[from] Stealth Rock
|turn|16
|choice|*|*move 1
|choice|*move 4|*
|choice|move toxic|move quiverdance
|
|move|p2a: Lilligant|Quiver Dance|p2a: Lilligant
|-boost|p2a: Lilligant|spa|1
|-boost|p2a: Lilligant|spd|1
|-boost|p2a: Lilligant|spe|1
|move|p1a: Gabite|Toxic|p2a: Lilligant
|-status|p2a: Lilligant|tox
|
|-damage|p2a: Lilligant|229\/281 tox|[from] psn
|upkeep
|turn|17
|choice|*|*move 1
|choice|*switch 5|*
|choice|switch 5|move quiverdance
|
|switch|p1a: Fraxure|Fraxure, M|273\/273
|-ability|p1a: Fraxure|Mold Breaker
|move|p2a: Lilligant|Quiver Dance|p2a: Lilligant
|-boost|p2a: Lilligant|spa|1
|-boost|p2a: Lilligant|spd|1
|-boost|p2a: Lilligant|spe|1
|
|-damage|p2a: Lilligant|195\/281 tox|[from] psn
|upkeep
|turn|18
|choice|*|*move 3 zmove
|choice|*move 2|*
|choice|move outrage|move gigadrain zmove
|
|-zpower|p2a: Lilligant
|move|p2a: Lilligant|Bloom Doom|p1a: Fraxure|[zeffect]
|-resisted|p1a: Fraxure
|-damage|p1a: Fraxure|1\/273
|move|p1a: Fraxure|Outrage|p2a: Lilligant
|-damage|p2a: Lilligant|0 fnt
|faint|p2a: Lilligant
|
|upkeep
|choice|*|*switch 3
|choice||switch 3
|
|switch|p2a: Golem|Golem-Alola, F|301\/301
|-damage|p2a: Golem|264\/301|[from] Stealth Rock
|turn|19
|choice|*move 1|*
|choice|*|*move 1
|choice|move outrage|move stealthrock
|
|move|p1a: Fraxure|Outrage|p2a: Golem|[from]lockedmove
|-damage|p2a: Golem|111\/301
|move|p2a: Golem|Stealth Rock|p1a: Fraxure
|-sidestart|p1: Gеrard Way|move: Stealth Rock
|
|upkeep
|turn|20
|choice|*|*move 2
|choice|*move 1|*
|choice|move outrage|move return
|
|move|p1a: Fraxure|Outrage|p2a: Golem|[from]lockedmove
|-damage|p2a: Golem|0 fnt
|-start|p1a: Fraxure|confusion|[fatigue]
|faint|p2a: Golem
|
|upkeep
|choice|*|*switch 2
|choice||switch 2
|
|switch|p2a: Walrein|Walrein, F|423\/423
|-damage|p2a: Walrein|318\/423|[from] Stealth Rock
|turn|21
|choice|*|*move 3
|choice|*move 3|*
|choice|*|*move 3
|choice|move lowkick|move surf
|
|-activate|p1a: Fraxure|confusion
|move|p1a: Fraxure|Low Kick|p2a: Walrein
|-supereffective|p2a: Walrein
|-damage|p2a: Walrein|74\/423
|move|p2a: Walrein|Surf|p1a: Fraxure
|-resisted|p1a: Fraxure
|-damage|p1a: Fraxure|0 fnt
|faint|p1a: Fraxure
|
|-heal|p2a: Walrein|100\/423|[from] item: Leftovers
|upkeep
|choice|*switch 6|*
|choice|switch 6|
|
|switch|p1a: Servine|Servine, M|324\/324
|-damage|p1a: Servine|284\/324|[from] Stealth Rock
|turn|22
|choice|*move 1|*
|choice|*|*move 2
|choice|move leafstorm|move superfang
|
|move|p1a: Servine|Leaf Storm|p2a: Walrein
|-supereffective|p2a: Walrein
|-damage|p2a: Walrein|0 fnt
|-boost|p1a: Servine|spa|2
|faint|p2a: Walrein
|
|upkeep
|choice|*|*switch 4
|choice||switch 4
|
|switch|p2a: Frogadier|Frogadier, F|177\/249
|-damage|p2a: Frogadier|146\/249|[from] Stealth Rock
|turn|23
|choice|*|*move 2
|choice|*move 1|*
|choice|move leafstorm|move icebeam
|
|move|p2a: Frogadier|Ice Beam|p1a: Servine
|-start|p2a: Frogadier|typechange|Ice|[from] Protean
|-supereffective|p1a: Servine
|-damage|p1a: Servine|24\/324
|-damage|p2a: Frogadier|122\/249|[from] item: Life Orb
|move|p1a: Servine|Leaf Storm|p2a: Frogadier
|-damage|p2a: Frogadier|0 fnt
|-boost|p1a: Servine|spa|2
|faint|p2a: Frogadier
|
|win|Gеrard Way
|c|☆Gеrard Way|gg
</script>
</div>
<div class="battle-log battle-log-inline"><div class="inner"><div class="battle-options"></div><div class="inner"><div class=""><small>Format:</small> <br><strong>PU</strong></div><div class=""><small><em>Cláusula-Mod de Dormir:</em> solo puedes dormir a uno de tus oponentes a la vez.</small></div><div class=""><small><em>Cláusula de Especie:</em> Hasta un Pokémon de cada especie</small></div><div class=""><small><em>Cláusula de Golpe Fulminante:</em> los movimientos fulminantes (OHKO) estan prohibidos</small></div><div class=""><small><em>Cláusula de Veleta:</em> la habilidad Veleta está prohibida</small></div><div class=""><small><em>Cláusula de Movimientos Evasivos:</em> los movimientos de Evasión están prohibidos.</small></div><div class=""><small><em>Cláusula de Batallas Eternas:</em> forzar batallas eternas está prohibido</small></div><div class="chat battle-history"><strong>Gеrard Way's team:</strong> <em style="color:#445566;display:block;">Clefairy / Duosion / Gurdurr / Gabite / Fraxure / Servine</em></div><div class="chat battle-history"><strong>GOD❤Senpaii❤'s team:</strong> <em style="color:#445566;display:block;">Komala / Walrein / Golem-Alola / Vespiquen / Lilligant / Frogadier</em></div><div class="spacer battle-history"><br></div><div class="battle-history">Battle started between Gеrard Way and GOD❤Senpaii❤!<br></div><div class="spacer battle-history"><br></div><div class="battle-history">Go! <strong>Gabite</strong>!<br></div><div class="spacer battle-history"><br></div><div class="battle-history">GOD❤Senpaii❤ sent out <strong>Frogadier</strong>!<br></div><div class="spacer battle-history"><br></div><h2 class="battle-history">Turn 1</h2><div class="spacer battle-history"><br></div><div class="battle-history">Gabite, come back!<br></div><div class="battle-history">Go! <strong>Clefairy</strong>!<br></div><div class="spacer battle-history"><br></div><div class="battle-history">The opposing Frogadier used <strong>Ice Beam</strong>!<br></div><div class="spacer battle-history"><br></div><div class="battle-history"><small>[The opposing Frogadier's Protean]</small><br><small>The opposing Frogadier transformed into the Ice type!</small><br></div><div class="battle-history"><small>(Clefairy lost <abbr title="−91/344">26.5%</abbr> of its health!)</small><br></div><div class="battle-history"><small>The opposing Frogadier lost some of its HP!</small><br></div><div class="spacer battle-history"><br></div><h2 class="battle-history">Turn 2</h2><div class="spacer battle-history"><br></div><div class="battle-history">The opposing Frogadier used <strong>Gunk Shot</strong>!<br></div><div class="spacer battle-history"><br></div><div class="battle-history"><small>[The opposing Frogadier's Protean]</small><br><small>The opposing Frogadier transformed into the Poison type!</small><br></div><div class="battle-history"><small>It's super effective!</small><br></div><div class="battle-history"><small>(Clefairy lost <abbr title="−253/344">73.5%</abbr> of its health!)</small><br></div><div class="battle-history"><small>The opposing Frogadier lost some of its HP!</small><br></div><div class="spacer battle-history"><br></div><div class="battle-history">Clefairy fainted!<br></div><div class="chat chatmessage-grardway"><strong style="color:hsl(23,56%,44%)"><small>☆</small><span class="username" data-name="Gеrard Way">Gеrard Way</span>:</strong> <em>Uy</em></div><div class="chat chatmessage-grardway"><strong style="color:hsl(23,56%,44%)"><small>☆</small><span class="username" data-name="Gеrard Way">Gеrard Way</span>:</strong> <em>No tengo dana para eso</em></div><div class="spacer battle-history"><br></div><div class="battle-history">Go! <strong>Gurdurr</strong>!<br></div><div class="spacer battle-history"><br></div><h2 class="battle-history">Turn 3</h2><div class="spacer battle-history"><br></div><div class="battle-history">The opposing Frogadier used <strong>U-turn</strong>!<br></div><div class="spacer battle-history"><br></div><div class="battle-history"><small>[The opposing Frogadier's Protean]</small><br><small>The opposing Frogadier transformed into the Bug type!</small><br></div><div class="battle-history"><small>It's not very effective...</small><br></div><div class="battle-history"><small>(Gurdurr lost <abbr title="−27/374">7.2%</abbr> of its health!)</small><br></div><div class="battle-history"><small>The opposing Frogadier lost some of its HP!</small><br></div><div class="spacer battle-history"><br></div><div class="battle-history">The opposing Frogadier went back to GOD❤Senpaii❤!<br></div><div class="battle-history">GOD❤Senpaii❤ sent out <strong>Vespiquen</strong>!<br></div><div class="battle-history"><small>[The opposing Vespiquen's Pressure]</small><br><small>The opposing Vespiquen is exerting its pressure!</small><br></div><div class="spacer battle-history"><br></div><div class="battle-history">Gurdurr used <strong>Drain Punch</strong>!<br></div><div class="battle-history"><small>It's not very effective...</small><br></div><div class="battle-history"><small>(The opposing Vespiquen lost <abbr title="−24/344">7.0%</abbr> of its health!)</small><br></div><div class="battle-history"><small>The opposing Vespiquen had its energy drained!</small><br></div><div class="spacer battle-history"><br></div><div class="battle-history"><small>The opposing Vespiquen restored a little HP using its Leftovers!</small><br></div><div class="spacer battle-history"><br></div><h2 class="battle-history">Turn 4</h2><div class="spacer battle-history"><br></div><div class="battle-history">The opposing Vespiquen used <strong>Defend Order</strong>!<br></div><div class="battle-history"><small>The opposing Vespiquen's Defense rose!</small><br></div><div class="battle-history"><small>The opposing Vespiquen's Special Defense rose!</small><br></div><div class="spacer battle-history"><br></div><div class="battle-history">Gurdurr used <strong>Knock Off</strong>!<br></div><div class="battle-history"><small>A critical hit!</small><br></div><div class="battle-history"><small>(The opposing Vespiquen lost <abbr title="−124/344">36.0%</abbr> of its health!)</small><br></div><div class="battle-history"><small>Gurdurr knocked off the opposing Vespiquen's Leftovers!</small><br></div><div class="spacer battle-history"><br></div><h2 class="battle-history">Turn 5</h2><div class="spacer battle-history"><br></div><div class="battle-history">Gurdurr, come back!<br></div><div class="battle-history">Go! <strong>Gabite</strong>!<br></div><div class="spacer battle-history"><br></div><div class="battle-history">The opposing Vespiquen used <strong>Defend Order</strong>!<br></div><div class="battle-history"><small>The opposing Vespiquen's Defense rose!</small><br></div><div class="battle-history"><small>The opposing Vespiquen's Special Defense rose!</small><br></div><div class="spacer battle-history"><br></div><h2 class="battle-history">Turn 6</h2><div class="spacer battle-history"><br></div><div class="battle-history">Gabite used <strong>Toxic</strong>!<br></div><div class="battle-history"><small>The opposing Vespiquen was badly poisoned!</small><br></div><div class="spacer battle-history"><br></div><div class="battle-history">The opposing Vespiquen used <strong>Defend Order</strong>!<br></div><div class="battle-history"><small>The opposing Vespiquen's Defense rose!</small><br></div><div class="battle-history"><small>The opposing Vespiquen's Special Defense rose!</small><br></div><div class="spacer battle-history"><br></div><div class="battle-history"><small>The opposing Vespiquen was hurt by poison!</small><br></div><div class="spacer battle-history"><br></div><h2 class="battle-history">Turn 7</h2><div class="spacer battle-history"><br></div><div class="battle-history">Gabite used <strong>Stealth Rock</strong>!<br></div><div class="battle-history"><small>Pointed stones float in the air around the opposing team!</small><br></div><div class="spacer battle-history"><br></div><div class="battle-history">The opposing Vespiquen used <strong>Heal Order</strong>!<br></div><div class="battle-history"><small>The opposing Vespiquen restored its HP.</small><br></div><div class="spacer battle-history"><br></div><div class="battle-history"><small>The opposing Vespiquen was hurt by poison!</small><br></div><div class="spacer battle-history"><br></div><h2 class="battle-history">Turn 8</h2><div class="spacer battle-history"><br></div><div class="battle-history">Gabite, come back!<br></div><div class="battle-history">Go! <strong>Gurdurr</strong>!<br></div><div class="spacer battle-history"><br></div><div class="battle-history">The opposing Vespiquen used <strong>Toxic</strong>!<br></div><div class="battle-history"><small>Gurdurr was badly poisoned!</small><br></div><div class="spacer battle-history"><br></div><div class="battle-history"><small>Gurdurr was hurt by poison!</small><br></div><div class="battle-history"><small>The opposing Vespiquen was hurt by poison!</small><br></div><div class="spacer battle-history"><br></div><h2 class="battle-history">Turn 9</h2><div class="spacer battle-history"><br></div><div class="battle-history">Gurdurr used <strong>Knock Off</strong>!<br></div><div class="battle-history"><small>(The opposing Vespiquen lost <abbr title="−36/344">10.5%</abbr> of its health!)</small><br></div><div class="spacer battle-history"><br></div><div class="battle-history">The opposing Vespiquen used <strong>Attack Order</strong>!<br></div><div class="battle-history"><small>It's not very effective...</small><br></div><div class="battle-history"><small>(Gurdurr lost <abbr title="−33/374">8.8%</abbr> of its health!)</small><br></div><div class="spacer battle-history"><br></div><div class="battle-history"><small>The opposing Vespiquen was hurt by poison!</small><br></div><div class="battle-history"><small>Gurdurr was hurt by poison!</small><br></div><div class="spacer battle-history"><br></div><h2 class="battle-history">Turn 10</h2><div class="spacer battle-history"><br></div><div class="battle-history">The opposing Vespiquen used <strong>Heal Order</strong>!<br></div><div class="battle-history"><small>The opposing Vespiquen restored its HP.</small><br></div><div class="spacer battle-history"><br></div><div class="battle-history">Gurdurr used <strong>Bulk Up</strong>!<br></div><div class="battle-history"><small>Gurdurr's Attack rose!</small><br></div><div class="battle-history"><small>Gurdurr's Defense rose!</small><br></div><div class="spacer battle-history"><br></div><div class="battle-history"><small>The opposing Vespiquen was hurt by poison!</small><br></div><div class="battle-history"><small>Gurdurr was hurt by poison!</small><br></div><div class="spacer battle-history"><br></div><h2 class="battle-history">Turn 11</h2><div class="spacer battle-history"><br></div><div class="battle-history">The opposing Vespiquen used <strong>Attack Order</strong>!<br></div><div class="battle-history"><small>It's not very effective...</small><br></div><div class="battle-history"><small>(Gurdurr lost <abbr title="−20/374">5.3%</abbr> of its health!)</small><br></div><div class="spacer battle-history"><br></div><div class="battle-history">Gurdurr used <strong>Knock Off</strong>!<br></div><div class="battle-history"><small>(The opposing Vespiquen lost <abbr title="−53/344">15.4%</abbr> of its health!)</small><br></div><div class="spacer battle-history"><br></div><div class="battle-history"><small>The opposing Vespiquen was hurt by poison!</small><br></div><div class="battle-history"><small>Gurdurr was hurt by poison!</small><br></div><div class="spacer battle-history"><br></div><h2 class="battle-history">Turn 12</h2><div class="spacer battle-history"><br></div><div class="battle-history">Gurdurr used <strong>Mach Punch</strong>!<br></div><div class="battle-history"><small>It's not very effective...</small><br></div><div class="battle-history"><small>(The opposing Vespiquen lost <abbr title="−7/344">2.0%</abbr> of its health!)</small><br></div><div class="spacer battle-history"><br></div><div class="battle-history">The opposing Vespiquen fainted!<br></div><div class="spacer battle-history"><br></div><div class="battle-history"><small>Gurdurr was hurt by poison!</small><br></div><div class="spacer battle-history"><br></div><div class="battle-history">Gurdurr fainted!<br></div><div class="spacer battle-history"><br></div><div class="battle-history">Go! <strong>Gabite</strong>!<br></div><div class="spacer battle-history"><br></div><div class="battle-history">GOD❤Senpaii❤ sent out <strong>Komala</strong>!<br></div><div class="battle-history"><small>Pointed stones dug into the opposing Komala!</small><br></div><div class="battle-history"><small>[The opposing Komala's Comatose]</small><br><small>The opposing Komala is drowsing!</small><br></div><div class="spacer battle-history"><br></div><h2 class="battle-history">Turn 13</h2><div class="spacer battle-history"><br></div><div class="battle-history">Gabite used <strong>Earthquake</strong>!<br></div><div class="battle-history"><small>(The opposing Komala lost <abbr title="−160/334">47.9%</abbr> of its health!)</small><br></div><div class="spacer battle-history"><br></div><div class="battle-history">The opposing Komala used <strong>Rapid Spin</strong>!<br></div><div class="battle-history"><small>(Gabite lost <abbr title="−24/337">7.1%</abbr> of its health!)</small><br></div><div class="battle-history"><small>[Gabite's Rough Skin]</small><br><small>The opposing Komala was hurt!</small><br></div><div class="battle-history"><small>The pointed stones disappeared from around the opposing team!</small><br></div><div class="spacer battle-history"><br></div><h2 class="battle-history">Turn 14</h2><div class="spacer battle-history"><br></div><div class="battle-history">Gabite used <strong>Stealth Rock</strong>!<br></div><div class="battle-history"><small>Pointed stones float in the air around the opposing team!</small><br></div><div class="spacer battle-history"><br></div><div class="battle-history">The opposing Komala used <strong>Return</strong>!<br></div><div class="battle-history"><small>(Gabite lost <abbr title="−121/337">35.9%</abbr> of its health!)</small><br></div><div class="battle-history"><small>[Gabite's Rough Skin]</small><br><small>The opposing Komala was hurt!</small><br></div><div class="spacer battle-history"><br></div><h2 class="battle-history">Turn 15</h2><div class="spacer battle-history"><br></div><div class="battle-history">Gabite used <strong>Dragon Claw</strong>!<br></div><div class="battle-history"><small>(The opposing Komala lost <abbr title="−51/334">15.3%</abbr> of its health!)</small><br></div><div class="spacer battle-history"><br></div><div class="battle-history">The opposing Komala fainted!<br></div><div class="spacer battle-history"><br></div><div class="battle-history">GOD❤Senpaii❤ sent out <strong>Lilligant</strong>!<br></div><div class="battle-history"><small>Pointed stones dug into the opposing Lilligant!</small><br></div><div class="spacer battle-history"><br></div><h2 class="battle-history">Turn 16</h2><div class="spacer battle-history"><br></div><div class="battle-history">The opposing Lilligant used <strong>Quiver Dance</strong>!<br></div><div class="battle-history"><small>The opposing Lilligant's Special Attack rose!</small><br></div><div class="battle-history"><small>The opposing Lilligant's Special Defense rose!</small><br></div><div class="battle-history"><small>The opposing Lilligant's Speed rose!</small><br></div><div class="spacer battle-history"><br></div><div class="battle-history">Gabite used <strong>Toxic</strong>!<br></div><div class="battle-history"><small>The opposing Lilligant was badly poisoned!</small><br></div><div class="spacer battle-history"><br></div><div class="battle-history"><small>The opposing Lilligant was hurt by poison!</small><br></div><div class="spacer battle-history"><br></div><h2 class="battle-history">Turn 17</h2><div class="spacer battle-history"><br></div><div class="battle-history">Gabite, come back!<br></div><div class="battle-history">Go! <strong>Fraxure</strong>!<br></div><div class="battle-history"><small>[Fraxure's Mold Breaker]</small><br><small>Fraxure breaks the mold!</small><br></div><div class="spacer battle-history"><br></div><div class="battle-history">The opposing Lilligant used <strong>Quiver Dance</strong>!<br></div><div class="battle-history"><small>The opposing Lilligant's Special Attack rose!</small><br></div><div class="battle-history"><small>The opposing Lilligant's Special Defense rose!</small><br></div><div class="battle-history"><small>The opposing Lilligant's Speed rose!</small><br></div><div class="spacer battle-history"><br></div><div class="battle-history"><small>The opposing Lilligant was hurt by poison!</small><br></div><div class="spacer battle-history"><br></div><h2 class="battle-history">Turn 18</h2><div class="spacer battle-history"><br></div><div class="battle-history"><small>The opposing Lilligant surrounded itself with its Z-Power!</small><br></div><div class="spacer battle-history"><br></div><div class="battle-history">The opposing Lilligant used <strong>Bloom Doom</strong>!<br></div><div class="battle-history"><small>It's not very effective...</small><br></div><div class="battle-history"><small>(Fraxure lost <abbr title="−272/273">99.6%</abbr> of its health!)</small><br></div><div class="spacer battle-history"><br></div><div class="battle-history">Fraxure used <strong>Outrage</strong>!<br></div><div class="battle-history"><small>(The opposing Lilligant lost <abbr title="−195/281">69.4%</abbr> of its health!)</small><br></div><div class="spacer battle-history"><br></div><div class="battle-history">The opposing Lilligant fainted!<br></div><div class="spacer battle-history"><br></div><div class="battle-history">GOD❤Senpaii❤ sent out Golem (<strong>Golem-Alola</strong>)!<br></div><div class="battle-history"><small>Pointed stones dug into the opposing Golem!</small><br></div><div class="spacer battle-history"><br></div><h2 class="battle-history">Turn 19</h2><div class="spacer battle-history"><br></div><div class="battle-history">Fraxure used <strong>Outrage</strong>!<br></div><div class="battle-history"><small>(The opposing Golem lost <abbr title="−153/301">50.8%</abbr> of its health!)</small><br></div><div class="spacer battle-history"><br></div><div class="battle-history">The opposing Golem used <strong>Stealth Rock</strong>!<br></div><div class="battle-history"><small>Pointed stones float in the air around your team!</small><br></div><div class="spacer battle-history"><br></div><h2 class="battle-history">Turn 20</h2><div class="spacer battle-history"><br></div><div class="battle-history">Fraxure used <strong>Outrage</strong>!<br></div><div class="battle-history"><small>(The opposing Golem lost <abbr title="−111/301">36.9%</abbr> of its health!)</small><br></div><div class="battle-history"><small>Fraxure became confused due to fatigue!</small><br></div><div class="spacer battle-history"><br></div><div class="battle-history">The opposing Golem fainted!<br></div><div class="spacer battle-history"><br></div><div class="battle-history">GOD❤Senpaii❤ sent out <strong>Walrein</strong>!<br></div><div class="battle-history"><small>Pointed stones dug into the opposing Walrein!</small><br></div><div class="spacer battle-history"><br></div><h2 class="battle-history">Turn 21</h2><div class="spacer battle-history"><br></div><div class="battle-history"><small>Fraxure is confused!</small><br></div><div class="battle-history">Fraxure used <strong>Low Kick</strong>!<br></div><div class="battle-history"><small>It's super effective!</small><br></div><div class="battle-history"><small>(The opposing Walrein lost <abbr title="−244/423">57.7%</abbr> of its health!)</small><br></div><div class="spacer battle-history"><br></div><div class="battle-history">The opposing Walrein used <strong>Surf</strong>!<br></div><div class="battle-history"><small>It's not very effective...</small><br></div><div class="battle-history"><small>(Fraxure lost <abbr title="−1/273">0.4%</abbr> of its health!)</small><br></div><div class="spacer battle-history"><br></div><div class="battle-history">Fraxure fainted!<br></div><div class="spacer battle-history"><br></div><div class="battle-history"><small>The opposing Walrein restored a little HP using its Leftovers!</small><br></div><div class="spacer battle-history"><br></div><div class="battle-history">Go! <strong>Servine</strong>!<br></div><div class="battle-history"><small>Pointed stones dug into Servine!</small><br></div><div class="spacer battle-history"><br></div><h2 class="battle-history">Turn 22</h2><div class="spacer battle-history"><br></div><div class="battle-history">Servine used <strong>Leaf Storm</strong>!<br></div><div class="battle-history"><small>It's super effective!</small><br></div><div class="battle-history"><small>(The opposing Walrein lost <abbr title="−100/423">23.6%</abbr> of its health!)</small><br></div><div class="battle-history"><small>Servine's Special Attack rose sharply!</small><br></div><div class="spacer battle-history"><br></div><div class="battle-history">The opposing Walrein fainted!<br></div><div class="spacer battle-history"><br></div><div class="battle-history">GOD❤Senpaii❤ sent out <strong>Frogadier</strong>!<br></div><div class="battle-history"><small>Pointed stones dug into the opposing Frogadier!</small><br></div><div class="spacer battle-history"><br></div><h2 class="battle-history">Turn 23</h2><div class="spacer battle-history"><br></div><div class="battle-history">The opposing Frogadier used <strong>Ice Beam</strong>!<br></div><div class="spacer battle-history"><br></div><div class="battle-history"><small>[The opposing Frogadier's Protean]</small><br><small>The opposing Frogadier transformed into the Ice type!</small><br></div><div class="battle-history"><small>It's super effective!</small><br></div><div class="battle-history"><small>(Servine lost <abbr title="−260/324">80.2%</abbr> of its health!)</small><br></div><div class="battle-history"><small>The opposing Frogadier lost some of its HP!</small><br></div><div class="spacer battle-history"><br></div><div class="battle-history">Servine used <strong>Leaf Storm</strong>!<br></div><div class="battle-history"><small>(The opposing Frogadier lost <abbr title="−122/249">49.0%</abbr> of its health!)</small><br></div><div class="battle-history"><small>Servine's Special Attack rose sharply!</small><br></div><div class="spacer battle-history"><br></div><div class="battle-history">The opposing Frogadier fainted!<br></div><div class="spacer battle-history"><br></div><div class="battle-history"><strong>Gеrard Way</strong> won the battle!<br></div><div class="chat chatmessage-grardway"><strong style="color:hsl(23,56%,44%)"><small>☆</small><span class="username" data-name="Gеrard Way">Gеrard Way</span>:</strong> <em>gg</em></div></div><div class="inner-preempt"></div></div></div>
</div>
<script>
let daily = Math.floor(Date.now()/1000/60/60/24);document.write('<script src="https://play.pokemonshowdown.com/js/replay-embed.js?version'+daily+'"></'+'script>');
</script>
