<!DOCTYPE html>
<meta charset="utf-8" />
<!-- version 1 -->
<title>PU replay: lcezasfuck vs. DarkSoul0975605507</title>
<style>
html,body {font-family:Verdana, sans-serif;font-size:10pt;margin:0;padding:0;}body{padding:12px 0;} .battle-log {font-family:Verdana, sans-serif;font-size:10pt;} .battle-log-inline {border:1px solid #AAAAAA;background:#EEF2F5;color:black;max-width:640px;margin:0 auto 80px;padding-bottom:5px;} .battle-log .inner {padding:4px 8px 0px 8px;} .battle-log .inner-preempt {padding:0 8px 4px 8px;} .battle-log .inner-after {margin-top:0.5em;} .battle-log h2 {margin:0.5em -8px;padding:4px 8px;border:1px solid #AAAAAA;background:#E0E7EA;border-left:0;border-right:0;font-family:Verdana, sans-serif;font-size:13pt;} .battle-log .chat {vertical-align:middle;padding:3px 0 3px 0;font-size:8pt;} .battle-log .chat strong {color:#40576A;} .battle-log .chat em {padding:1px 4px 1px 3px;color:#000000;font-style:normal;} .chat.mine {background:rgba(0,0,0,0.05);margin-left:-8px;margin-right:-8px;padding-left:8px;padding-right:8px;} .spoiler {color:#BBBBBB;background:#BBBBBB;padding:0px 3px;} .spoiler:hover, .spoiler:active, .spoiler-shown {color:#000000;background:#E2E2E2;padding:0px 3px;} .spoiler a {color:#BBBBBB;} .spoiler:hover a, .spoiler:active a, .spoiler-shown a {color:#2288CC;} .chat code, .chat .spoiler:hover code, .chat .spoiler:active code, .chat .spoiler-shown code {border:1px solid #C0C0C0;background:#EEEEEE;color:black;padding:0 2px;} .chat .spoiler code {border:1px solid #CCCCCC;background:#CCCCCC;color:#CCCCCC;} .battle-log .rated {padding:3px 4px;} .battle-log .rated strong {color:white;background:#89A;padding:1px 4px;border-radius:4px;} .spacer {margin-top:0.5em;} .message-announce {background:#6688AA;color:white;padding:1px 4px 2px;} .message-announce a, .broadcast-green a, .broadcast-blue a, .broadcast-red a {color:#DDEEFF;} .broadcast-green {background-color:#559955;color:white;padding:2px 4px;} .broadcast-blue {background-color:#6688AA;color:white;padding:2px 4px;} .infobox {border:1px solid #6688AA;padding:2px 4px;} .infobox-limited {max-height:200px;overflow:auto;overflow-x:hidden;} .broadcast-red {background-color:#AA5544;color:white;padding:2px 4px;} .message-learn-canlearn {font-weight:bold;color:#228822;text-decoration:underline;} .message-learn-cannotlearn {font-weight:bold;color:#CC2222;text-decoration:underline;} .message-effect-weak {font-weight:bold;color:#CC2222;} .message-effect-resist {font-weight:bold;color:#6688AA;} .message-effect-immune {font-weight:bold;color:#666666;} .message-learn-list {margin-top:0;margin-bottom:0;} .message-throttle-notice, .message-error {color:#992222;} .message-overflow, .chat small.message-overflow {font-size:0pt;} .message-overflow::before {font-size:9pt;content:'...';} .subtle {color:#3A4A66;}
</style>
<div class="wrapper replay-wrapper" style="max-width:1180px;margin:0 auto">
<input type="hidden" name="replayid" value="pu-570071297" />
<div class="battle"></div><div class="battle-log"></div><div class="replay-controls"></div><div class="replay-controls-2"></div>
<h1 style="font-weight:normal;text-align:center"><strong>PU</strong><br /><a href="http://pokemonshowdown.com/users/lcezasfuck" class="subtle" target="_blank">lcezasfuck</a> vs. <a href="http://pokemonshowdown.com/users/darksoul0975605507" class="subtle" target="_blank">DarkSoul0975605507</a></h1>
<script type="text/plain" class="battle-log-data">|j|lcezasfuck
|j|DarkSoul0975605507
|player|p1|lcezasfuck|#teamrocket
|player|p2|DarkSoul0975605507|101
|gametype|singles
|gen|6
|tier|PU
|rated
|seed|3262,64288,30641,23924
|rule|Sleep Clause Mod: Limit one foe put to sleep
|rule|Species Clause: Limit one of each Pokémon
|rule|OHKO Clause: OHKO moves are banned
|rule|Moody Clause: Moody is banned
|rule|Evasion Moves Clause: Evasion moves are banned
|rule|Endless Battle Clause: Forcing endless battles is banned
|rule|HP Percentage Mod: HP is shown in percentages
|clearpoke
|poke|p1|Clefairy, M|item
|poke|p1|Servine, M|item
|poke|p1|Misdreavus, M|item
|poke|p1|Pelipper, F|item
|poke|p1|Golem, F|item
|poke|p1|Combusken, F|item
|poke|p2|Raichu, M, shiny|item
|poke|p2|Lampent, M, shiny|item
|poke|p2|Raticate, M|item
|poke|p2|Crustle, M|item
|poke|p2|Beartic, M|item
|poke|p2|Leavanny, F|item
|rule|Swagger Clause: Swagger is banned
|rule|Baton Pass Clause: Limit one Baton Passer, can't pass Spe and other stats simultaneously
|teampreview
|inactive|Battle timer is ON: inactive players will automatically lose when time's up. (requested by DarkSoul0975605507)
|choice|team 4, team 2, team 3, team 1, team 5, team 6|team 6, team 2, team 3, team 4, team 5, team 1
|
|start
|switch|p1a: Pelipper|Pelipper, F|324\/324
|switch|p2a: Leavanny|Leavanny, F|291\/291
|turn|1
|choice|move scald|switch 6
|
|switch|p2a: Raichu|Raichu, M, shiny|261\/261
|move|p1a: Pelipper|Scald|p2a: Raichu
|-damage|p2a: Raichu|147\/261
|
|upkeep
|turn|2
|choice|switch 5|move thunderbolt
|
|switch|p1a: Golem|Golem, F|301\/301
|move|p2a: Raichu|Thunderbolt|p1a: Golem
|-immune|p1a: Golem|[msg]
|
|upkeep
|turn|3
|choice|move stealthrock|move grassknot
|
|move|p2a: Raichu|Grass Knot|p1a: Golem
|-supereffective|p1a: Golem
|-ability|p1a: Golem|Sturdy
|-damage|p1a: Golem|1\/301
|-damage|p2a: Raichu|121\/261|[from] item: Life Orb
|move|p1a: Golem|Stealth Rock|p2a: Raichu
|-sidestart|p2: DarkSoul0975605507|move: Stealth Rock
|
|upkeep
|turn|4
|choice|move earthquake|move grassknot
|-enditem|p1a: Golem|Custap Berry|[eat]
|-activate|p1a: Golem|item: Custap Berry
|
|move|p1a: Golem|Earthquake|p2a: Raichu
|-supereffective|p2a: Raichu
|-damage|p2a: Raichu|0 fnt
|faint|p2a: Raichu
|
|upkeep
|choice||switch 6
|
|switch|p2a: Leavanny|Leavanny, F|291\/291
|-damage|p2a: Leavanny|219\/291|[from] Stealth Rock
|turn|5
|choice|move rockblast|move leafblade
|
|move|p2a: Leavanny|Leaf Blade|p1a: Golem
|-supereffective|p1a: Golem
|-crit|p1a: Golem
|-damage|p1a: Golem|0 fnt
|faint|p1a: Golem
|
|upkeep
|choice|switch 5|
|
|switch|p1a: Pelipper|Pelipper, F|324\/324
|turn|6
|choice|move scald|move stickyweb
|
|move|p2a: Leavanny|Sticky Web|p1a: Pelipper
|-sidestart|p1: lcezasfuck|move: Sticky Web
|move|p1a: Pelipper|Scald|p2a: Leavanny
|-resisted|p2a: Leavanny
|-damage|p2a: Leavanny|170\/291
|
|upkeep
|turn|7
|choice|move uturn|move knockoff
|
|move|p2a: Leavanny|Knock Off|p1a: Pelipper
|-damage|p1a: Pelipper|250\/324
|-enditem|p1a: Pelipper|Leftovers|[from] move: Knock Off|[of] p2a: Leavanny
|move|p1a: Pelipper|U-turn|p2a: Leavanny
|-supereffective|p2a: Leavanny
|-damage|p2a: Leavanny|96\/291
|choice|switch 2|
|
|switch|p1a: Servine|Servine, M|261\/261
|-activate|p1a: Servine|move: Sticky Web
|-boost|p1a: Servine|spe|1
|
|upkeep
|turn|8
|choice|move hiddenpower|move xscissor
|
|move|p1a: Servine|Hidden Power|p2a: Leavanny
|-supereffective|p2a: Leavanny
|-damage|p2a: Leavanny|0 fnt
|faint|p2a: Leavanny
|
|upkeep
|choice||switch 2
|
|switch|p2a: Lampent|Lampent, M, shiny|261\/261
|-damage|p2a: Lampent|196\/261|[from] Stealth Rock
|turn|9
|choice|switch 4|move flamethrower
|
|switch|p1a: Clefairy|Clefairy, M|344\/344
|-activate|p1a: Clefairy|move: Sticky Web
|-unboost|p1a: Clefairy|spe|1
|move|p2a: Lampent|Flamethrower|p1a: Clefairy
|-damage|p1a: Clefairy|260\/344
|
|upkeep
|turn|10
|choice|move knockoff|switch 4
|
|switch|p2a: Crustle|Crustle, M|281\/281
|-damage|p2a: Crustle|211\/281|[from] Stealth Rock
|move|p1a: Clefairy|Knock Off|p2a: Crustle
|-damage|p2a: Crustle|177\/281
|-ability|p2a: Crustle|Weak Armor|boost
|-unboost|p2a: Crustle|def|1
|-boost|p2a: Crustle|spe|1
|-enditem|p2a: Crustle|White Herb|[from] move: Knock Off|[of] p1a: Clefairy
|
|upkeep
|turn|11
|choice|switch 3|move shellsmash
|
|switch|p1a: Misdreavus|Misdreavus, M|324\/324
|move|p2a: Crustle|Shell Smash|p2a: Crustle
|-unboost|p2a: Crustle|def|1
|-unboost|p2a: Crustle|spd|1
|-boost|p2a: Crustle|atk|2
|-boost|p2a: Crustle|spa|2
|-boost|p2a: Crustle|spe|2
|
|upkeep
|turn|12
|choice|move willowisp|move stoneedge
|
|move|p2a: Crustle|Stone Edge|p1a: Misdreavus
|-damage|p1a: Misdreavus|59\/324
|move|p1a: Misdreavus|Will-O-Wisp|p2a: Crustle
|-status|p2a: Crustle|brn
|
|-damage|p2a: Crustle|142\/281 brn|[from] brn
|upkeep
|turn|13
|choice|move hex|move xscissor
|
|move|p2a: Crustle|X-Scissor|p1a: Misdreavus
|-resisted|p1a: Misdreavus
|-damage|p1a: Misdreavus|1\/324
|move|p1a: Misdreavus|Hex|p2a: Crustle
|-damage|p2a: Crustle|0 fnt
|faint|p2a: Crustle
|
|upkeep
|-message|DarkSoul0975605507 forfeited.
|
|win|lcezasfuck
|l|DarkSoul0975605507
|raw|lcezasfuck's rating: 1349 &rarr; <strong>1368<\/strong><br \/>(+19 for winning)
|raw|DarkSoul0975605507's rating: 1322 &rarr; <strong>1303<\/strong><br \/>(-19 for losing)</script>
</div>
<div class="battle-log battle-log-inline"><div class="inner"><div class="battle-options"></div><div class="inner"><div class="chat"><small>lcezasfuck joined.</small></div><div class="chat"><small>DarkSoul0975605507 joined.</small></div><div class=""><small>Format:</small> <br><strong>PU</strong></div><div class="rated"><strong>Rated battle</strong></div><div class=""><small><em>Sleep Clause Mod:</em> Limit one foe put to sleep</small></div><div class=""><small><em>Species Clause:</em> Limit one of each Pokémon</small></div><div class=""><small><em>OHKO Clause:</em> OHKO moves are banned</small></div><div class=""><small><em>Moody Clause:</em> Moody is banned</small></div><div class=""><small><em>Evasion Moves Clause:</em> Evasion moves are banned</small></div><div class=""><small><em>Endless Battle Clause:</em> Forcing endless battles is banned</small></div><div class=""><small><em>HP Percentage Mod:</em> HP is shown in percentages</small></div><div class=""><small><em>Swagger Clause:</em> Swagger is banned</small></div><div class=""><small><em>Baton Pass Clause:</em> Limit one Baton Passer, can't pass Spe and other stats simultaneously</small></div><div class="chat battle-history"><strong>lcezasfuck's team:</strong> <em style="color:#445566;display:block;">Clefairy / Servine / Misdreavus / Pelipper / Golem / Combusken</em></div><div class="chat battle-history"><strong>DarkSoul0975605507's team:</strong> <em style="color:#445566;display:block;">Raichu / Lampent / Raticate / Crustle / Beartic / Leavanny</em></div><div class="chat message-error">Battle timer is ON: inactive players will automatically lose when time's up. (requested by DarkSoul0975605507)</div><div class="spacer battle-history"><br></div><div class="battle-history">Battle started between lcezasfuck and DarkSoul0975605507!<br></div><div class="spacer battle-history"><br></div><div class="battle-history">Go! <strong>Pelipper</strong>!<br></div><div class="spacer battle-history"><br></div><div class="battle-history">DarkSoul0975605507 sent out <strong>Leavanny</strong>!<br></div><div class="spacer battle-history"><br></div><h2 class="battle-history">Turn 1</h2><div class="spacer battle-history"><br></div><div class="battle-history">DarkSoul0975605507 withdrew Leavanny!<br></div><div class="battle-history">DarkSoul0975605507 sent out <strong>Raichu</strong>!<br></div><div class="spacer battle-history"><br></div><div class="battle-history">Pelipper used <strong>Scald</strong>!<br></div><div class="battle-history"><small>(The opposing Raichu lost <abbr title="−114/261">43.7%</abbr> of its health!)</small><br></div><div class="spacer battle-history"><br></div><h2 class="battle-history">Turn 2</h2><div class="spacer battle-history"><br></div><div class="battle-history">Pelipper, come back!<br></div><div class="battle-history">Go! <strong>Golem</strong>!<br></div><div class="spacer battle-history"><br></div><div class="battle-history">The opposing Raichu used <strong>Thunderbolt</strong>!<br></div><div class="battle-history"><small>It doesn't affect Golem...</small><br></div><div class="spacer battle-history"><br></div><h2 class="battle-history">Turn 3</h2><div class="spacer battle-history"><br></div><div class="battle-history">The opposing Raichu used <strong>Grass Knot</strong>!<br></div><div class="battle-history"><small>It's super effective!</small><br></div><div class="battle-history"><small>[Golem's Sturdy]</small><br><small>Golem endured the hit!</small><br></div><div class="battle-history"><small>(Golem lost <abbr title="−300/301">99.7%</abbr> of its health!)</small><br></div><div class="battle-history"><small>The opposing Raichu lost some of its HP!</small><br></div><div class="spacer battle-history"><br></div><div class="battle-history">Golem used <strong>Stealth Rock</strong>!<br></div><div class="battle-history"><small>Pointed stones float in the air around the opposing team!</small><br></div><div class="spacer battle-history"><br></div><h2 class="battle-history">Turn 4</h2><div class="spacer battle-history"><br></div><div class="battle-history"><small>Golem ate its Custap Berry!</small><br></div><div class="battle-history"><small>Golem's Custap Berry let it move first!</small><br></div><div class="spacer battle-history"><br></div><div class="battle-history">Golem used <strong>Earthquake</strong>!<br></div><div class="battle-history"><small>It's super effective!</small><br></div><div class="battle-history"><small>(The opposing Raichu lost <abbr title="−121/261">46.4%</abbr> of its health!)</small><br></div><div class="spacer battle-history"><br></div><div class="battle-history">The opposing Raichu fainted!<br></div><div class="spacer battle-history"><br></div><div class="battle-history">DarkSoul0975605507 sent out <strong>Leavanny</strong>!<br></div><div class="battle-history"><small>Pointed stones dug into the opposing Leavanny!</small><br></div><div class="spacer battle-history"><br></div><h2 class="battle-history">Turn 5</h2><div class="spacer battle-history"><br></div><div class="battle-history">The opposing Leavanny used <strong>Leaf Blade</strong>!<br></div><div class="battle-history"><small>It's super effective!</small><br></div><div class="battle-history"><small>A critical hit!</small><br></div><div class="battle-history"><small>(Golem lost <abbr title="−1/301">0.3%</abbr> of its health!)</small><br></div><div class="spacer battle-history"><br></div><div class="battle-history">Golem fainted!<br></div><div class="spacer battle-history"><br></div><div class="battle-history">Go! <strong>Pelipper</strong>!<br></div><div class="spacer battle-history"><br></div><h2 class="battle-history">Turn 6</h2><div class="spacer battle-history"><br></div><div class="battle-history">The opposing Leavanny used <strong>Sticky Web</strong>!<br></div><div class="battle-history"><small>A sticky web spreads out on the ground around your team!</small><br></div><div class="spacer battle-history"><br></div><div class="battle-history">Pelipper used <strong>Scald</strong>!<br></div><div class="battle-history"><small>It's not very effective...</small><br></div><div class="battle-history"><small>(The opposing Leavanny lost <abbr title="−49/291">16.8%</abbr> of its health!)</small><br></div><div class="spacer battle-history"><br></div><h2 class="battle-history">Turn 7</h2><div class="spacer battle-history"><br></div><div class="battle-history">The opposing Leavanny used <strong>Knock Off</strong>!<br></div><div class="battle-history"><small>(Pelipper lost <abbr title="−74/324">22.8%</abbr> of its health!)</small><br></div><div class="battle-history"><small>The opposing Leavanny knocked off Pelipper's Leftovers!</small><br></div><div class="spacer battle-history"><br></div><div class="battle-history">Pelipper used <strong>U-turn</strong>!<br></div><div class="battle-history"><small>It's super effective!</small><br></div><div class="battle-history"><small>(The opposing Leavanny lost <abbr title="−74/291">25.4%</abbr> of its health!)</small><br></div><div class="spacer battle-history"><br></div><div class="battle-history">Pelipper went back to lcezasfuck!<br></div><div class="battle-history">Go! <strong>Servine</strong>!<br></div><div class="battle-history"><small>Servine was caught in a sticky web!</small><br></div><div class="battle-history"><small>Servine's Speed rose!</small><br></div><div class="spacer battle-history"><br></div><h2 class="battle-history">Turn 8</h2><div class="spacer battle-history"><br></div><div class="battle-history">Servine used <strong>Hidden Power</strong>!<br></div><div class="battle-history"><small>It's super effective!</small><br></div><div class="battle-history"><small>(The opposing Leavanny lost <abbr title="−96/291">33.0%</abbr> of its health!)</small><br></div><div class="spacer battle-history"><br></div><div class="battle-history">The opposing Leavanny fainted!<br></div><div class="spacer battle-history"><br></div><div class="battle-history">DarkSoul0975605507 sent out <strong>Lampent</strong>!<br></div><div class="battle-history"><small>Pointed stones dug into the opposing Lampent!</small><br></div><div class="spacer battle-history"><br></div><h2 class="battle-history">Turn 9</h2><div class="spacer battle-history"><br></div><div class="battle-history">Servine, come back!<br></div><div class="battle-history">Go! <strong>Clefairy</strong>!<br></div><div class="battle-history"><small>Clefairy was caught in a sticky web!</small><br></div><div class="battle-history"><small>Clefairy's Speed fell!</small><br></div><div class="spacer battle-history"><br></div><div class="battle-history">The opposing Lampent used <strong>Flamethrower</strong>!<br></div><div class="battle-history"><small>(Clefairy lost <abbr title="−84/344">24.4%</abbr> of its health!)</small><br></div><div class="spacer battle-history"><br></div><h2 class="battle-history">Turn 10</h2><div class="spacer battle-history"><br></div><div class="battle-history">DarkSoul0975605507 withdrew Lampent!<br></div><div class="battle-history">DarkSoul0975605507 sent out <strong>Crustle</strong>!<br></div><div class="battle-history"><small>Pointed stones dug into the opposing Crustle!</small><br></div><div class="spacer battle-history"><br></div><div class="battle-history">Clefairy used <strong>Knock Off</strong>!<br></div><div class="battle-history"><small>(The opposing Crustle lost <abbr title="−34/281">12.1%</abbr> of its health!)</small><br></div><div class="battle-history"><small>[The opposing Crustle's Weak Armor]</small><br></div><div class="battle-history"><small>The opposing Crustle's Defense fell!</small><br></div><div class="battle-history"><small>The opposing Crustle's Speed rose!</small><br></div><div class="battle-history"><small>Clefairy knocked off the opposing Crustle's White Herb!</small><br></div><div class="spacer battle-history"><br></div><h2 class="battle-history">Turn 11</h2><div class="spacer battle-history"><br></div><div class="battle-history">Clefairy, come back!<br></div><div class="battle-history">Go! <strong>Misdreavus</strong>!<br></div><div class="spacer battle-history"><br></div><div class="battle-history">The opposing Crustle used <strong>Shell Smash</strong>!<br></div><div class="battle-history"><small>The opposing Crustle's Defense fell!</small><br></div><div class="battle-history"><small>The opposing Crustle's Special Defense fell!</small><br></div><div class="battle-history"><small>The opposing Crustle's Attack rose sharply!</small><br></div><div class="battle-history"><small>The opposing Crustle's Special Attack rose sharply!</small><br></div><div class="battle-history"><small>The opposing Crustle's Speed rose sharply!</small><br></div><div class="spacer battle-history"><br></div><h2 class="battle-history">Turn 12</h2><div class="spacer battle-history"><br></div><div class="battle-history">The opposing Crustle used <strong>Stone Edge</strong>!<br></div><div class="battle-history"><small>(Misdreavus lost <abbr title="−265/324">81.8%</abbr> of its health!)</small><br></div><div class="spacer battle-history"><br></div><div class="battle-history">Misdreavus used <strong>Will-O-Wisp</strong>!<br></div><div class="battle-history"><small>The opposing Crustle was burned!</small><br></div><div class="spacer battle-history"><br></div><div class="battle-history"><small>The opposing Crustle was hurt by its burn!</small><br></div><div class="spacer battle-history"><br></div><h2 class="battle-history">Turn 13</h2><div class="spacer battle-history"><br></div><div class="battle-history">The opposing Crustle used <strong>X-Scissor</strong>!<br></div><div class="battle-history"><small>It's not very effective...</small><br></div><div class="battle-history"><small>(Misdreavus lost <abbr title="−58/324">17.9%</abbr> of its health!)</small><br></div><div class="spacer battle-history"><br></div><div class="battle-history">Misdreavus used <strong>Hex</strong>!<br></div><div class="battle-history"><small>(The opposing Crustle lost <abbr title="−142/281">50.5%</abbr> of its health!)</small><br></div><div class="spacer battle-history"><br></div><div class="battle-history">The opposing Crustle fainted!<br></div><div class="spacer battle-history"><br></div><div class="battle-history"><small>DarkSoul0975605507 forfeited.</small><br></div><div class="spacer battle-history"><br></div><div class="battle-history"><strong>lcezasfuck</strong> won the battle!<br></div><div class="chat"><small>DarkSoul0975605507 left.</small></div><div class="chat">lcezasfuck's rating: 1349 → <strong>1368</strong><br>(+19 for winning)</div><div class="chat">DarkSoul0975605507's rating: 1322 → <strong>1303</strong><br>(-19 for losing)</div></div><div class="inner-preempt"></div></div></div>
</div>
<script>
let daily = Math.floor(Date.now()/1000/60/60/24);document.write('<script src="https://play.pokemonshowdown.com/js/replay-embed.js?version'+daily+'"></'+'script>');
</script>
