<!DOCTYPE html>
<meta charset="utf-8" />
<!-- version 1 -->
<title>PU replay: RivalET vs. EspurrTales</title>
<style>
html,body {font-family:Verdana, sans-serif;font-size:10pt;margin:0;padding:0;}body{padding:12px 0;} .battle-log {font-family:Verdana, sans-serif;font-size:10pt;} .battle-log-inline {border:1px solid #AAAAAA;background:#EEF2F5;color:black;max-width:640px;margin:0 auto 80px;padding-bottom:5px;} .battle-log .inner {padding:4px 8px 0px 8px;} .battle-log .inner-preempt {padding:0 8px 4px 8px;} .battle-log .inner-after {margin-top:0.5em;} .battle-log h2 {margin:0.5em -8px;padding:4px 8px;border:1px solid #AAAAAA;background:#E0E7EA;border-left:0;border-right:0;font-family:Verdana, sans-serif;font-size:13pt;} .battle-log .chat {vertical-align:middle;padding:3px 0 3px 0;font-size:8pt;} .battle-log .chat strong {color:#40576A;} .battle-log .chat em {padding:1px 4px 1px 3px;color:#000000;font-style:normal;} .chat.mine {background:rgba(0,0,0,0.05);margin-left:-8px;margin-right:-8px;padding-left:8px;padding-right:8px;} .spoiler {color:#BBBBBB;background:#BBBBBB;padding:0px 3px;} .spoiler:hover, .spoiler:active, .spoiler-shown {color:#000000;background:#E2E2E2;padding:0px 3px;} .spoiler a {color:#BBBBBB;} .spoiler:hover a, .spoiler:active a, .spoiler-shown a {color:#2288CC;} .chat code, .chat .spoiler:hover code, .chat .spoiler:active code, .chat .spoiler-shown code {border:1px solid #C0C0C0;background:#EEEEEE;color:black;padding:0 2px;} .chat .spoiler code {border:1px solid #CCCCCC;background:#CCCCCC;color:#CCCCCC;} .battle-log .rated {padding:3px 4px;} .battle-log .rated strong {color:white;background:#89A;padding:1px 4px;border-radius:4px;} .spacer {margin-top:0.5em;} .message-announce {background:#6688AA;color:white;padding:1px 4px 2px;} .message-announce a, .broadcast-green a, .broadcast-blue a, .broadcast-red a {color:#DDEEFF;} .broadcast-green {background-color:#559955;color:white;padding:2px 4px;} .broadcast-blue {background-color:#6688AA;color:white;padding:2px 4px;} .infobox {border:1px solid #6688AA;padding:2px 4px;} .infobox-limited {max-height:200px;overflow:auto;overflow-x:hidden;} .broadcast-red {background-color:#AA5544;color:white;padding:2px 4px;} .message-learn-canlearn {font-weight:bold;color:#228822;text-decoration:underline;} .message-learn-cannotlearn {font-weight:bold;color:#CC2222;text-decoration:underline;} .message-effect-weak {font-weight:bold;color:#CC2222;} .message-effect-resist {font-weight:bold;color:#6688AA;} .message-effect-immune {font-weight:bold;color:#666666;} .message-learn-list {margin-top:0;margin-bottom:0;} .message-throttle-notice, .message-error {color:#992222;} .message-overflow, .chat small.message-overflow {font-size:0pt;} .message-overflow::before {font-size:9pt;content:'...';} .subtle {color:#3A4A66;}
</style>
<div class="wrapper replay-wrapper" style="max-width:1180px;margin:0 auto">
<input type="hidden" name="replayid" value="pu-569034888" />
<div class="battle"></div><div class="battle-log"></div><div class="replay-controls"></div><div class="replay-controls-2"></div>
<h1 style="font-weight:normal;text-align:center"><strong>PU</strong><br /><a href="http://pokemonshowdown.com/users/rivalet" class="subtle" target="_blank">RivalET</a> vs. <a href="http://pokemonshowdown.com/users/espurrtales" class="subtle" target="_blank">EspurrTales</a></h1>
<script type="text/plain" class="battle-log-data">|j|RivalET
|j|EspurrTales
|player|p1|RivalET|126
|player|p2|EspurrTales|166
|gametype|singles
|gen|6
|tier|PU
|rated
|seed|40275,13697,19900,24694
|rule|Sleep Clause Mod: Limit one foe put to sleep
|rule|Species Clause: Limit one of each Pokémon
|rule|OHKO Clause: OHKO moves are banned
|rule|Moody Clause: Moody is banned
|rule|Evasion Moves Clause: Evasion moves are banned
|rule|Endless Battle Clause: Forcing endless battles is banned
|rule|HP Percentage Mod: HP is shown in percentages
|clearpoke
|poke|p1|Monferno, M|item
|poke|p1|Vullaby, F|item
|poke|p1|Leafeon, M|item
|poke|p1|Zebstrika, M|item
|poke|p1|Relicanth, M|item
|poke|p1|Mr. Mime, M|item
|poke|p2|Stoutland, M|item
|poke|p2|Drifblim, F|item
|poke|p2|Gabite, M|item
|poke|p2|Dusknoir, M|item
|poke|p2|Politoed, F, shiny|item
|poke|p2|Rapidash, M|item
|rule|Swagger Clause: Swagger is banned
|rule|Baton Pass Clause: Limit one Baton Passer, can't pass Spe and other stats simultaneously
|teampreview
|c|☆EspurrTales|hello
|c|☆RivalET|sup
|choice|team 3, team 2, team 1, team 4, team 5, team 6|team 3, team 2, team 1, team 4, team 5, team 6
|
|start
|switch|p1a: Eve|Leafeon, M|271\/271
|switch|p2a: Gabite|Gabite, M|339\/339
|turn|1
|choice|move knockoff|move stealthrock
|
|move|p1a: Eve|Knock Off|p2a: Gabite
|-damage|p2a: Gabite|269\/339
|-damage|p1a: Eve|238\/271|[from] ability: Rough Skin|[of] p2a: Gabite
|-enditem|p2a: Gabite|Eviolite|[from] move: Knock Off|[of] p1a: Eve
|move|p2a: Gabite|Stealth Rock|p1a: Eve
|-sidestart|p1: RivalET|move: Stealth Rock
|
|upkeep
|turn|2
|choice|move swordsdance|switch 4
|
|switch|p2a: Dusknoir|Dusknoir, M|283\/283
|-item|p1a: Eve|Kebia Berry|[from] ability: Frisk|[of] p2a: Dusknoir|[identify]
|move|p1a: Eve|Swords Dance|p1a: Eve
|-boost|p1a: Eve|atk|2
|
|upkeep
|turn|3
|choice|move knockoff|move willowisp
|
|move|p1a: Eve|Knock Off|p2a: Dusknoir
|-supereffective|p2a: Dusknoir
|-enditem|p2a: Dusknoir|Colbur Berry|[eat]
|-enditem|p2a: Dusknoir|Colbur Berry|[weaken]
|-damage|p2a: Dusknoir|124\/283
|move|p2a: Dusknoir|Will-O-Wisp|p1a: Eve
|-status|p1a: Eve|brn
|
|-damage|p1a: Eve|205\/271 brn|[from] brn
|upkeep
|turn|4
|choice|switch 3|move shadowsneak
|
|switch|p1a: Tha Fern|Monferno, M|331\/331
|-damage|p1a: Tha Fern|290\/331|[from] Stealth Rock
|move|p2a: Dusknoir|Shadow Sneak|p1a: Tha Fern
|-damage|p1a: Tha Fern|215\/331
|
|upkeep
|turn|5
|choice|move stealthrock|move earthquake
|
|move|p1a: Tha Fern|Stealth Rock|p2a: Dusknoir
|-sidestart|p2: EspurrTales|move: Stealth Rock
|move|p2a: Dusknoir|Earthquake|p1a: Tha Fern
|-supereffective|p1a: Tha Fern
|-damage|p1a: Tha Fern|0 fnt
|faint|p1a: Tha Fern
|
|upkeep
|choice|switch 3|
|
|switch|p1a: Eve|Leafeon, M|205\/271 brn
|-damage|p1a: Eve|172\/271 brn|[from] Stealth Rock
|turn|6
|choice|move knockoff|switch 4
|
|switch|p2a: Gabite|Gabite, M|269\/339
|-damage|p2a: Gabite|248\/339|[from] Stealth Rock
|move|p1a: Eve|Knock Off|p2a: Gabite
|-damage|p2a: Gabite|211\/339
|-damage|p1a: Eve|139\/271 brn|[from] ability: Rough Skin|[of] p2a: Gabite
|
|-damage|p1a: Eve|106\/271 brn|[from] brn
|upkeep
|turn|7
|choice|move leafblade|move dragonclaw
|
|move|p1a: Eve|Leaf Blade|p2a: Gabite
|-damage|p2a: Gabite|135\/339
|-damage|p1a: Eve|73\/271 brn|[from] ability: Rough Skin|[of] p2a: Gabite
|move|p2a: Gabite|Dragon Claw|p1a: Eve
|-damage|p1a: Eve|4\/271 brn
|
|-damage|p1a: Eve|0 fnt|[from] brn
|upkeep
|faint|p1a: Eve
|choice|switch 4|
|
|switch|p1a: Zebby|Zebstrika, M|291\/291
|-damage|p1a: Zebby|255\/291|[from] Stealth Rock
|turn|8
|choice|move hiddenpower|move earthquake
|
|move|p1a: Zebby|Hidden Power|p2a: Gabite
|-supereffective|p2a: Gabite
|-damage|p2a: Gabite|0 fnt
|-damage|p1a: Zebby|226\/291|[from] item: Life Orb
|faint|p2a: Gabite
|
|upkeep
|choice||switch 6
|
|switch|p2a: Rapidash|Rapidash, M|271\/271
|-damage|p2a: Rapidash|204\/271|[from] Stealth Rock
|turn|9
|choice|move voltswitch|move flareblitz
|
|move|p1a: Zebby|Volt Switch|p2a: Rapidash
|-damage|p2a: Rapidash|64\/271
|-damage|p1a: Zebby|197\/291|[from] item: Life Orb
|choice|switch 2|
|
|switch|p1a: Best Defogger|Vullaby, F|343\/343
|-damage|p1a: Best Defogger|258\/343|[from] Stealth Rock
|move|p2a: Rapidash|Flare Blitz|p1a: Best Defogger
|-damage|p1a: Best Defogger|138\/343
|-damage|p2a: Rapidash|24\/271|[from] recoil|[of] p1a: Best Defogger
|
|upkeep
|turn|10
|c|☆EspurrTales|well rip rapidash
|choice|move roost|move wildcharge
|
|move|p2a: Rapidash|Wild Charge|p1a: Best Defogger
|-supereffective|p1a: Best Defogger
|-damage|p1a: Best Defogger|24\/343
|-damage|p2a: Rapidash|0 fnt|[from] recoil|[of] p1a: Best Defogger
|faint|p2a: Rapidash
|move|p1a: Best Defogger|Roost|p1a: Best Defogger
|-heal|p1a: Best Defogger|196\/343
|
|upkeep
|c|☆RivalET|ye
|choice||switch 5
|
|switch|p2a: Politoed|Politoed, F, shiny|321\/321
|-damage|p2a: Politoed|281\/321|[from] Stealth Rock
|turn|11
|choice|move roost|move icebeam
|
|move|p2a: Politoed|Ice Beam|p1a: Best Defogger
|-supereffective|p1a: Best Defogger
|-damage|p1a: Best Defogger|48\/343
|move|p1a: Best Defogger|Roost|p1a: Best Defogger
|-heal|p1a: Best Defogger|220\/343
|
|upkeep
|turn|12
|choice|move roost|move icebeam
|
|move|p2a: Politoed|Ice Beam|p1a: Best Defogger
|-supereffective|p1a: Best Defogger
|-damage|p1a: Best Defogger|54\/343
|-status|p1a: Best Defogger|frz
|cant|p1a: Best Defogger|frz
|
|upkeep
|turn|13
|choice|move roost|move icebeam
|
|move|p2a: Politoed|Ice Beam|p1a: Best Defogger
|-supereffective|p1a: Best Defogger
|-damage|p1a: Best Defogger|0 fnt
|faint|p1a: Best Defogger
|
|upkeep
|c|☆EspurrTales|sorry
|c|☆RivalET|tís fine
|choice|switch 2|
|
|switch|p1a: Zebby|Zebstrika, M|197\/291
|-damage|p1a: Zebby|161\/291|[from] Stealth Rock
|turn|14
|choice|move thunderbolt|move icebeam
|
|move|p2a: Politoed|Ice Beam|p1a: Zebby
|-damage|p1a: Zebby|34\/291
|move|p1a: Zebby|Thunderbolt|p2a: Politoed
|-supereffective|p2a: Politoed
|-damage|p2a: Politoed|0 fnt
|-damage|p1a: Zebby|5\/291|[from] item: Life Orb
|faint|p2a: Politoed
|
|upkeep
|c|☆EspurrTales|rip
|choice||switch 4
|
|switch|p2a: Dusknoir|Dusknoir, M|124\/283
|-damage|p2a: Dusknoir|89\/283|[from] Stealth Rock
|-item|p1a: Zebby|Life Orb|[from] ability: Frisk|[of] p2a: Dusknoir|[identify]
|turn|15
|choice|move thunderbolt|move shadowsneak
|
|move|p2a: Dusknoir|Shadow Sneak|p1a: Zebby
|-damage|p1a: Zebby|0 fnt
|faint|p1a: Zebby
|
|upkeep
|choice|switch 5|
|
|switch|p1a: Coelacanth|Relicanth, M|341\/341
|-damage|p1a: Coelacanth|299\/341|[from] Stealth Rock
|turn|16
|c|☆RivalET|IT IS TIME
|choice|move headsmash|move willowisp
|
|move|p1a: Coelacanth|Head Smash|p2a: Dusknoir
|-damage|p2a: Dusknoir|0 fnt
|faint|p2a: Dusknoir
|
|upkeep
|c|☆EspurrTales|o.O
|choice||switch 2
|
|switch|p2a: Drifblim|Drifblim, F|444\/444
|-damage|p2a: Drifblim|333\/444|[from] Stealth Rock
|turn|17
|choice|move headsmash|move substitute
|
|move|p2a: Drifblim|Substitute|p2a: Drifblim
|-start|p2a: Drifblim|Substitute
|-damage|p2a: Drifblim|222\/444
|move|p1a: Coelacanth|Head Smash|p2a: Drifblim|[miss]
|-miss|p1a: Coelacanth|p2a: Drifblim
|
|upkeep
|turn|18
|choice|move headsmash|move knockoff
|
|move|p2a: Drifblim|Knock Off|p1a: Coelacanth
|-damage|p1a: Coelacanth|231\/341
|-enditem|p1a: Coelacanth|Choice Band|[from] move: Knock Off|[of] p2a: Drifblim
|move|p1a: Coelacanth|Head Smash|p2a: Drifblim
|-supereffective|p2a: Drifblim
|-end|p2a: Drifblim|Substitute
|
|upkeep
|turn|19
|choice|move headsmash|move substitute
|
|move|p2a: Drifblim|Substitute|p2a: Drifblim
|-start|p2a: Drifblim|Substitute
|-damage|p2a: Drifblim|111\/444
|-enditem|p2a: Drifblim|Liechi Berry|[eat]
|-boost|p2a: Drifblim|atk|1
|move|p1a: Coelacanth|Head Smash|p2a: Drifblim
|-supereffective|p2a: Drifblim
|-end|p2a: Drifblim|Substitute
|
|upkeep
|turn|20
|choice|move waterfall|move suckerpunch
|
|move|p2a: Drifblim|Sucker Punch|p1a: Coelacanth
|-damage|p1a: Coelacanth|140\/341
|move|p1a: Coelacanth|Waterfall|p2a: Drifblim
|-damage|p2a: Drifblim|0 fnt
|faint|p2a: Drifblim
|
|upkeep
|choice||switch 3
|
|switch|p2a: Stoutland|Stoutland, M|311\/311
|-damage|p2a: Stoutland|273\/311|[from] Stealth Rock
|turn|21
|c|☆EspurrTales|ew i can't lock myself into
|c|☆EspurrTales|omg
|c|☆EspurrTales|gg
|choice|move headsmash|move frustration
|
|move|p2a: Stoutland|Frustration|p1a: Coelacanth
|-resisted|p1a: Coelacanth
|-damage|p1a: Coelacanth|36\/341
|move|p1a: Coelacanth|Head Smash|p2a: Stoutland
|-damage|p2a: Stoutland|23\/311
|
|upkeep
|turn|22
|c|☆RivalET|ggs
|choice|move waterfall|move frustration
|
|move|p2a: Stoutland|Frustration|p1a: Coelacanth
|-resisted|p1a: Coelacanth
|-damage|p1a: Coelacanth|0 fnt
|faint|p1a: Coelacanth
|
|upkeep
|choice|switch 6|
|
|switch|p1a: Boii|Mr. Mime, M|221\/221
|-damage|p1a: Boii|194\/221|[from] Stealth Rock
|turn|23
|choice|move psychic|move frustration
|
|move|p1a: Boii|Psychic|p2a: Stoutland
|-damage|p2a: Stoutland|0 fnt
|faint|p2a: Stoutland
|
|win|RivalET
|raw|RivalET's rating: 1440 &rarr; <strong>1452<\/strong><br \/>(+12 for winning)
|raw|EspurrTales's rating: 1298 &rarr; <strong>1283<\/strong><br \/>(-15 for losing)
|l|EspurrTales</script>
</div>
<div class="battle-log battle-log-inline"><div class="inner"><div class="battle-options"></div><div class="inner"><div class="chat"><small>RivalET joined.</small></div><div class="chat"><small>EspurrTales joined.</small></div><div class=""><small>Format:</small> <br><strong>PU</strong></div><div class="rated"><strong>Rated battle</strong></div><div class=""><small><em>Sleep Clause Mod:</em> Limit one foe put to sleep</small></div><div class=""><small><em>Species Clause:</em> Limit one of each Pokémon</small></div><div class=""><small><em>OHKO Clause:</em> OHKO moves are banned</small></div><div class=""><small><em>Moody Clause:</em> Moody is banned</small></div><div class=""><small><em>Evasion Moves Clause:</em> Evasion moves are banned</small></div><div class=""><small><em>Endless Battle Clause:</em> Forcing endless battles is banned</small></div><div class=""><small><em>HP Percentage Mod:</em> HP is shown in percentages</small></div><div class=""><small><em>Swagger Clause:</em> Swagger is banned</small></div><div class=""><small><em>Baton Pass Clause:</em> Limit one Baton Passer, can't pass Spe and other stats simultaneously</small></div><div class="chat battle-history"><strong>RivalET's team:</strong> <em style="color:#445566;display:block;">Monferno / Vullaby / Leafeon / Zebstrika / Relicanth / Mr. Mime</em></div><div class="chat battle-history"><strong>EspurrTales's team:</strong> <em style="color:#445566;display:block;">Stoutland / Drifblim / Gabite / Dusknoir / Politoed / Rapidash</em></div><div class="chat chatmessage-espurrtales"><strong style="color:hsl(267,74%,54.21734417332582%)"><small>☆</small><span class="username" data-name="EspurrTales">EspurrTales</span>:</strong> <em>hello</em></div><div class="chat chatmessage-rivalet"><strong style="color:hsl(1,69%,49.320757446718204%)"><small>☆</small><span class="username" data-name="RivalET">RivalET</span>:</strong> <em>sup</em></div><div class="spacer battle-history"><br></div><div class="battle-history">Battle started between RivalET and EspurrTales!<br></div><div class="spacer battle-history"><br></div><div class="battle-history">Go! Eve (<strong>Leafeon</strong>)!<br></div><div class="spacer battle-history"><br></div><div class="battle-history">EspurrTales sent out <strong>Gabite</strong>!<br></div><div class="spacer battle-history"><br></div><h2 class="battle-history">Turn 1</h2><div class="spacer battle-history"><br></div><div class="battle-history">Eve used <strong>Knock Off</strong>!<br></div><div class="battle-history"><small>(The opposing Gabite lost <abbr title="−70/339">20.6%</abbr> of its health!)</small><br></div><div class="battle-history"><small>[The opposing Gabite's Rough Skin]</small><br><small>Eve was hurt!</small><br></div><div class="battle-history"><small>Eve knocked off the opposing Gabite's Eviolite!</small><br></div><div class="spacer battle-history"><br></div><div class="battle-history">The opposing Gabite used <strong>Stealth Rock</strong>!<br></div><div class="battle-history"><small>Pointed stones float in the air around your team!</small><br></div><div class="spacer battle-history"><br></div><h2 class="battle-history">Turn 2</h2><div class="spacer battle-history"><br></div><div class="battle-history">EspurrTales withdrew Gabite!<br></div><div class="battle-history">EspurrTales sent out <strong>Dusknoir</strong>!<br></div><div class="battle-history"><small>[The opposing Dusknoir's Frisk]</small><br><small>The opposing Dusknoir frisked Eve and found its Kebia Berry!</small><br></div><div class="spacer battle-history"><br></div><div class="battle-history">Eve used <strong>Swords Dance</strong>!<br></div><div class="battle-history"><small>Eve's Attack rose sharply!</small><br></div><div class="spacer battle-history"><br></div><h2 class="battle-history">Turn 3</h2><div class="spacer battle-history"><br></div><div class="battle-history">Eve used <strong>Knock Off</strong>!<br></div><div class="battle-history"><small>It's super effective!</small><br></div><div class="battle-history"><small>The opposing Dusknoir ate its Colbur Berry!</small><br></div><div class="battle-history"><small>The Colbur Berry weakened the damage to the opposing Dusknoir!</small><br></div><div class="battle-history"><small>(The opposing Dusknoir lost <abbr title="−159/283">56.2%</abbr> of its health!)</small><br></div><div class="spacer battle-history"><br></div><div class="battle-history">The opposing Dusknoir used <strong>Will-O-Wisp</strong>!<br></div><div class="battle-history"><small>Eve was burned!</small><br></div><div class="spacer battle-history"><br></div><div class="battle-history"><small>Eve was hurt by its burn!</small><br></div><div class="spacer battle-history"><br></div><h2 class="battle-history">Turn 4</h2><div class="spacer battle-history"><br></div><div class="battle-history">Eve, come back!<br></div><div class="battle-history">Go! Tha Fern (<strong>Monferno</strong>)!<br></div><div class="battle-history"><small>Pointed stones dug into Tha Fern!</small><br></div><div class="spacer battle-history"><br></div><div class="battle-history">The opposing Dusknoir used <strong>Shadow Sneak</strong>!<br></div><div class="battle-history"><small>(Tha Fern lost <abbr title="−75/331">22.7%</abbr> of its health!)</small><br></div><div class="spacer battle-history"><br></div><h2 class="battle-history">Turn 5</h2><div class="spacer battle-history"><br></div><div class="battle-history">Tha Fern used <strong>Stealth Rock</strong>!<br></div><div class="battle-history"><small>Pointed stones float in the air around the opposing team!</small><br></div><div class="spacer battle-history"><br></div><div class="battle-history">The opposing Dusknoir used <strong>Earthquake</strong>!<br></div><div class="battle-history"><small>It's super effective!</small><br></div><div class="battle-history"><small>(Tha Fern lost <abbr title="−215/331">65.0%</abbr> of its health!)</small><br></div><div class="spacer battle-history"><br></div><div class="battle-history">Tha Fern fainted!<br></div><div class="spacer battle-history"><br></div><div class="battle-history">Go! Eve (<strong>Leafeon</strong>)!<br></div><div class="battle-history"><small>Pointed stones dug into Eve!</small><br></div><div class="spacer battle-history"><br></div><h2 class="battle-history">Turn 6</h2><div class="spacer battle-history"><br></div><div class="battle-history">EspurrTales withdrew Dusknoir!<br></div><div class="battle-history">EspurrTales sent out <strong>Gabite</strong>!<br></div><div class="battle-history"><small>Pointed stones dug into the opposing Gabite!</small><br></div><div class="spacer battle-history"><br></div><div class="battle-history">Eve used <strong>Knock Off</strong>!<br></div><div class="battle-history"><small>(The opposing Gabite lost <abbr title="−37/339">10.9%</abbr> of its health!)</small><br></div><div class="battle-history"><small>[The opposing Gabite's Rough Skin]</small><br><small>Eve was hurt!</small><br></div><div class="spacer battle-history"><br></div><div class="battle-history"><small>Eve was hurt by its burn!</small><br></div><div class="spacer battle-history"><br></div><h2 class="battle-history">Turn 7</h2><div class="spacer battle-history"><br></div><div class="battle-history">Eve used <strong>Leaf Blade</strong>!<br></div><div class="battle-history"><small>(The opposing Gabite lost <abbr title="−76/339">22.4%</abbr> of its health!)</small><br></div><div class="battle-history"><small>[The opposing Gabite's Rough Skin]</small><br><small>Eve was hurt!</small><br></div><div class="spacer battle-history"><br></div><div class="battle-history">The opposing Gabite used <strong>Dragon Claw</strong>!<br></div><div class="battle-history"><small>(Eve lost <abbr title="−69/271">25.5%</abbr> of its health!)</small><br></div><div class="spacer battle-history"><br></div><div class="battle-history"><small>Eve was hurt by its burn!</small><br></div><div class="spacer battle-history"><br></div><div class="battle-history">Eve fainted!<br></div><div class="spacer battle-history"><br></div><div class="battle-history">Go! Zebby (<strong>Zebstrika</strong>)!<br></div><div class="battle-history"><small>Pointed stones dug into Zebby!</small><br></div><div class="spacer battle-history"><br></div><h2 class="battle-history">Turn 8</h2><div class="spacer battle-history"><br></div><div class="battle-history">Zebby used <strong>Hidden Power</strong>!<br></div><div class="battle-history"><small>It's super effective!</small><br></div><div class="battle-history"><small>(The opposing Gabite lost <abbr title="−135/339">39.8%</abbr> of its health!)</small><br></div><div class="battle-history"><small>Zebby lost some of its HP!</small><br></div><div class="spacer battle-history"><br></div><div class="battle-history">The opposing Gabite fainted!<br></div><div class="spacer battle-history"><br></div><div class="battle-history">EspurrTales sent out <strong>Rapidash</strong>!<br></div><div class="battle-history"><small>Pointed stones dug into the opposing Rapidash!</small><br></div><div class="spacer battle-history"><br></div><h2 class="battle-history">Turn 9</h2><div class="spacer battle-history"><br></div><div class="battle-history">Zebby used <strong>Volt Switch</strong>!<br></div><div class="battle-history"><small>(The opposing Rapidash lost <abbr title="−140/271">51.7%</abbr> of its health!)</small><br></div><div class="battle-history"><small>Zebby lost some of its HP!</small><br></div><div class="spacer battle-history"><br></div><div class="battle-history">Zebby went back to RivalET!<br></div><div class="battle-history">Go! Best Defogger (<strong>Vullaby</strong>)!<br></div><div class="battle-history"><small>Pointed stones dug into Best Defogger!</small><br></div><div class="spacer battle-history"><br></div><div class="battle-history">The opposing Rapidash used <strong>Flare Blitz</strong>!<br></div><div class="battle-history"><small>(Best Defogger lost <abbr title="−120/343">35.0%</abbr> of its health!)</small><br></div><div class="battle-history"><small>The opposing Rapidash is damaged by the recoil!</small><br></div><div class="spacer battle-history"><br></div><h2 class="battle-history">Turn 10</h2><div class="chat chatmessage-espurrtales"><strong style="color:hsl(267,74%,54.21734417332582%)"><small>☆</small><span class="username" data-name="EspurrTales">EspurrTales</span>:</strong> <em>well rip rapidash</em></div><div class="spacer battle-history"><br></div><div class="battle-history">The opposing Rapidash used <strong>Wild Charge</strong>!<br></div><div class="battle-history"><small>It's super effective!</small><br></div><div class="battle-history"><small>(Best Defogger lost <abbr title="−114/343">33.2%</abbr> of its health!)</small><br></div><div class="battle-history"><small>The opposing Rapidash is damaged by the recoil!</small><br></div><div class="spacer battle-history"><br></div><div class="battle-history">The opposing Rapidash fainted!<br></div><div class="battle-history">Best Defogger used <strong>Roost</strong>!<br></div><div class="battle-history"><small>Best Defogger restored its HP.</small><br></div><div class="chat chatmessage-rivalet"><strong style="color:hsl(1,69%,49.320757446718204%)"><small>☆</small><span class="username" data-name="RivalET">RivalET</span>:</strong> <em>ye</em></div><div class="spacer battle-history"><br></div><div class="battle-history">EspurrTales sent out <strong>Politoed</strong>!<br></div><div class="battle-history"><small>Pointed stones dug into the opposing Politoed!</small><br></div><div class="spacer battle-history"><br></div><h2 class="battle-history">Turn 11</h2><div class="spacer battle-history"><br></div><div class="battle-history">The opposing Politoed used <strong>Ice Beam</strong>!<br></div><div class="battle-history"><small>It's super effective!</small><br></div><div class="battle-history"><small>(Best Defogger lost <abbr title="−148/343">43.1%</abbr> of its health!)</small><br></div><div class="spacer battle-history"><br></div><div class="battle-history">Best Defogger used <strong>Roost</strong>!<br></div><div class="battle-history"><small>Best Defogger restored its HP.</small><br></div><div class="spacer battle-history"><br></div><h2 class="battle-history">Turn 12</h2><div class="spacer battle-history"><br></div><div class="battle-history">The opposing Politoed used <strong>Ice Beam</strong>!<br></div><div class="battle-history"><small>It's super effective!</small><br></div><div class="battle-history"><small>(Best Defogger lost <abbr title="−166/343">48.4%</abbr> of its health!)</small><br></div><div class="battle-history"><small>Best Defogger was frozen solid!</small><br></div><div class="spacer battle-history"><br></div><div class="battle-history">Best Defogger is frozen solid!<br></div><div class="spacer battle-history"><br></div><h2 class="battle-history">Turn 13</h2><div class="spacer battle-history"><br></div><div class="battle-history">The opposing Politoed used <strong>Ice Beam</strong>!<br></div><div class="battle-history"><small>It's super effective!</small><br></div><div class="battle-history"><small>(Best Defogger lost <abbr title="−54/343">15.7%</abbr> of its health!)</small><br></div><div class="spacer battle-history"><br></div><div class="battle-history">Best Defogger fainted!<br></div><div class="chat chatmessage-espurrtales"><strong style="color:hsl(267,74%,54.21734417332582%)"><small>☆</small><span class="username" data-name="EspurrTales">EspurrTales</span>:</strong> <em>sorry</em></div><div class="chat chatmessage-rivalet"><strong style="color:hsl(1,69%,49.320757446718204%)"><small>☆</small><span class="username" data-name="RivalET">RivalET</span>:</strong> <em>tís fine</em></div><div class="spacer battle-history"><br></div><div class="battle-history">Go! Zebby (<strong>Zebstrika</strong>)!<br></div><div class="battle-history"><small>Pointed stones dug into Zebby!</small><br></div><div class="spacer battle-history"><br></div><h2 class="battle-history">Turn 14</h2><div class="spacer battle-history"><br></div><div class="battle-history">The opposing Politoed used <strong>Ice Beam</strong>!<br></div><div class="battle-history"><small>(Zebby lost <abbr title="−127/291">43.6%</abbr> of its health!)</small><br></div><div class="spacer battle-history"><br></div><div class="battle-history">Zebby used <strong>Thunderbolt</strong>!<br></div><div class="battle-history"><small>It's super effective!</small><br></div><div class="battle-history"><small>(The opposing Politoed lost <abbr title="−281/321">87.5%</abbr> of its health!)</small><br></div><div class="battle-history"><small>Zebby lost some of its HP!</small><br></div><div class="spacer battle-history"><br></div><div class="battle-history">The opposing Politoed fainted!<br></div><div class="chat chatmessage-espurrtales"><strong style="color:hsl(267,74%,54.21734417332582%)"><small>☆</small><span class="username" data-name="EspurrTales">EspurrTales</span>:</strong> <em>rip</em></div><div class="spacer battle-history"><br></div><div class="battle-history">EspurrTales sent out <strong>Dusknoir</strong>!<br></div><div class="battle-history"><small>Pointed stones dug into the opposing Dusknoir!</small><br></div><div class="battle-history"><small>[The opposing Dusknoir's Frisk]</small><br><small>The opposing Dusknoir frisked Zebby and found its Life Orb!</small><br></div><div class="spacer battle-history"><br></div><h2 class="battle-history">Turn 15</h2><div class="spacer battle-history"><br></div><div class="battle-history">The opposing Dusknoir used <strong>Shadow Sneak</strong>!<br></div><div class="battle-history"><small>(Zebby lost <abbr title="−5/291">1.7%</abbr> of its health!)</small><br></div><div class="spacer battle-history"><br></div><div class="battle-history">Zebby fainted!<br></div><div class="spacer battle-history"><br></div><div class="battle-history">Go! Coelacanth (<strong>Relicanth</strong>)!<br></div><div class="battle-history"><small>Pointed stones dug into Coelacanth!</small><br></div><div class="spacer battle-history"><br></div><h2 class="battle-history">Turn 16</h2><div class="chat chatmessage-rivalet"><strong style="color:hsl(1,69%,49.320757446718204%)"><small>☆</small><span class="username" data-name="RivalET">RivalET</span>:</strong> <em>IT IS TIME</em></div><div class="spacer battle-history"><br></div><div class="battle-history">Coelacanth used <strong>Head Smash</strong>!<br></div><div class="battle-history"><small>(The opposing Dusknoir lost <abbr title="−89/283">31.4%</abbr> of its health!)</small><br></div><div class="spacer battle-history"><br></div><div class="battle-history">The opposing Dusknoir fainted!<br></div><div class="chat chatmessage-espurrtales"><strong style="color:hsl(267,74%,54.21734417332582%)"><small>☆</small><span class="username" data-name="EspurrTales">EspurrTales</span>:</strong> <em>o.O</em></div><div class="spacer battle-history"><br></div><div class="battle-history">EspurrTales sent out <strong>Drifblim</strong>!<br></div><div class="battle-history"><small>Pointed stones dug into the opposing Drifblim!</small><br></div><div class="spacer battle-history"><br></div><h2 class="battle-history">Turn 17</h2><div class="spacer battle-history"><br></div><div class="battle-history">The opposing Drifblim used <strong>Substitute</strong>!<br></div><div class="battle-history"><small>The opposing Drifblim put in a substitute!</small><br></div><div class="battle-history"><small>(The opposing Drifblim lost <abbr title="−111/444">25%</abbr> of its health!)</small><br></div><div class="spacer battle-history"><br></div><div class="battle-history">Coelacanth used <strong>Head Smash</strong>!<br></div><div class="battle-history"><small>The opposing Drifblim avoided the attack!</small><br></div><div class="spacer battle-history"><br></div><h2 class="battle-history">Turn 18</h2><div class="spacer battle-history"><br></div><div class="battle-history">The opposing Drifblim used <strong>Knock Off</strong>!<br></div><div class="battle-history"><small>(Coelacanth lost <abbr title="−68/341">19.9%</abbr> of its health!)</small><br></div><div class="battle-history"><small>The opposing Drifblim knocked off Coelacanth's Choice Band!</small><br></div><div class="spacer battle-history"><br></div><div class="battle-history">Coelacanth used <strong>Head Smash</strong>!<br></div><div class="battle-history"><small>It's super effective!</small><br></div><div class="battle-history"><small>The opposing Drifblim's substitute faded!</small><br></div><div class="spacer battle-history"><br></div><h2 class="battle-history">Turn 19</h2><div class="spacer battle-history"><br></div><div class="battle-history">The opposing Drifblim used <strong>Substitute</strong>!<br></div><div class="battle-history"><small>The opposing Drifblim put in a substitute!</small><br></div><div class="battle-history"><small>(The opposing Drifblim lost <abbr title="−111/444">25%</abbr> of its health!)</small><br></div><div class="battle-history"><small>The opposing Drifblim ate its Liechi Berry!</small><br></div><div class="battle-history"><small>The opposing Drifblim's Attack rose!</small><br></div><div class="spacer battle-history"><br></div><div class="battle-history">Coelacanth used <strong>Head Smash</strong>!<br></div><div class="battle-history"><small>It's super effective!</small><br></div><div class="battle-history"><small>The opposing Drifblim's substitute faded!</small><br></div><div class="spacer battle-history"><br></div><h2 class="battle-history">Turn 20</h2><div class="spacer battle-history"><br></div><div class="battle-history">The opposing Drifblim used <strong>Sucker Punch</strong>!<br></div><div class="battle-history"><small>(Coelacanth lost <abbr title="−91/341">26.7%</abbr> of its health!)</small><br></div><div class="spacer battle-history"><br></div><div class="battle-history">Coelacanth used <strong>Waterfall</strong>!<br></div><div class="battle-history"><small>(The opposing Drifblim lost <abbr title="−111/444">25%</abbr> of its health!)</small><br></div><div class="spacer battle-history"><br></div><div class="battle-history">The opposing Drifblim fainted!<br></div><div class="spacer battle-history"><br></div><div class="battle-history">EspurrTales sent out <strong>Stoutland</strong>!<br></div><div class="battle-history"><small>Pointed stones dug into the opposing Stoutland!</small><br></div><div class="spacer battle-history"><br></div><h2 class="battle-history">Turn 21</h2><div class="chat chatmessage-espurrtales"><strong style="color:hsl(267,74%,54.21734417332582%)"><small>☆</small><span class="username" data-name="EspurrTales">EspurrTales</span>:</strong> <em>ew i can't lock myself into</em></div><div class="chat chatmessage-espurrtales"><strong style="color:hsl(267,74%,54.21734417332582%)"><small>☆</small><span class="username" data-name="EspurrTales">EspurrTales</span>:</strong> <em>omg</em></div><div class="chat chatmessage-espurrtales"><strong style="color:hsl(267,74%,54.21734417332582%)"><small>☆</small><span class="username" data-name="EspurrTales">EspurrTales</span>:</strong> <em>gg</em></div><div class="spacer battle-history"><br></div><div class="battle-history">The opposing Stoutland used <strong>Frustration</strong>!<br></div><div class="battle-history"><small>It's not very effective...</small><br></div><div class="battle-history"><small>(Coelacanth lost <abbr title="−104/341">30.5%</abbr> of its health!)</small><br></div><div class="spacer battle-history"><br></div><div class="battle-history">Coelacanth used <strong>Head Smash</strong>!<br></div><div class="battle-history"><small>(The opposing Stoutland lost <abbr title="−250/311">80.4%</abbr> of its health!)</small><br></div><div class="spacer battle-history"><br></div><h2 class="battle-history">Turn 22</h2><div class="chat chatmessage-rivalet"><strong style="color:hsl(1,69%,49.320757446718204%)"><small>☆</small><span class="username" data-name="RivalET">RivalET</span>:</strong> <em>ggs</em></div><div class="spacer battle-history"><br></div><div class="battle-history">The opposing Stoutland used <strong>Frustration</strong>!<br></div><div class="battle-history"><small>It's not very effective...</small><br></div><div class="battle-history"><small>(Coelacanth lost <abbr title="−36/341">10.6%</abbr> of its health!)</small><br></div><div class="spacer battle-history"><br></div><div class="battle-history">Coelacanth fainted!<br></div><div class="spacer battle-history"><br></div><div class="battle-history">Go! Boii (<strong>Mr. Mime</strong>)!<br></div><div class="battle-history"><small>Pointed stones dug into Boii!</small><br></div><div class="spacer battle-history"><br></div><h2 class="battle-history">Turn 23</h2><div class="spacer battle-history"><br></div><div class="battle-history">Boii used <strong>Psychic</strong>!<br></div><div class="battle-history"><small>(The opposing Stoutland lost <abbr title="−23/311">7.4%</abbr> of its health!)</small><br></div><div class="spacer battle-history"><br></div><div class="battle-history">The opposing Stoutland fainted!<br></div><div class="spacer battle-history"><br></div><div class="battle-history"><strong>RivalET</strong> won the battle!<br></div><div class="chat">RivalET's rating: 1440 → <strong>1452</strong><br>(+12 for winning)</div><div class="chat">EspurrTales's rating: 1298 → <strong>1283</strong><br>(-15 for losing)</div><div class="chat"><small>EspurrTales left.</small></div></div><div class="inner-preempt"></div></div></div>
</div>
<script>
let daily = Math.floor(Date.now()/1000/60/60/24);document.write('<script src="https://play.pokemonshowdown.com/js/replay-embed.js?version'+daily+'"></'+'script>');
</script>
