<!DOCTYPE html>
<meta charset="utf-8" />
<!-- version 1 -->
<title>PU replay: Jaamez vs. willskylimit</title>
<style>
html,body {font-family:Verdana, sans-serif;font-size:10pt;margin:0;padding:0;}body{padding:12px 0;} .battle-log {font-family:Verdana, sans-serif;font-size:10pt;} .battle-log-inline {border:1px solid #AAAAAA;background:#EEF2F5;color:black;max-width:640px;margin:0 auto 80px;padding-bottom:5px;} .battle-log .inner {padding:4px 8px 0px 8px;} .battle-log .inner-preempt {padding:0 8px 4px 8px;} .battle-log .inner-after {margin-top:0.5em;} .battle-log h2 {margin:0.5em -8px;padding:4px 8px;border:1px solid #AAAAAA;background:#E0E7EA;border-left:0;border-right:0;font-family:Verdana, sans-serif;font-size:13pt;} .battle-log .chat {vertical-align:middle;padding:3px 0 3px 0;font-size:8pt;} .battle-log .chat strong {color:#40576A;} .battle-log .chat em {padding:1px 4px 1px 3px;color:#000000;font-style:normal;} .chat.mine {background:rgba(0,0,0,0.05);margin-left:-8px;margin-right:-8px;padding-left:8px;padding-right:8px;} .spoiler {color:#BBBBBB;background:#BBBBBB;padding:0px 3px;} .spoiler:hover, .spoiler:active, .spoiler-shown {color:#000000;background:#E2E2E2;padding:0px 3px;} .spoiler a {color:#BBBBBB;} .spoiler:hover a, .spoiler:active a, .spoiler-shown a {color:#2288CC;} .chat code, .chat .spoiler:hover code, .chat .spoiler:active code, .chat .spoiler-shown code {border:1px solid #C0C0C0;background:#EEEEEE;color:black;padding:0 2px;} .chat .spoiler code {border:1px solid #CCCCCC;background:#CCCCCC;color:#CCCCCC;} .battle-log .rated {padding:3px 4px;} .battle-log .rated strong {color:white;background:#89A;padding:1px 4px;border-radius:4px;} .spacer {margin-top:0.5em;} .message-announce {background:#6688AA;color:white;padding:1px 4px 2px;} .message-announce a, .broadcast-green a, .broadcast-blue a, .broadcast-red a {color:#DDEEFF;} .broadcast-green {background-color:#559955;color:white;padding:2px 4px;} .broadcast-blue {background-color:#6688AA;color:white;padding:2px 4px;} .infobox {border:1px solid #6688AA;padding:2px 4px;} .infobox-limited {max-height:200px;overflow:auto;overflow-x:hidden;} .broadcast-red {background-color:#AA5544;color:white;padding:2px 4px;} .message-learn-canlearn {font-weight:bold;color:#228822;text-decoration:underline;} .message-learn-cannotlearn {font-weight:bold;color:#CC2222;text-decoration:underline;} .message-effect-weak {font-weight:bold;color:#CC2222;} .message-effect-resist {font-weight:bold;color:#6688AA;} .message-effect-immune {font-weight:bold;color:#666666;} .message-learn-list {margin-top:0;margin-bottom:0;} .message-throttle-notice, .message-error {color:#992222;} .message-overflow, .chat small.message-overflow {font-size:0pt;} .message-overflow::before {font-size:9pt;content:'...';} .subtle {color:#3A4A66;}
</style>
<div class="wrapper replay-wrapper" style="max-width:1180px;margin:0 auto">
<input type="hidden" name="replayid" value="pu-573622641" />
<div class="battle"></div><div class="battle-log"></div><div class="replay-controls"></div><div class="replay-controls-2"></div>
<h1 style="font-weight:normal;text-align:center"><strong>PU</strong><br /><a href="http://pokemonshowdown.com/users/jaamez" class="subtle" target="_blank">Jaamez</a> vs. <a href="http://pokemonshowdown.com/users/willskylimit" class="subtle" target="_blank">willskylimit</a></h1>
<script type="text/plain" class="battle-log-data">|j|Jaamez
|j|willskylimit
|player|p1|Jaamez|169
|player|p2|willskylimit|25
|gametype|singles
|gen|6
|tier|PU
|seed|1181,11891,61940,37383
|rule|Sleep Clause Mod: Limit one foe put to sleep
|rule|Species Clause: Limit one of each Pokémon
|rule|OHKO Clause: OHKO moves are banned
|rule|Moody Clause: Moody is banned
|rule|Evasion Moves Clause: Evasion moves are banned
|rule|Endless Battle Clause: Forcing endless battles is banned
|rule|HP Percentage Mod: HP is shown in percentages
|clearpoke
|poke|p1|Wobbuffet, F, shiny|item
|poke|p1|Gabite, M|item
|poke|p1|Trevenant, M, shiny|item
|poke|p1|Ditto|item
|poke|p1|Camerupt, M|item
|poke|p1|Ursaring, F|item
|poke|p2|Ursaring, M|item
|poke|p2|Politoed, F|item
|poke|p2|Drifblim, F|item
|poke|p2|Luxray, M|item
|poke|p2|Regice|item
|poke|p2|Camerupt, F|item
|rule|Swagger Clause: Swagger is banned
|rule|Baton Pass Clause: Limit one Baton Passer, can't pass Spe and other stats simultaneously
|teampreview
|inactive|Battle timer is ON: inactive players will automatically lose when time's up. (requested by willskylimit)
|choice|team 5, team 2, team 3, team 4, team 1, team 6|team 6, team 2, team 3, team 4, team 5, team 1
|
|start
|switch|p1a: Camerupt|Camerupt, M|344\/344
|switch|p2a: Camerupt|Camerupt, F|344\/344
|turn|1
|choice|move earthquake|move stealthrock
|
|move|p2a: Camerupt|Stealth Rock|p1a: Camerupt
|-sidestart|p1: Jaamez|move: Stealth Rock
|move|p1a: Camerupt|Earthquake|p2a: Camerupt
|-supereffective|p2a: Camerupt
|-damage|p2a: Camerupt|7\/344
|
|-heal|p2a: Camerupt|28\/344|[from] item: Leftovers
|upkeep
|turn|2
|choice|move earthquake|move earthpower
|
|move|p2a: Camerupt|Earth Power|p1a: Camerupt
|-supereffective|p1a: Camerupt
|-crit|p1a: Camerupt
|-damage|p1a: Camerupt|0 fnt
|faint|p1a: Camerupt
|
|-heal|p2a: Camerupt|49\/344|[from] item: Leftovers
|upkeep
|choice|switch 2|
|
|switch|p1a: Gabite|Gabite, M|277\/277
|-damage|p1a: Gabite|260\/277|[from] Stealth Rock
|turn|3
|choice|move earthquake|move earthpower
|
|move|p1a: Gabite|Earthquake|p2a: Camerupt
|-supereffective|p2a: Camerupt
|-damage|p2a: Camerupt|0 fnt
|faint|p2a: Camerupt
|
|upkeep
|choice||switch 5
|
|switch|p2a: Regice|Regice|301\/301
|turn|4
|choice|switch 4|move icebeam
|
|switch|p1a: Ditto|Ditto|300\/300
|-damage|p1a: Ditto|263\/300|[from] Stealth Rock
|-transform|p1a: Ditto|p2a: Regice|[from] ability: Imposter
|move|p2a: Regice|Ice Beam|p1a: Ditto
|-resisted|p1a: Ditto
|-damage|p1a: Ditto|216\/300
|-damage|p2a: Regice|271\/301|[from] item: Life Orb
|
|upkeep
|turn|5
|choice|move focusblast|move focusblast
|
|move|p1a: Ditto|Focus Blast|p2a: Regice|[miss]
|-miss|p1a: Ditto|p2a: Regice
|move|p2a: Regice|Focus Blast|p1a: Ditto
|-supereffective|p1a: Ditto
|-damage|p1a: Ditto|68\/300
|-damage|p2a: Regice|241\/301|[from] item: Life Orb
|
|upkeep
|turn|6
|choice|move focusblast|move focusblast
|
|move|p1a: Ditto|Focus Blast|p2a: Regice|[miss]
|-miss|p1a: Ditto|p2a: Regice
|move|p2a: Regice|Focus Blast|p1a: Ditto
|-supereffective|p1a: Ditto
|-damage|p1a: Ditto|0 fnt
|-damage|p2a: Regice|211\/301|[from] item: Life Orb
|faint|p1a: Ditto
|
|upkeep
|choice|switch 6|
|
|switch|p1a: Ursaring|Ursaring, F|383\/383
|-damage|p1a: Ursaring|336\/383|[from] Stealth Rock
|turn|7
|choice|move closecombat|switch 3
|
|switch|p2a: Drifblim|Drifblim, F|442\/442
|move|p1a: Ursaring|Close Combat|p2a: Drifblim
|-immune|p2a: Drifblim|[msg]
|
|-status|p2a: Drifblim|brn|[from] item: Flame Orb
|-status|p1a: Ursaring|tox|[from] item: Toxic Orb
|upkeep
|turn|8
|choice|move crunch|move destinybond
|
|move|p2a: Drifblim|Destiny Bond|p2a: Drifblim
|-singlemove|p2a: Drifblim|Destiny Bond
|move|p1a: Ursaring|Crunch|p2a: Drifblim
|-supereffective|p2a: Drifblim
|-damage|p2a: Drifblim|30\/442 brn
|-unboost|p2a: Drifblim|def|1
|
|-damage|p2a: Drifblim|0 fnt|[from] brn
|-damage|p1a: Ursaring|313\/383 tox|[from] psn
|upkeep
|faint|p2a: Drifblim
|choice||switch 6
|
|switch|p2a: Ursaring|Ursaring, M|384\/384
|turn|9
|choice|move closecombat|move closecombat
|
|move|p1a: Ursaring|Close Combat|p2a: Ursaring
|-supereffective|p2a: Ursaring
|-damage|p2a: Ursaring|22\/384
|-unboost|p1a: Ursaring|def|1
|-unboost|p1a: Ursaring|spd|1
|move|p2a: Ursaring|Close Combat|p1a: Ursaring
|-supereffective|p1a: Ursaring
|-damage|p1a: Ursaring|0 fnt
|-unboost|p2a: Ursaring|def|1
|-unboost|p2a: Ursaring|spd|1
|faint|p1a: Ursaring
|
|-status|p2a: Ursaring|tox|[from] item: Toxic Orb
|upkeep
|choice|switch 3|
|
|switch|p1a: Trevenant|Trevenant, M, shiny|374\/374
|-damage|p1a: Trevenant|328\/374|[from] Stealth Rock
|turn|10
|choice|move hornleech|move crunch
|
|move|p2a: Ursaring|Crunch|p1a: Trevenant
|-supereffective|p1a: Trevenant
|-damage|p1a: Trevenant|80\/374
|-enditem|p1a: Trevenant|Sitrus Berry|[eat]
|-heal|p1a: Trevenant|173\/374|[from] item: Sitrus Berry
|move|p1a: Trevenant|Horn Leech|p2a: Ursaring
|-damage|p2a: Ursaring|0 fnt
|-heal|p1a: Trevenant|184\/374|[from] drain|[of] p2a: Ursaring
|faint|p2a: Ursaring
|
|upkeep
|choice||switch 3
|
|switch|p2a: Regice|Regice|211\/301
|turn|11
|choice|switch 4|move icebeam
|
|switch|p1a: Gabite|Gabite, M|260\/277
|-damage|p1a: Gabite|243\/277|[from] Stealth Rock
|move|p2a: Regice|Ice Beam|p1a: Gabite
|-supereffective|p1a: Gabite
|-damage|p1a: Gabite|0 fnt
|-damage|p2a: Regice|181\/301|[from] item: Life Orb
|faint|p1a: Gabite
|
|upkeep
|choice|switch 5|
|
|switch|p1a: Wobbuffet|Wobbuffet, F, shiny|583\/583
|-damage|p1a: Wobbuffet|511\/583|[from] Stealth Rock
|turn|12
|choice|move mirrorcoat|switch 4
|
|switch|p2a: Luxray|Luxray, M|302\/302
|-ability|p2a: Luxray|Intimidate|boost
|-unboost|p1a: Wobbuffet|atk|1
|move|p1a: Wobbuffet|Mirror Coat|p2a: Luxray
|-fail|p2a: Luxray
|
|upkeep
|turn|13
|choice|move mirrorcoat|move crunch
|
|move|p2a: Luxray|Crunch|p1a: Wobbuffet
|-supereffective|p1a: Wobbuffet
|-damage|p1a: Wobbuffet|211\/583
|-enditem|p1a: Wobbuffet|Sitrus Berry|[eat]
|-heal|p1a: Wobbuffet|356\/583|[from] item: Sitrus Berry
|move|p1a: Wobbuffet|Mirror Coat|p2a: Luxray
|-fail|p2a: Luxray
|
|upkeep
|turn|14
|choice|move counter|move crunch
|
|move|p2a: Luxray|Crunch|p1a: Wobbuffet
|-supereffective|p1a: Wobbuffet
|-damage|p1a: Wobbuffet|46\/583
|move|p1a: Wobbuffet|Counter|p2a: Luxray
|-damage|p2a: Luxray|0 fnt
|faint|p2a: Luxray
|
|upkeep
|choice||switch 2
|
|switch|p2a: Politoed|Politoed, F|384\/384
|turn|15
|choice|move destinybond|move icebeam
|
|move|p2a: Politoed|Ice Beam|p1a: Wobbuffet
|-damage|p1a: Wobbuffet|0 fnt
|faint|p1a: Wobbuffet
|
|upkeep
|choice|switch 4|
|
|switch|p1a: Trevenant|Trevenant, M, shiny|184\/374
|-damage|p1a: Trevenant|138\/374|[from] Stealth Rock
|turn|16
|choice|move hornleech|move icebeam
|
|move|p2a: Politoed|Ice Beam|p1a: Trevenant
|-supereffective|p1a: Trevenant
|-damage|p1a: Trevenant|20\/374
|move|p1a: Trevenant|Horn Leech|p2a: Politoed
|-supereffective|p2a: Politoed
|-damage|p2a: Politoed|142\/384
|-heal|p1a: Trevenant|141\/374|[from] drain|[of] p2a: Politoed
|
|-heal|p2a: Politoed|166\/384|[from] item: Leftovers
|upkeep
|turn|17
|choice|move hornleech|move icebeam
|
|move|p2a: Politoed|Ice Beam|p1a: Trevenant
|-supereffective|p1a: Trevenant
|-damage|p1a: Trevenant|21\/374
|move|p1a: Trevenant|Horn Leech|p2a: Politoed
|-supereffective|p2a: Politoed
|-damage|p2a: Politoed|0 fnt
|-heal|p1a: Trevenant|104\/374|[from] drain|[of] p2a: Politoed
|faint|p2a: Politoed
|
|upkeep
|choice||switch 4
|
|switch|p2a: Regice|Regice|181\/301
|turn|18
|choice|move shadowclaw|move icebeam
|
|move|p2a: Regice|Ice Beam|p1a: Trevenant
|-supereffective|p1a: Trevenant
|-damage|p1a: Trevenant|0 fnt
|-damage|p2a: Regice|151\/301|[from] item: Life Orb
|faint|p1a: Trevenant
|
|win|willskylimit
|c|☆willskylimit|gg
|l|Jaamez</script>
</div>
<div class="battle-log battle-log-inline"><div class="inner"><div class="battle-options"></div><div class="inner"><div class="chat"><small>Jaamez joined.</small></div><div class="chat"><small>willskylimit joined.</small></div><div class=""><small>Format:</small> <br><strong>PU</strong></div><div class=""><small><em>Sleep Clause Mod:</em> Limit one foe put to sleep</small></div><div class=""><small><em>Species Clause:</em> Limit one of each Pokémon</small></div><div class=""><small><em>OHKO Clause:</em> OHKO moves are banned</small></div><div class=""><small><em>Moody Clause:</em> Moody is banned</small></div><div class=""><small><em>Evasion Moves Clause:</em> Evasion moves are banned</small></div><div class=""><small><em>Endless Battle Clause:</em> Forcing endless battles is banned</small></div><div class=""><small><em>HP Percentage Mod:</em> HP is shown in percentages</small></div><div class=""><small><em>Swagger Clause:</em> Swagger is banned</small></div><div class=""><small><em>Baton Pass Clause:</em> Limit one Baton Passer, can't pass Spe and other stats simultaneously</small></div><div class="chat battle-history"><strong>Jaamez's team:</strong> <em style="color:#445566;display:block;">Wobbuffet / Gabite / Trevenant / Ditto / Camerupt / Ursaring</em></div><div class="chat battle-history"><strong>willskylimit's team:</strong> <em style="color:#445566;display:block;">Ursaring / Politoed / Drifblim / Luxray / Regice / Camerupt</em></div><div class="chat message-error">Battle timer is ON: inactive players will automatically lose when time's up. (requested by willskylimit)</div><div class="spacer battle-history"><br></div><div class="battle-history">Battle started between Jaamez and willskylimit!<br></div><div class="spacer battle-history"><br></div><div class="battle-history">Go! <strong>Camerupt</strong>!<br></div><div class="spacer battle-history"><br></div><div class="battle-history">willskylimit sent out <strong>Camerupt</strong>!<br></div><div class="spacer battle-history"><br></div><h2 class="battle-history">Turn 1</h2><div class="spacer battle-history"><br></div><div class="battle-history">The opposing Camerupt used <strong>Stealth Rock</strong>!<br></div><div class="battle-history"><small>Pointed stones float in the air around your team!</small><br></div><div class="spacer battle-history"><br></div><div class="battle-history">Camerupt used <strong>Earthquake</strong>!<br></div><div class="battle-history"><small>It's super effective!</small><br></div><div class="battle-history"><small>(The opposing Camerupt lost <abbr title="−337/344">98.0%</abbr> of its health!)</small><br></div><div class="spacer battle-history"><br></div><div class="battle-history"><small>The opposing Camerupt restored a little HP using its Leftovers!</small><br></div><div class="spacer battle-history"><br></div><h2 class="battle-history">Turn 2</h2><div class="spacer battle-history"><br></div><div class="battle-history">The opposing Camerupt used <strong>Earth Power</strong>!<br></div><div class="battle-history"><small>It's super effective!</small><br></div><div class="battle-history"><small>A critical hit!</small><br></div><div class="battle-history"><small>(Camerupt lost <abbr title="−344/344">100%</abbr> of its health!)</small><br></div><div class="spacer battle-history"><br></div><div class="battle-history">Camerupt fainted!<br></div><div class="spacer battle-history"><br></div><div class="battle-history"><small>The opposing Camerupt restored a little HP using its Leftovers!</small><br></div><div class="spacer battle-history"><br></div><div class="battle-history">Go! <strong>Gabite</strong>!<br></div><div class="battle-history"><small>Pointed stones dug into Gabite!</small><br></div><div class="spacer battle-history"><br></div><h2 class="battle-history">Turn 3</h2><div class="spacer battle-history"><br></div><div class="battle-history">Gabite used <strong>Earthquake</strong>!<br></div><div class="battle-history"><small>It's super effective!</small><br></div><div class="battle-history"><small>(The opposing Camerupt lost <abbr title="−49/344">14.2%</abbr> of its health!)</small><br></div><div class="spacer battle-history"><br></div><div class="battle-history">The opposing Camerupt fainted!<br></div><div class="spacer battle-history"><br></div><div class="battle-history">willskylimit sent out <strong>Regice</strong>!<br></div><div class="spacer battle-history"><br></div><h2 class="battle-history">Turn 4</h2><div class="spacer battle-history"><br></div><div class="battle-history">Gabite, come back!<br></div><div class="battle-history">Go! <strong>Ditto</strong>!<br></div><div class="battle-history"><small>Pointed stones dug into Ditto!</small><br></div><div class="battle-history"><small>[Ditto's Imposter]</small><br>Ditto transformed into Regice!<br></div><div class="spacer battle-history"><br></div><div class="battle-history">The opposing Regice used <strong>Ice Beam</strong>!<br></div><div class="battle-history"><small>It's not very effective...</small><br></div><div class="battle-history"><small>(Ditto lost <abbr title="−47/300">15.7%</abbr> of its health!)</small><br></div><div class="battle-history"><small>The opposing Regice lost some of its HP!</small><br></div><div class="spacer battle-history"><br></div><h2 class="battle-history">Turn 5</h2><div class="spacer battle-history"><br></div><div class="battle-history">Ditto used <strong>Focus Blast</strong>!<br></div><div class="battle-history"><small>The opposing Regice avoided the attack!</small><br></div><div class="spacer battle-history"><br></div><div class="battle-history">The opposing Regice used <strong>Focus Blast</strong>!<br></div><div class="battle-history"><small>It's super effective!</small><br></div><div class="battle-history"><small>(Ditto lost <abbr title="−148/300">49.3%</abbr> of its health!)</small><br></div><div class="battle-history"><small>The opposing Regice lost some of its HP!</small><br></div><div class="spacer battle-history"><br></div><h2 class="battle-history">Turn 6</h2><div class="spacer battle-history"><br></div><div class="battle-history">Ditto used <strong>Focus Blast</strong>!<br></div><div class="battle-history"><small>The opposing Regice avoided the attack!</small><br></div><div class="spacer battle-history"><br></div><div class="battle-history">The opposing Regice used <strong>Focus Blast</strong>!<br></div><div class="battle-history"><small>It's super effective!</small><br></div><div class="battle-history"><small>(Ditto lost <abbr title="−68/300">22.7%</abbr> of its health!)</small><br></div><div class="battle-history"><small>The opposing Regice lost some of its HP!</small><br></div><div class="spacer battle-history"><br></div><div class="battle-history">Ditto fainted!<br></div><div class="spacer battle-history"><br></div><div class="battle-history">Go! <strong>Ursaring</strong>!<br></div><div class="battle-history"><small>Pointed stones dug into Ursaring!</small><br></div><div class="spacer battle-history"><br></div><h2 class="battle-history">Turn 7</h2><div class="spacer battle-history"><br></div><div class="battle-history">willskylimit withdrew Regice!<br></div><div class="battle-history">willskylimit sent out <strong>Drifblim</strong>!<br></div><div class="spacer battle-history"><br></div><div class="battle-history">Ursaring used <strong>Close Combat</strong>!<br></div><div class="battle-history"><small>It doesn't affect the opposing Drifblim...</small><br></div><div class="spacer battle-history"><br></div><div class="battle-history"><small>The opposing Drifblim was burned!</small><br></div><div class="battle-history"><small>Ursaring was badly poisoned!</small><br></div><div class="spacer battle-history"><br></div><h2 class="battle-history">Turn 8</h2><div class="spacer battle-history"><br></div><div class="battle-history">The opposing Drifblim used <strong>Destiny Bond</strong>!<br></div><div class="battle-history">The opposing Drifblim is hoping to take its attacker down with it!<br></div><div class="spacer battle-history"><br></div><div class="battle-history">Ursaring used <strong>Crunch</strong>!<br></div><div class="battle-history"><small>It's super effective!</small><br></div><div class="battle-history"><small>(The opposing Drifblim lost <abbr title="−412/442">93.2%</abbr> of its health!)</small><br></div><div class="battle-history"><small>The opposing Drifblim's Defense fell!</small><br></div><div class="spacer battle-history"><br></div><div class="battle-history"><small>The opposing Drifblim was hurt by its burn!</small><br></div><div class="battle-history"><small>Ursaring was hurt by poison!</small><br></div><div class="spacer battle-history"><br></div><div class="battle-history">The opposing Drifblim fainted!<br></div><div class="spacer battle-history"><br></div><div class="battle-history">willskylimit sent out <strong>Ursaring</strong>!<br></div><div class="spacer battle-history"><br></div><h2 class="battle-history">Turn 9</h2><div class="spacer battle-history"><br></div><div class="battle-history">Ursaring used <strong>Close Combat</strong>!<br></div><div class="battle-history"><small>It's super effective!</small><br></div><div class="battle-history"><small>(The opposing Ursaring lost <abbr title="−362/384">94.3%</abbr> of its health!)</small><br></div><div class="battle-history"><small>Ursaring's Defense fell!</small><br></div><div class="battle-history"><small>Ursaring's Special Defense fell!</small><br></div><div class="spacer battle-history"><br></div><div class="battle-history">The opposing Ursaring used <strong>Close Combat</strong>!<br></div><div class="battle-history"><small>It's super effective!</small><br></div><div class="battle-history"><small>(Ursaring lost <abbr title="−313/383">81.7%</abbr> of its health!)</small><br></div><div class="battle-history"><small>The opposing Ursaring's Defense fell!</small><br></div><div class="battle-history"><small>The opposing Ursaring's Special Defense fell!</small><br></div><div class="spacer battle-history"><br></div><div class="battle-history">Ursaring fainted!<br></div><div class="spacer battle-history"><br></div><div class="battle-history"><small>The opposing Ursaring was badly poisoned!</small><br></div><div class="spacer battle-history"><br></div><div class="battle-history">Go! <strong>Trevenant</strong>!<br></div><div class="battle-history"><small>Pointed stones dug into Trevenant!</small><br></div><div class="spacer battle-history"><br></div><h2 class="battle-history">Turn 10</h2><div class="spacer battle-history"><br></div><div class="battle-history">The opposing Ursaring used <strong>Crunch</strong>!<br></div><div class="battle-history"><small>It's super effective!</small><br></div><div class="battle-history"><small>(Trevenant lost <abbr title="−248/374">66.3%</abbr> of its health!)</small><br></div><div class="battle-history"><small>Trevenant ate its Sitrus Berry!</small><br></div><div class="battle-history"><small>Trevenant restored HP using its Sitrus Berry!</small><br></div><div class="spacer battle-history"><br></div><div class="battle-history">Trevenant used <strong>Horn Leech</strong>!<br></div><div class="battle-history"><small>(The opposing Ursaring lost <abbr title="−22/384">5.7%</abbr> of its health!)</small><br></div><div class="battle-history"><small>The opposing Ursaring had its energy drained!</small><br></div><div class="spacer battle-history"><br></div><div class="battle-history">The opposing Ursaring fainted!<br></div><div class="spacer battle-history"><br></div><div class="battle-history">willskylimit sent out <strong>Regice</strong>!<br></div><div class="spacer battle-history"><br></div><h2 class="battle-history">Turn 11</h2><div class="spacer battle-history"><br></div><div class="battle-history">Trevenant, come back!<br></div><div class="battle-history">Go! <strong>Gabite</strong>!<br></div><div class="battle-history"><small>Pointed stones dug into Gabite!</small><br></div><div class="spacer battle-history"><br></div><div class="battle-history">The opposing Regice used <strong>Ice Beam</strong>!<br></div><div class="battle-history"><small>It's super effective!</small><br></div><div class="battle-history"><small>(Gabite lost <abbr title="−243/277">87.7%</abbr> of its health!)</small><br></div><div class="battle-history"><small>The opposing Regice lost some of its HP!</small><br></div><div class="spacer battle-history"><br></div><div class="battle-history">Gabite fainted!<br></div><div class="spacer battle-history"><br></div><div class="battle-history">Go! <strong>Wobbuffet</strong>!<br></div><div class="battle-history"><small>Pointed stones dug into Wobbuffet!</small><br></div><div class="spacer battle-history"><br></div><h2 class="battle-history">Turn 12</h2><div class="spacer battle-history"><br></div><div class="battle-history">willskylimit withdrew Regice!<br></div><div class="battle-history">willskylimit sent out <strong>Luxray</strong>!<br></div><div class="battle-history"><small>[The opposing Luxray's Intimidate]</small><br></div><div class="battle-history"><small>Wobbuffet's Attack fell!</small><br></div><div class="spacer battle-history"><br></div><div class="battle-history">Wobbuffet used <strong>Mirror Coat</strong>!<br></div><div class="battle-history"><small>But it failed!</small><br></div><div class="spacer battle-history"><br></div><h2 class="battle-history">Turn 13</h2><div class="spacer battle-history"><br></div><div class="battle-history">The opposing Luxray used <strong>Crunch</strong>!<br></div><div class="battle-history"><small>It's super effective!</small><br></div><div class="battle-history"><small>(Wobbuffet lost <abbr title="−300/583">51.5%</abbr> of its health!)</small><br></div><div class="battle-history"><small>Wobbuffet ate its Sitrus Berry!</small><br></div><div class="battle-history"><small>Wobbuffet restored HP using its Sitrus Berry!</small><br></div><div class="spacer battle-history"><br></div><div class="battle-history">Wobbuffet used <strong>Mirror Coat</strong>!<br></div><div class="battle-history"><small>But it failed!</small><br></div><div class="spacer battle-history"><br></div><h2 class="battle-history">Turn 14</h2><div class="spacer battle-history"><br></div><div class="battle-history">The opposing Luxray used <strong>Crunch</strong>!<br></div><div class="battle-history"><small>It's super effective!</small><br></div><div class="battle-history"><small>(Wobbuffet lost <abbr title="−310/583">53.2%</abbr> of its health!)</small><br></div><div class="spacer battle-history"><br></div><div class="battle-history">Wobbuffet used <strong>Counter</strong>!<br></div><div class="battle-history"><small>(The opposing Luxray lost <abbr title="−302/302">100%</abbr> of its health!)</small><br></div><div class="spacer battle-history"><br></div><div class="battle-history">The opposing Luxray fainted!<br></div><div class="spacer battle-history"><br></div><div class="battle-history">willskylimit sent out <strong>Politoed</strong>!<br></div><div class="spacer battle-history"><br></div><h2 class="battle-history">Turn 15</h2><div class="spacer battle-history"><br></div><div class="battle-history">The opposing Politoed used <strong>Ice Beam</strong>!<br></div><div class="battle-history"><small>(Wobbuffet lost <abbr title="−46/583">7.9%</abbr> of its health!)</small><br></div><div class="spacer battle-history"><br></div><div class="battle-history">Wobbuffet fainted!<br></div><div class="spacer battle-history"><br></div><div class="battle-history">Go! <strong>Trevenant</strong>!<br></div><div class="battle-history"><small>Pointed stones dug into Trevenant!</small><br></div><div class="spacer battle-history"><br></div><h2 class="battle-history">Turn 16</h2><div class="spacer battle-history"><br></div><div class="battle-history">The opposing Politoed used <strong>Ice Beam</strong>!<br></div><div class="battle-history"><small>It's super effective!</small><br></div><div class="battle-history"><small>(Trevenant lost <abbr title="−118/374">31.6%</abbr> of its health!)</small><br></div><div class="spacer battle-history"><br></div><div class="battle-history">Trevenant used <strong>Horn Leech</strong>!<br></div><div class="battle-history"><small>It's super effective!</small><br></div><div class="battle-history"><small>(The opposing Politoed lost <abbr title="−242/384">63.0%</abbr> of its health!)</small><br></div><div class="battle-history"><small>The opposing Politoed had its energy drained!</small><br></div><div class="spacer battle-history"><br></div><div class="battle-history"><small>The opposing Politoed restored a little HP using its Leftovers!</small><br></div><div class="spacer battle-history"><br></div><h2 class="battle-history">Turn 17</h2><div class="spacer battle-history"><br></div><div class="battle-history">The opposing Politoed used <strong>Ice Beam</strong>!<br></div><div class="battle-history"><small>It's super effective!</small><br></div><div class="battle-history"><small>(Trevenant lost <abbr title="−120/374">32.1%</abbr> of its health!)</small><br></div><div class="spacer battle-history"><br></div><div class="battle-history">Trevenant used <strong>Horn Leech</strong>!<br></div><div class="battle-history"><small>It's super effective!</small><br></div><div class="battle-history"><small>(The opposing Politoed lost <abbr title="−166/384">43.2%</abbr> of its health!)</small><br></div><div class="battle-history"><small>The opposing Politoed had its energy drained!</small><br></div><div class="spacer battle-history"><br></div><div class="battle-history">The opposing Politoed fainted!<br></div><div class="spacer battle-history"><br></div><div class="battle-history">willskylimit sent out <strong>Regice</strong>!<br></div><div class="spacer battle-history"><br></div><h2 class="battle-history">Turn 18</h2><div class="spacer battle-history"><br></div><div class="battle-history">The opposing Regice used <strong>Ice Beam</strong>!<br></div><div class="battle-history"><small>It's super effective!</small><br></div><div class="battle-history"><small>(Trevenant lost <abbr title="−104/374">27.8%</abbr> of its health!)</small><br></div><div class="battle-history"><small>The opposing Regice lost some of its HP!</small><br></div><div class="spacer battle-history"><br></div><div class="battle-history">Trevenant fainted!<br></div><div class="spacer battle-history"><br></div><div class="battle-history"><strong>willskylimit</strong> won the battle!<br></div><div class="chat chatmessage-willskylimit"><strong style="color:hsl(194,66%,37.333333333333336%)"><small>☆</small><span class="username" data-name="willskylimit">willskylimit</span>:</strong> <em>gg</em></div><div class="chat"><small>Jaamez left.</small></div></div><div class="inner-preempt"></div></div></div>
</div>
<script>
let daily = Math.floor(Date.now()/1000/60/60/24);document.write('<script src="https://play.pokemonshowdown.com/js/replay-embed.js?version'+daily+'"></'+'script>');
</script>
