<!DOCTYPE html>
<meta charset="utf-8" />
<!-- version 1 -->
<title>PU replay: Mrs. Sawk vs. bobspicecow</title>
<style>
html,body {font-family:Verdana, sans-serif;font-size:10pt;margin:0;padding:0;}body{padding:12px 0;} .battle-log {font-family:Verdana, sans-serif;font-size:10pt;} .battle-log-inline {border:1px solid #AAAAAA;background:#EEF2F5;color:black;max-width:640px;margin:0 auto 80px;padding-bottom:5px;} .battle-log .inner {padding:4px 8px 0px 8px;} .battle-log .inner-preempt {padding:0 8px 4px 8px;} .battle-log .inner-after {margin-top:0.5em;} .battle-log h2 {margin:0.5em -8px;padding:4px 8px;border:1px solid #AAAAAA;background:#E0E7EA;border-left:0;border-right:0;font-family:Verdana, sans-serif;font-size:13pt;} .battle-log .chat {vertical-align:middle;padding:3px 0 3px 0;font-size:8pt;} .battle-log .chat strong {color:#40576A;} .battle-log .chat em {padding:1px 4px 1px 3px;color:#000000;font-style:normal;} .chat.mine {background:rgba(0,0,0,0.05);margin-left:-8px;margin-right:-8px;padding-left:8px;padding-right:8px;} .spoiler {color:#BBBBBB;background:#BBBBBB;padding:0px 3px;} .spoiler:hover, .spoiler:active, .spoiler-shown {color:#000000;background:#E2E2E2;padding:0px 3px;} .spoiler a {color:#BBBBBB;} .spoiler:hover a, .spoiler:active a, .spoiler-shown a {color:#2288CC;} .chat code, .chat .spoiler:hover code, .chat .spoiler:active code, .chat .spoiler-shown code {border:1px solid #C0C0C0;background:#EEEEEE;color:black;padding:0 2px;} .chat .spoiler code {border:1px solid #CCCCCC;background:#CCCCCC;color:#CCCCCC;} .battle-log .rated {padding:3px 4px;} .battle-log .rated strong {color:white;background:#89A;padding:1px 4px;border-radius:4px;} .spacer {margin-top:0.5em;} .message-announce {background:#6688AA;color:white;padding:1px 4px 2px;} .message-announce a, .broadcast-green a, .broadcast-blue a, .broadcast-red a {color:#DDEEFF;} .broadcast-green {background-color:#559955;color:white;padding:2px 4px;} .broadcast-blue {background-color:#6688AA;color:white;padding:2px 4px;} .infobox {border:1px solid #6688AA;padding:2px 4px;} .infobox-limited {max-height:200px;overflow:auto;overflow-x:hidden;} .broadcast-red {background-color:#AA5544;color:white;padding:2px 4px;} .message-learn-canlearn {font-weight:bold;color:#228822;text-decoration:underline;} .message-learn-cannotlearn {font-weight:bold;color:#CC2222;text-decoration:underline;} .message-effect-weak {font-weight:bold;color:#CC2222;} .message-effect-resist {font-weight:bold;color:#6688AA;} .message-effect-immune {font-weight:bold;color:#666666;} .message-learn-list {margin-top:0;margin-bottom:0;} .message-throttle-notice, .message-error {color:#992222;} .message-overflow, .chat small.message-overflow {font-size:0pt;} .message-overflow::before {font-size:9pt;content:'...';} .subtle {color:#3A4A66;}
</style>
<div class="wrapper replay-wrapper" style="max-width:1180px;margin:0 auto">
<input type="hidden" name="replayid" value="pu-555699617" />
<div class="battle"></div><div class="battle-log"></div><div class="replay-controls"></div><div class="replay-controls-2"></div>
<h1 style="font-weight:normal;text-align:center"><strong>PU</strong><br /><a href="http://pokemonshowdown.com/users/mrssawk" class="subtle" target="_blank">Mrs. Sawk</a> vs. <a href="http://pokemonshowdown.com/users/bobspicecow" class="subtle" target="_blank">bobspicecow</a></h1>
<script type="text/plain" class="battle-log-data">|j|Mrs. Sawk
|j|bobspicecow
|player|p1|Mrs. Sawk|265
|player|p2|bobspicecow|161
|gametype|singles
|gen|6
|tier|PU
|seed|24641,46121,48059,9816
|rule|Sleep Clause Mod: Limit one foe put to sleep
|rule|Species Clause: Limit one of each Pokémon
|rule|OHKO Clause: OHKO moves are banned
|rule|Moody Clause: Moody is banned
|rule|Evasion Moves Clause: Evasion moves are banned
|rule|Endless Battle Clause: Forcing endless battles is banned
|rule|HP Percentage Mod: HP is shown in percentages
|clearpoke
|poke|p1|Crustle, F|item
|poke|p1|Sudowoodo, M|item
|poke|p1|Armaldo, F|item
|poke|p1|Carbink|item
|poke|p1|Golem, M|item
|poke|p1|Lileep, F|item
|poke|p2|Grumpig, M|item
|poke|p2|Heatmor, M|item
|poke|p2|Prinplup, M|item
|poke|p2|Seaking, F|item
|poke|p2|Bastiodon, F|item
|poke|p2|Gogoat, F|item
|rule|Swagger Clause: Swagger is banned
|rule|Baton Pass Clause: Limit one Baton Passer, can't pass Spe and other stats simultaneously
|teampreview
|c|☆Mrs. Sawk|While this team is PU (obviously), this site is a natural wonder and is OU tier: https:\/\/55555sg.wordpress.com Note also that the nicknames of the Pokémon (except Missoula) hint to more awesomeness!
|choice|team 5, team 2, team 3, team 4, team 1, team 6|team 5, team 2, team 3, team 4, team 1, team 6
|
|start
|switch|p1a: No Z Urbanite|Golem, M|301\/301
|switch|p2a: Bastiodon|Bastiodon, F|324\/324
|-item|p2a: Bastiodon|Air Balloon
|turn|1
|choice|move ironhead|move stealthrock
|
|move|p1a: No Z Urbanite|Iron Head|p2a: Bastiodon
|-damage|p2a: Bastiodon|275\/324
|-enditem|p2a: Bastiodon|Air Balloon
|move|p2a: Bastiodon|Stealth Rock|p1a: No Z Urbanite
|-sidestart|p1: Mrs. Sawk|move: Stealth Rock
|
|upkeep
|turn|2
|choice|move earthquake|move metalburst
|
|move|p1a: No Z Urbanite|Earthquake|p2a: Bastiodon
|-supereffective|p2a: Bastiodon
|-damage|p2a: Bastiodon|0 fnt
|faint|p2a: Bastiodon
|
|upkeep
|choice||switch 4
|
|switch|p2a: Seaking|Seaking, F|364\/364
|turn|3
|choice|move earthquake|move waterfall
|
|move|p1a: No Z Urbanite|Earthquake|p2a: Seaking
|-damage|p2a: Seaking|88\/364
|move|p2a: Seaking|Waterfall|p1a: No Z Urbanite
|-supereffective|p1a: No Z Urbanite
|-ability|p1a: No Z Urbanite|Sturdy
|-damage|p1a: No Z Urbanite|1\/301
|
|upkeep
|turn|4
|choice|move earthquake|move waterfall
|-enditem|p1a: No Z Urbanite|Custap Berry|[eat]
|-activate|p1a: No Z Urbanite|item: Custap Berry
|
|move|p1a: No Z Urbanite|Earthquake|p2a: Seaking
|-damage|p2a: Seaking|0 fnt
|faint|p2a: Seaking
|
|upkeep
|choice||switch 2
|
|switch|p2a: Heatmor|Heatmor, M|374\/374
|turn|5
|choice|move suckerpunch|move suckerpunch
|
|move|p1a: No Z Urbanite|Sucker Punch|p2a: Heatmor
|-damage|p2a: Heatmor|245\/374
|move|p2a: Heatmor|Sucker Punch|p1a: No Z Urbanite|[still]
|-fail|p2a: Heatmor
|
|upkeep
|turn|6
|choice|move earthquake|move gigadrain
|
|move|p1a: No Z Urbanite|Earthquake|p2a: Heatmor
|-supereffective|p2a: Heatmor
|-damage|p2a: Heatmor|0 fnt
|faint|p2a: Heatmor
|
|upkeep
|choice||switch 3
|
|switch|p2a: Prinplup|Prinplup, M|332\/332
|turn|7
|choice|move earthquake|move hydropump
|
|move|p1a: No Z Urbanite|Earthquake|p2a: Prinplup
|-damage|p2a: Prinplup|167\/332
|move|p2a: Prinplup|Hydro Pump|p1a: No Z Urbanite
|-supereffective|p1a: No Z Urbanite
|-damage|p1a: No Z Urbanite|0 fnt
|faint|p1a: No Z Urbanite
|
|upkeep
|choice|switch 2|
|
|switch|p1a: AppGarage.net|Sudowoodo, M|281\/281
|-damage|p1a: AppGarage.net|246\/281|[from] Stealth Rock
|turn|8
|choice|move rockpolish|move hydropump
|
|move|p1a: AppGarage.net|Rock Polish|p1a: AppGarage.net
|-boost|p1a: AppGarage.net|spe|2
|move|p2a: Prinplup|Hydro Pump|p1a: AppGarage.net
|-supereffective|p1a: AppGarage.net
|-damage|p1a: AppGarage.net|0 fnt
|faint|p1a: AppGarage.net
|
|upkeep
|choice|switch 6|
|
|switch|p1a: Missoula|Lileep, F|336\/336
|-damage|p1a: Missoula|294\/336|[from] Stealth Rock
|turn|9
|choice|move gigadrain|move hydropump
|
|move|p2a: Prinplup|Hydro Pump|p1a: Missoula
|-ability|p1a: Missoula|Storm Drain|boost
|-boost|p1a: Missoula|spa|1
|move|p1a: Missoula|Giga Drain|p2a: Prinplup
|-supereffective|p2a: Prinplup
|-damage|p2a: Prinplup|33\/332
|-heal|p1a: Missoula|336\/336|[from] drain|[of] p2a: Prinplup
|
|upkeep
|turn|10
|choice|move ancientpower|move icebeam
|
|move|p2a: Prinplup|Ice Beam|p1a: Missoula
|-supereffective|p1a: Missoula
|-damage|p1a: Missoula|234\/336
|move|p1a: Missoula|Ancient Power|p2a: Prinplup
|-damage|p2a: Prinplup|0 fnt
|faint|p2a: Prinplup
|
|upkeep
|choice||switch 6
|
|switch|p2a: Gogoat|Gogoat, F|450\/450
|turn|11
|choice|move ancientpower|move hornleech
|
|move|p2a: Gogoat|Horn Leech|p1a: Missoula
|-damage|p1a: Missoula|141\/336
|move|p1a: Missoula|Ancient Power|p2a: Gogoat
|-damage|p2a: Gogoat|371\/450
|-boost|p1a: Missoula|atk|1
|-boost|p1a: Missoula|def|1
|-boost|p1a: Missoula|spa|1
|-boost|p1a: Missoula|spd|1
|-boost|p1a: Missoula|spe|1
|
|-heal|p2a: Gogoat|399\/450|[from] item: Leftovers
|upkeep
|turn|12
|choice|move ancientpower|move milkdrink
|
|move|p2a: Gogoat|Milk Drink|p2a: Gogoat
|-heal|p2a: Gogoat|450\/450
|move|p1a: Missoula|Ancient Power|p2a: Gogoat
|-damage|p2a: Gogoat|335\/450
|
|-heal|p2a: Gogoat|363\/450|[from] item: Leftovers
|upkeep
|turn|13
|choice|move recover|move hornleech
|
|move|p2a: Gogoat|Horn Leech|p1a: Missoula
|-damage|p1a: Missoula|84\/336
|-heal|p2a: Gogoat|392\/450|[from] drain|[of] p1a: Missoula
|move|p1a: Missoula|Recover|p1a: Missoula
|-heal|p1a: Missoula|252\/336
|
|-heal|p2a: Gogoat|420\/450|[from] item: Leftovers
|upkeep
|turn|14
|choice|move ancientpower|move earthquake
|
|move|p2a: Gogoat|Earthquake|p1a: Missoula
|-damage|p1a: Missoula|194\/336
|move|p1a: Missoula|Ancient Power|p2a: Gogoat
|-damage|p2a: Gogoat|305\/450
|
|-heal|p2a: Gogoat|333\/450|[from] item: Leftovers
|upkeep
|turn|15
|choice|move ancientpower|move hornleech
|
|move|p2a: Gogoat|Horn Leech|p1a: Missoula
|-damage|p1a: Missoula|131\/336
|-heal|p2a: Gogoat|365\/450|[from] drain|[of] p1a: Missoula
|move|p1a: Missoula|Ancient Power|p2a: Gogoat
|-damage|p2a: Gogoat|257\/450
|
|-heal|p2a: Gogoat|285\/450|[from] item: Leftovers
|upkeep
|turn|16
|choice|move recover|move hornleech
|
|move|p2a: Gogoat|Horn Leech|p1a: Missoula
|-damage|p1a: Missoula|67\/336
|-heal|p2a: Gogoat|317\/450|[from] drain|[of] p1a: Missoula
|move|p1a: Missoula|Recover|p1a: Missoula
|-heal|p1a: Missoula|235\/336
|
|-heal|p2a: Gogoat|345\/450|[from] item: Leftovers
|upkeep
|turn|17
|choice|move recover|switch 5
|
|switch|p2a: Grumpig|Grumpig, M|364\/364
|move|p1a: Missoula|Recover|p1a: Missoula
|-heal|p1a: Missoula|336\/336
|
|upkeep
|turn|18
|choice|move stealthrock|move toxic
|
|move|p2a: Grumpig|Toxic|p1a: Missoula
|-status|p1a: Missoula|tox
|move|p1a: Missoula|Stealth Rock|p2a: Grumpig
|-sidestart|p2: bobspicecow|move: Stealth Rock
|
|-damage|p1a: Missoula|315\/336 tox|[from] psn
|upkeep
|turn|19
|choice|move gigadrain|move psychic
|
|move|p2a: Grumpig|Psychic|p1a: Missoula
|-damage|p1a: Missoula|276\/336 tox
|move|p1a: Missoula|Giga Drain|p2a: Grumpig
|-damage|p2a: Grumpig|291\/364
|-heal|p1a: Missoula|313\/336 tox|[from] drain|[of] p2a: Grumpig
|
|-heal|p2a: Grumpig|313\/364|[from] item: Leftovers
|-damage|p1a: Missoula|271\/336 tox|[from] psn
|upkeep
|turn|20
|choice|move ancientpower|move psychic
|
|move|p2a: Grumpig|Psychic|p1a: Missoula
|-damage|p1a: Missoula|231\/336 tox
|move|p1a: Missoula|Ancient Power|p2a: Grumpig
|-damage|p2a: Grumpig|252\/364
|
|-heal|p2a: Grumpig|274\/364|[from] item: Leftovers
|-damage|p1a: Missoula|168\/336 tox|[from] psn
|upkeep
|turn|21
|choice|move recover|move psychic
|
|move|p2a: Grumpig|Psychic|p1a: Missoula
|-damage|p1a: Missoula|128\/336 tox
|move|p1a: Missoula|Recover|p1a: Missoula
|-heal|p1a: Missoula|296\/336 tox
|
|-heal|p2a: Grumpig|296\/364|[from] item: Leftovers
|-damage|p1a: Missoula|212\/336 tox|[from] psn
|upkeep
|turn|22
|choice|move recover|move psychic
|
|move|p2a: Grumpig|Psychic|p1a: Missoula
|-damage|p1a: Missoula|176\/336 tox
|move|p1a: Missoula|Recover|p1a: Missoula
|-heal|p1a: Missoula|336\/336 tox
|
|-heal|p2a: Grumpig|318\/364|[from] item: Leftovers
|-damage|p1a: Missoula|231\/336 tox|[from] psn
|upkeep
|turn|23
|choice|move recover|move psychic
|
|move|p2a: Grumpig|Psychic|p1a: Missoula
|-damage|p1a: Missoula|195\/336 tox
|move|p1a: Missoula|Recover|p1a: Missoula
|-heal|p1a: Missoula|336\/336 tox
|
|-heal|p2a: Grumpig|340\/364|[from] item: Leftovers
|-damage|p1a: Missoula|210\/336 tox|[from] psn
|upkeep
|turn|24
|choice|move recover|move psychic
|
|move|p2a: Grumpig|Psychic|p1a: Missoula
|-damage|p1a: Missoula|176\/336 tox
|move|p1a: Missoula|Recover|p1a: Missoula
|-heal|p1a: Missoula|336\/336 tox
|
|-heal|p2a: Grumpig|362\/364|[from] item: Leftovers
|-damage|p1a: Missoula|189\/336 tox|[from] psn
|upkeep
|turn|25
|choice|move recover|move psychic
|
|move|p2a: Grumpig|Psychic|p1a: Missoula
|-damage|p1a: Missoula|149\/336 tox
|move|p1a: Missoula|Recover|p1a: Missoula
|-heal|p1a: Missoula|317\/336 tox
|
|-heal|p2a: Grumpig|364\/364|[from] item: Leftovers
|-damage|p1a: Missoula|149\/336 tox|[from] psn
|upkeep
|turn|26
|c|☆bobspicecow|stahp
|choice|move recover|move psychic
|
|move|p2a: Grumpig|Psychic|p1a: Missoula
|-damage|p1a: Missoula|109\/336 tox
|move|p1a: Missoula|Recover|p1a: Missoula
|-heal|p1a: Missoula|277\/336 tox
|
|-damage|p1a: Missoula|88\/336 tox|[from] psn
|upkeep
|turn|27
|choice|move recover|move psychic
|
|move|p2a: Grumpig|Psychic|p1a: Missoula
|-damage|p1a: Missoula|48\/336 tox
|move|p1a: Missoula|Recover|p1a: Missoula
|-heal|p1a: Missoula|216\/336 tox
|
|-damage|p1a: Missoula|6\/336 tox|[from] psn
|upkeep
|turn|28
|choice|move gigadrain|move psychic
|
|move|p2a: Grumpig|Psychic|p1a: Missoula
|-damage|p1a: Missoula|0 fnt
|faint|p1a: Missoula
|
|upkeep
|choice|switch 3|
|
|switch|p1a: 5DailyEssentials|Armaldo, F|354\/354
|-damage|p1a: 5DailyEssentials|266\/354|[from] Stealth Rock
|turn|29
|choice|move knockoff|move toxic
|
|move|p2a: Grumpig|Toxic|p1a: 5DailyEssentials
|-status|p1a: 5DailyEssentials|tox
|move|p1a: 5DailyEssentials|Knock Off|p2a: Grumpig
|-supereffective|p2a: Grumpig
|-damage|p2a: Grumpig|68\/364
|-enditem|p2a: Grumpig|Leftovers|[from] move: Knock Off|[of] p1a: 5DailyEssentials
|
|-damage|p1a: 5DailyEssentials|244\/354 tox|[from] psn
|upkeep
|turn|30
|choice|move rapidspin|move psychic
|
|move|p2a: Grumpig|Psychic|p1a: 5DailyEssentials
|-damage|p1a: 5DailyEssentials|162\/354 tox
|move|p1a: 5DailyEssentials|Rapid Spin|p2a: Grumpig
|-damage|p2a: Grumpig|37\/364
|-sideend|p1: Mrs. Sawk|Stealth Rock|[from] move: Rapid Spin|[of] p1a: 5DailyEssentials
|
|-damage|p1a: 5DailyEssentials|118\/354 tox|[from] psn
|upkeep
|turn|31
|choice|move aquajet|move psychic
|
|move|p1a: 5DailyEssentials|Aqua Jet|p2a: Grumpig
|-damage|p2a: Grumpig|0 fnt
|faint|p2a: Grumpig
|
|-damage|p1a: 5DailyEssentials|52\/354 tox|[from] psn
|upkeep
|choice||switch 5
|
|switch|p2a: Gogoat|Gogoat, F|345\/450
|-damage|p2a: Gogoat|289\/450|[from] Stealth Rock
|turn|32
|-message|bobspicecow forfeited.
|
|win|Mrs. Sawk
|l|bobspicecow</script>
</div>
<div class="battle-log battle-log-inline"><div class="inner"><div class="battle-options"></div><div class="inner"><div class="chat"><small>Mrs. Sawk joined.</small></div><div class="chat"><small>bobspicecow joined.</small></div><div class=""><small>Format:</small> <br><strong>PU</strong></div><div class=""><small><em>Sleep Clause Mod:</em> Limit one foe put to sleep</small></div><div class=""><small><em>Species Clause:</em> Limit one of each Pokémon</small></div><div class=""><small><em>OHKO Clause:</em> OHKO moves are banned</small></div><div class=""><small><em>Moody Clause:</em> Moody is banned</small></div><div class=""><small><em>Evasion Moves Clause:</em> Evasion moves are banned</small></div><div class=""><small><em>Endless Battle Clause:</em> Forcing endless battles is banned</small></div><div class=""><small><em>HP Percentage Mod:</em> HP is shown in percentages</small></div><div class=""><small><em>Swagger Clause:</em> Swagger is banned</small></div><div class=""><small><em>Baton Pass Clause:</em> Limit one Baton Passer, can't pass Spe and other stats simultaneously</small></div><div class="chat battle-history"><strong>Mrs. Sawk's team:</strong> <em style="color:#445566;display:block;">Crustle / Sudowoodo / Armaldo / Carbink / Golem / Lileep</em></div><div class="chat battle-history"><strong>bobspicecow's team:</strong> <em style="color:#445566;display:block;">Grumpig / Heatmor / Prinplup / Seaking / Bastiodon / Gogoat</em></div><div class="chat chatmessage-mrssawk"><strong style="color:hsl(345,68%,44%)"><small>☆</small><span class="username" data-name="Mrs. Sawk">Mrs. Sawk</span>:</strong> <em>While this team is PU (obviously), this site is a natural wonder and is OU tier: <a href="https://55555sg.wordpress.com" rel="noopener" target="_blank">https://55555sg.wordpress.com</a> Note also that the nicknames of the Pokémon (except Missoula) hint to more awesomeness!</em></div><div class="spacer battle-history"><br></div><div class="battle-history">Battle started between Mrs. Sawk and bobspicecow!<br></div><div class="spacer battle-history"><br></div><div class="battle-history">Go! No Z Urbanite (<strong>Golem</strong>)!<br></div><div class="spacer battle-history"><br></div><div class="battle-history">bobspicecow sent out <strong>Bastiodon</strong>!<br></div><div class="battle-history"><small>The opposing Bastiodon floats in the air with its Air Balloon!</small><br></div><div class="spacer battle-history"><br></div><h2 class="battle-history">Turn 1</h2><div class="spacer battle-history"><br></div><div class="battle-history">No Z Urbanite used <strong>Iron Head</strong>!<br></div><div class="battle-history"><small>(The opposing Bastiodon lost <abbr title="−49/324">15.1%</abbr> of its health!)</small><br></div><div class="battle-history"><small>The opposing Bastiodon's Air Balloon popped!</small><br></div><div class="spacer battle-history"><br></div><div class="battle-history">The opposing Bastiodon used <strong>Stealth Rock</strong>!<br></div><div class="battle-history"><small>Pointed stones float in the air around your team!</small><br></div><div class="spacer battle-history"><br></div><h2 class="battle-history">Turn 2</h2><div class="spacer battle-history"><br></div><div class="battle-history">No Z Urbanite used <strong>Earthquake</strong>!<br></div><div class="battle-history"><small>It's super effective!</small><br></div><div class="battle-history"><small>(The opposing Bastiodon lost <abbr title="−275/324">84.9%</abbr> of its health!)</small><br></div><div class="spacer battle-history"><br></div><div class="battle-history">The opposing Bastiodon fainted!<br></div><div class="spacer battle-history"><br></div><div class="battle-history">bobspicecow sent out <strong>Seaking</strong>!<br></div><div class="spacer battle-history"><br></div><h2 class="battle-history">Turn 3</h2><div class="spacer battle-history"><br></div><div class="battle-history">No Z Urbanite used <strong>Earthquake</strong>!<br></div><div class="battle-history"><small>(The opposing Seaking lost <abbr title="−276/364">75.8%</abbr> of its health!)</small><br></div><div class="spacer battle-history"><br></div><div class="battle-history">The opposing Seaking used <strong>Waterfall</strong>!<br></div><div class="battle-history"><small>It's super effective!</small><br></div><div class="battle-history"><small>[No Z Urbanite's Sturdy]</small><br><small>No Z Urbanite endured the hit!</small><br></div><div class="battle-history"><small>(No Z Urbanite lost <abbr title="−300/301">99.7%</abbr> of its health!)</small><br></div><div class="spacer battle-history"><br></div><h2 class="battle-history">Turn 4</h2><div class="spacer battle-history"><br></div><div class="battle-history"><small>No Z Urbanite ate its Custap Berry!</small><br></div><div class="battle-history"><small>No Z Urbanite's Custap Berry let it move first!</small><br></div><div class="spacer battle-history"><br></div><div class="battle-history">No Z Urbanite used <strong>Earthquake</strong>!<br></div><div class="battle-history"><small>(The opposing Seaking lost <abbr title="−88/364">24.2%</abbr> of its health!)</small><br></div><div class="spacer battle-history"><br></div><div class="battle-history">The opposing Seaking fainted!<br></div><div class="spacer battle-history"><br></div><div class="battle-history">bobspicecow sent out <strong>Heatmor</strong>!<br></div><div class="spacer battle-history"><br></div><h2 class="battle-history">Turn 5</h2><div class="spacer battle-history"><br></div><div class="battle-history">No Z Urbanite used <strong>Sucker Punch</strong>!<br></div><div class="battle-history"><small>(The opposing Heatmor lost <abbr title="−129/374">34.5%</abbr> of its health!)</small><br></div><div class="spacer battle-history"><br></div><div class="battle-history">The opposing Heatmor used <strong>Sucker Punch</strong>!<br></div><div class="battle-history"><small>But it failed!</small><br></div><div class="spacer battle-history"><br></div><h2 class="battle-history">Turn 6</h2><div class="spacer battle-history"><br></div><div class="battle-history">No Z Urbanite used <strong>Earthquake</strong>!<br></div><div class="battle-history"><small>It's super effective!</small><br></div><div class="battle-history"><small>(The opposing Heatmor lost <abbr title="−245/374">65.5%</abbr> of its health!)</small><br></div><div class="spacer battle-history"><br></div><div class="battle-history">The opposing Heatmor fainted!<br></div><div class="spacer battle-history"><br></div><div class="battle-history">bobspicecow sent out <strong>Prinplup</strong>!<br></div><div class="spacer battle-history"><br></div><h2 class="battle-history">Turn 7</h2><div class="spacer battle-history"><br></div><div class="battle-history">No Z Urbanite used <strong>Earthquake</strong>!<br></div><div class="battle-history"><small>(The opposing Prinplup lost <abbr title="−165/332">49.7%</abbr> of its health!)</small><br></div><div class="spacer battle-history"><br></div><div class="battle-history">The opposing Prinplup used <strong>Hydro Pump</strong>!<br></div><div class="battle-history"><small>It's super effective!</small><br></div><div class="battle-history"><small>(No Z Urbanite lost <abbr title="−1/301">0.3%</abbr> of its health!)</small><br></div><div class="spacer battle-history"><br></div><div class="battle-history">No Z Urbanite fainted!<br></div><div class="spacer battle-history"><br></div><div class="battle-history">Go! AppGarage.net (<strong>Sudowoodo</strong>)!<br></div><div class="battle-history"><small>Pointed stones dug into AppGarage.net!</small><br></div><div class="spacer battle-history"><br></div><h2 class="battle-history">Turn 8</h2><div class="spacer battle-history"><br></div><div class="battle-history">AppGarage.net used <strong>Rock Polish</strong>!<br></div><div class="battle-history"><small>AppGarage.net's Speed rose sharply!</small><br></div><div class="spacer battle-history"><br></div><div class="battle-history">The opposing Prinplup used <strong>Hydro Pump</strong>!<br></div><div class="battle-history"><small>It's super effective!</small><br></div><div class="battle-history"><small>(AppGarage.net lost <abbr title="−246/281">87.5%</abbr> of its health!)</small><br></div><div class="spacer battle-history"><br></div><div class="battle-history">AppGarage.net fainted!<br></div><div class="spacer battle-history"><br></div><div class="battle-history">Go! Missoula (<strong>Lileep</strong>)!<br></div><div class="battle-history"><small>Pointed stones dug into Missoula!</small><br></div><div class="spacer battle-history"><br></div><h2 class="battle-history">Turn 9</h2><div class="spacer battle-history"><br></div><div class="battle-history">The opposing Prinplup used <strong>Hydro Pump</strong>!<br></div><div class="battle-history"><small>[Missoula's Storm Drain]</small><br></div><div class="battle-history"><small>Missoula's Special Attack rose!</small><br></div><div class="spacer battle-history"><br></div><div class="battle-history">Missoula used <strong>Giga Drain</strong>!<br></div><div class="battle-history"><small>It's super effective!</small><br></div><div class="battle-history"><small>(The opposing Prinplup lost <abbr title="−134/332">40.4%</abbr> of its health!)</small><br></div><div class="battle-history"><small>The opposing Prinplup had its energy drained!</small><br></div><div class="spacer battle-history"><br></div><h2 class="battle-history">Turn 10</h2><div class="spacer battle-history"><br></div><div class="battle-history">The opposing Prinplup used <strong>Ice Beam</strong>!<br></div><div class="battle-history"><small>It's super effective!</small><br></div><div class="battle-history"><small>(Missoula lost <abbr title="−102/336">30.4%</abbr> of its health!)</small><br></div><div class="spacer battle-history"><br></div><div class="battle-history">Missoula used <strong>Ancient Power</strong>!<br></div><div class="battle-history"><small>(The opposing Prinplup lost <abbr title="−33/332">9.9%</abbr> of its health!)</small><br></div><div class="spacer battle-history"><br></div><div class="battle-history">The opposing Prinplup fainted!<br></div><div class="spacer battle-history"><br></div><div class="battle-history">bobspicecow sent out <strong>Gogoat</strong>!<br></div><div class="spacer battle-history"><br></div><h2 class="battle-history">Turn 11</h2><div class="spacer battle-history"><br></div><div class="battle-history">The opposing Gogoat used <strong>Horn Leech</strong>!<br></div><div class="battle-history"><small>(Missoula lost <abbr title="−93/336">27.7%</abbr> of its health!)</small><br></div><div class="spacer battle-history"><br></div><div class="battle-history">Missoula used <strong>Ancient Power</strong>!<br></div><div class="battle-history"><small>(The opposing Gogoat lost <abbr title="−79/450">17.6%</abbr> of its health!)</small><br></div><div class="battle-history"><small>Missoula's Attack rose!</small><br></div><div class="battle-history"><small>Missoula's Defense rose!</small><br></div><div class="battle-history"><small>Missoula's Special Attack rose!</small><br></div><div class="battle-history"><small>Missoula's Special Defense rose!</small><br></div><div class="battle-history"><small>Missoula's Speed rose!</small><br></div><div class="spacer battle-history"><br></div><div class="battle-history"><small>The opposing Gogoat restored a little HP using its Leftovers!</small><br></div><div class="spacer battle-history"><br></div><h2 class="battle-history">Turn 12</h2><div class="spacer battle-history"><br></div><div class="battle-history">The opposing Gogoat used <strong>Milk Drink</strong>!<br></div><div class="battle-history"><small>The opposing Gogoat restored its HP.</small><br></div><div class="spacer battle-history"><br></div><div class="battle-history">Missoula used <strong>Ancient Power</strong>!<br></div><div class="battle-history"><small>(The opposing Gogoat lost <abbr title="−115/450">25.6%</abbr> of its health!)</small><br></div><div class="spacer battle-history"><br></div><div class="battle-history"><small>The opposing Gogoat restored a little HP using its Leftovers!</small><br></div><div class="spacer battle-history"><br></div><h2 class="battle-history">Turn 13</h2><div class="spacer battle-history"><br></div><div class="battle-history">The opposing Gogoat used <strong>Horn Leech</strong>!<br></div><div class="battle-history"><small>(Missoula lost <abbr title="−57/336">17.0%</abbr> of its health!)</small><br></div><div class="battle-history"><small>Missoula had its energy drained!</small><br></div><div class="spacer battle-history"><br></div><div class="battle-history">Missoula used <strong>Recover</strong>!<br></div><div class="battle-history"><small>Missoula restored its HP.</small><br></div><div class="spacer battle-history"><br></div><div class="battle-history"><small>The opposing Gogoat restored a little HP using its Leftovers!</small><br></div><div class="spacer battle-history"><br></div><h2 class="battle-history">Turn 14</h2><div class="spacer battle-history"><br></div><div class="battle-history">The opposing Gogoat used <strong>Earthquake</strong>!<br></div><div class="battle-history"><small>(Missoula lost <abbr title="−58/336">17.3%</abbr> of its health!)</small><br></div><div class="spacer battle-history"><br></div><div class="battle-history">Missoula used <strong>Ancient Power</strong>!<br></div><div class="battle-history"><small>(The opposing Gogoat lost <abbr title="−115/450">25.6%</abbr> of its health!)</small><br></div><div class="spacer battle-history"><br></div><div class="battle-history"><small>The opposing Gogoat restored a little HP using its Leftovers!</small><br></div><div class="spacer battle-history"><br></div><h2 class="battle-history">Turn 15</h2><div class="spacer battle-history"><br></div><div class="battle-history">The opposing Gogoat used <strong>Horn Leech</strong>!<br></div><div class="battle-history"><small>(Missoula lost <abbr title="−63/336">18.8%</abbr> of its health!)</small><br></div><div class="battle-history"><small>Missoula had its energy drained!</small><br></div><div class="spacer battle-history"><br></div><div class="battle-history">Missoula used <strong>Ancient Power</strong>!<br></div><div class="battle-history"><small>(The opposing Gogoat lost <abbr title="−108/450">24%</abbr> of its health!)</small><br></div><div class="spacer battle-history"><br></div><div class="battle-history"><small>The opposing Gogoat restored a little HP using its Leftovers!</small><br></div><div class="spacer battle-history"><br></div><h2 class="battle-history">Turn 16</h2><div class="spacer battle-history"><br></div><div class="battle-history">The opposing Gogoat used <strong>Horn Leech</strong>!<br></div><div class="battle-history"><small>(Missoula lost <abbr title="−64/336">19.0%</abbr> of its health!)</small><br></div><div class="battle-history"><small>Missoula had its energy drained!</small><br></div><div class="spacer battle-history"><br></div><div class="battle-history">Missoula used <strong>Recover</strong>!<br></div><div class="battle-history"><small>Missoula restored its HP.</small><br></div><div class="spacer battle-history"><br></div><div class="battle-history"><small>The opposing Gogoat restored a little HP using its Leftovers!</small><br></div><div class="spacer battle-history"><br></div><h2 class="battle-history">Turn 17</h2><div class="spacer battle-history"><br></div><div class="battle-history">bobspicecow withdrew Gogoat!<br></div><div class="battle-history">bobspicecow sent out <strong>Grumpig</strong>!<br></div><div class="spacer battle-history"><br></div><div class="battle-history">Missoula used <strong>Recover</strong>!<br></div><div class="battle-history"><small>Missoula restored its HP.</small><br></div><div class="spacer battle-history"><br></div><h2 class="battle-history">Turn 18</h2><div class="spacer battle-history"><br></div><div class="battle-history">The opposing Grumpig used <strong>Toxic</strong>!<br></div><div class="battle-history"><small>Missoula was badly poisoned!</small><br></div><div class="spacer battle-history"><br></div><div class="battle-history">Missoula used <strong>Stealth Rock</strong>!<br></div><div class="battle-history"><small>Pointed stones float in the air around the opposing team!</small><br></div><div class="spacer battle-history"><br></div><div class="battle-history"><small>Missoula was hurt by poison!</small><br></div><div class="spacer battle-history"><br></div><h2 class="battle-history">Turn 19</h2><div class="spacer battle-history"><br></div><div class="battle-history">The opposing Grumpig used <strong>Psychic</strong>!<br></div><div class="battle-history"><small>(Missoula lost <abbr title="−39/336">11.6%</abbr> of its health!)</small><br></div><div class="spacer battle-history"><br></div><div class="battle-history">Missoula used <strong>Giga Drain</strong>!<br></div><div class="battle-history"><small>(The opposing Grumpig lost <abbr title="−73/364">20.1%</abbr> of its health!)</small><br></div><div class="battle-history"><small>The opposing Grumpig had its energy drained!</small><br></div><div class="spacer battle-history"><br></div><div class="battle-history"><small>The opposing Grumpig restored a little HP using its Leftovers!</small><br></div><div class="battle-history"><small>Missoula was hurt by poison!</small><br></div><div class="spacer battle-history"><br></div><h2 class="battle-history">Turn 20</h2><div class="spacer battle-history"><br></div><div class="battle-history">The opposing Grumpig used <strong>Psychic</strong>!<br></div><div class="battle-history"><small>(Missoula lost <abbr title="−40/336">11.9%</abbr> of its health!)</small><br></div><div class="spacer battle-history"><br></div><div class="battle-history">Missoula used <strong>Ancient Power</strong>!<br></div><div class="battle-history"><small>(The opposing Grumpig lost <abbr title="−61/364">16.8%</abbr> of its health!)</small><br></div><div class="spacer battle-history"><br></div><div class="battle-history"><small>The opposing Grumpig restored a little HP using its Leftovers!</small><br></div><div class="battle-history"><small>Missoula was hurt by poison!</small><br></div><div class="spacer battle-history"><br></div><h2 class="battle-history">Turn 21</h2><div class="spacer battle-history"><br></div><div class="battle-history">The opposing Grumpig used <strong>Psychic</strong>!<br></div><div class="battle-history"><small>(Missoula lost <abbr title="−40/336">11.9%</abbr> of its health!)</small><br></div><div class="spacer battle-history"><br></div><div class="battle-history">Missoula used <strong>Recover</strong>!<br></div><div class="battle-history"><small>Missoula restored its HP.</small><br></div><div class="spacer battle-history"><br></div><div class="battle-history"><small>The opposing Grumpig restored a little HP using its Leftovers!</small><br></div><div class="battle-history"><small>Missoula was hurt by poison!</small><br></div><div class="spacer battle-history"><br></div><h2 class="battle-history">Turn 22</h2><div class="spacer battle-history"><br></div><div class="battle-history">The opposing Grumpig used <strong>Psychic</strong>!<br></div><div class="battle-history"><small>(Missoula lost <abbr title="−36/336">10.7%</abbr> of its health!)</small><br></div><div class="spacer battle-history"><br></div><div class="battle-history">Missoula used <strong>Recover</strong>!<br></div><div class="battle-history"><small>Missoula restored its HP.</small><br></div><div class="spacer battle-history"><br></div><div class="battle-history"><small>The opposing Grumpig restored a little HP using its Leftovers!</small><br></div><div class="battle-history"><small>Missoula was hurt by poison!</small><br></div><div class="spacer battle-history"><br></div><h2 class="battle-history">Turn 23</h2><div class="spacer battle-history"><br></div><div class="battle-history">The opposing Grumpig used <strong>Psychic</strong>!<br></div><div class="battle-history"><small>(Missoula lost <abbr title="−36/336">10.7%</abbr> of its health!)</small><br></div><div class="spacer battle-history"><br></div><div class="battle-history">Missoula used <strong>Recover</strong>!<br></div><div class="battle-history"><small>Missoula restored its HP.</small><br></div><div class="spacer battle-history"><br></div><div class="battle-history"><small>The opposing Grumpig restored a little HP using its Leftovers!</small><br></div><div class="battle-history"><small>Missoula was hurt by poison!</small><br></div><div class="spacer battle-history"><br></div><h2 class="battle-history">Turn 24</h2><div class="spacer battle-history"><br></div><div class="battle-history">The opposing Grumpig used <strong>Psychic</strong>!<br></div><div class="battle-history"><small>(Missoula lost <abbr title="−34/336">10.1%</abbr> of its health!)</small><br></div><div class="spacer battle-history"><br></div><div class="battle-history">Missoula used <strong>Recover</strong>!<br></div><div class="battle-history"><small>Missoula restored its HP.</small><br></div><div class="spacer battle-history"><br></div><div class="battle-history"><small>The opposing Grumpig restored a little HP using its Leftovers!</small><br></div><div class="battle-history"><small>Missoula was hurt by poison!</small><br></div><div class="spacer battle-history"><br></div><h2 class="battle-history">Turn 25</h2><div class="spacer battle-history"><br></div><div class="battle-history">The opposing Grumpig used <strong>Psychic</strong>!<br></div><div class="battle-history"><small>(Missoula lost <abbr title="−40/336">11.9%</abbr> of its health!)</small><br></div><div class="spacer battle-history"><br></div><div class="battle-history">Missoula used <strong>Recover</strong>!<br></div><div class="battle-history"><small>Missoula restored its HP.</small><br></div><div class="spacer battle-history"><br></div><div class="battle-history"><small>The opposing Grumpig restored a little HP using its Leftovers!</small><br></div><div class="battle-history"><small>Missoula was hurt by poison!</small><br></div><div class="spacer battle-history"><br></div><h2 class="battle-history">Turn 26</h2><div class="chat chatmessage-bobspicecow"><strong style="color:hsl(312,58%,43%)"><small>☆</small><span class="username" data-name="bobspicecow">bobspicecow</span>:</strong> <em>stahp</em></div><div class="spacer battle-history"><br></div><div class="battle-history">The opposing Grumpig used <strong>Psychic</strong>!<br></div><div class="battle-history"><small>(Missoula lost <abbr title="−40/336">11.9%</abbr> of its health!)</small><br></div><div class="spacer battle-history"><br></div><div class="battle-history">Missoula used <strong>Recover</strong>!<br></div><div class="battle-history"><small>Missoula restored its HP.</small><br></div><div class="spacer battle-history"><br></div><div class="battle-history"><small>Missoula was hurt by poison!</small><br></div><div class="spacer battle-history"><br></div><h2 class="battle-history">Turn 27</h2><div class="spacer battle-history"><br></div><div class="battle-history">The opposing Grumpig used <strong>Psychic</strong>!<br></div><div class="battle-history"><small>(Missoula lost <abbr title="−40/336">11.9%</abbr> of its health!)</small><br></div><div class="spacer battle-history"><br></div><div class="battle-history">Missoula used <strong>Recover</strong>!<br></div><div class="battle-history"><small>Missoula restored its HP.</small><br></div><div class="spacer battle-history"><br></div><div class="battle-history"><small>Missoula was hurt by poison!</small><br></div><div class="spacer battle-history"><br></div><h2 class="battle-history">Turn 28</h2><div class="spacer battle-history"><br></div><div class="battle-history">The opposing Grumpig used <strong>Psychic</strong>!<br></div><div class="battle-history"><small>(Missoula lost <abbr title="−6/336">1.8%</abbr> of its health!)</small><br></div><div class="spacer battle-history"><br></div><div class="battle-history">Missoula fainted!<br></div><div class="spacer battle-history"><br></div><div class="battle-history">Go! 5DailyEssentials (<strong>Armaldo</strong>)!<br></div><div class="battle-history"><small>Pointed stones dug into 5DailyEssentials!</small><br></div><div class="spacer battle-history"><br></div><h2 class="battle-history">Turn 29</h2><div class="spacer battle-history"><br></div><div class="battle-history">The opposing Grumpig used <strong>Toxic</strong>!<br></div><div class="battle-history"><small>5DailyEssentials was badly poisoned!</small><br></div><div class="spacer battle-history"><br></div><div class="battle-history">5DailyEssentials used <strong>Knock Off</strong>!<br></div><div class="battle-history"><small>It's super effective!</small><br></div><div class="battle-history"><small>(The opposing Grumpig lost <abbr title="−296/364">81.3%</abbr> of its health!)</small><br></div><div class="battle-history"><small>5DailyEssentials knocked off the opposing Grumpig's Leftovers!</small><br></div><div class="spacer battle-history"><br></div><div class="battle-history"><small>5DailyEssentials was hurt by poison!</small><br></div><div class="spacer battle-history"><br></div><h2 class="battle-history">Turn 30</h2><div class="spacer battle-history"><br></div><div class="battle-history">The opposing Grumpig used <strong>Psychic</strong>!<br></div><div class="battle-history"><small>(5DailyEssentials lost <abbr title="−82/354">23.2%</abbr> of its health!)</small><br></div><div class="spacer battle-history"><br></div><div class="battle-history">5DailyEssentials used <strong>Rapid Spin</strong>!<br></div><div class="battle-history"><small>(The opposing Grumpig lost <abbr title="−31/364">8.5%</abbr> of its health!)</small><br></div><div class="battle-history"><small>The pointed stones disappeared from around your team!</small><br></div><div class="spacer battle-history"><br></div><div class="battle-history"><small>5DailyEssentials was hurt by poison!</small><br></div><div class="spacer battle-history"><br></div><h2 class="battle-history">Turn 31</h2><div class="spacer battle-history"><br></div><div class="battle-history">5DailyEssentials used <strong>Aqua Jet</strong>!<br></div><div class="battle-history"><small>(The opposing Grumpig lost <abbr title="−37/364">10.2%</abbr> of its health!)</small><br></div><div class="spacer battle-history"><br></div><div class="battle-history">The opposing Grumpig fainted!<br></div><div class="spacer battle-history"><br></div><div class="battle-history"><small>5DailyEssentials was hurt by poison!</small><br></div><div class="spacer battle-history"><br></div><div class="battle-history">bobspicecow sent out <strong>Gogoat</strong>!<br></div><div class="battle-history"><small>Pointed stones dug into the opposing Gogoat!</small><br></div><div class="spacer battle-history"><br></div><h2 class="battle-history">Turn 32</h2><div class="spacer battle-history"><br></div><div class="battle-history"><small>bobspicecow forfeited.</small><br></div><div class="spacer battle-history"><br></div><div class="battle-history"><strong>Mrs. Sawk</strong> won the battle!<br></div><div class="chat"><small>bobspicecow left.</small></div></div><div class="inner-preempt"></div></div></div>
</div>
<script>
let daily = Math.floor(Date.now()/1000/60/60/24);document.write('<script src="https://play.pokemonshowdown.com/js/replay-embed.js?version'+daily+'"></'+'script>');
</script>
