<!DOCTYPE html>
<meta charset="utf-8" />
<!-- version 1 -->
<title>PU replay: Beksel ✘ vs. LCezasfuck</title>
<style>
html,body {font-family:Verdana, sans-serif;font-size:10pt;margin:0;padding:0;}body{padding:12px 0;} .battle-log {font-family:Verdana, sans-serif;font-size:10pt;} .battle-log-inline {border:1px solid #AAAAAA;background:#EEF2F5;color:black;max-width:640px;margin:0 auto 80px;padding-bottom:5px;} .battle-log .inner {padding:4px 8px 0px 8px;} .battle-log .inner-preempt {padding:0 8px 4px 8px;} .battle-log .inner-after {margin-top:0.5em;} .battle-log h2 {margin:0.5em -8px;padding:4px 8px;border:1px solid #AAAAAA;background:#E0E7EA;border-left:0;border-right:0;font-family:Verdana, sans-serif;font-size:13pt;} .battle-log .chat {vertical-align:middle;padding:3px 0 3px 0;font-size:8pt;} .battle-log .chat strong {color:#40576A;} .battle-log .chat em {padding:1px 4px 1px 3px;color:#000000;font-style:normal;} .chat.mine {background:rgba(0,0,0,0.05);margin-left:-8px;margin-right:-8px;padding-left:8px;padding-right:8px;} .spoiler {color:#BBBBBB;background:#BBBBBB;padding:0px 3px;} .spoiler:hover, .spoiler:active, .spoiler-shown {color:#000000;background:#E2E2E2;padding:0px 3px;} .spoiler a {color:#BBBBBB;} .spoiler:hover a, .spoiler:active a, .spoiler-shown a {color:#2288CC;} .chat code, .chat .spoiler:hover code, .chat .spoiler:active code, .chat .spoiler-shown code {border:1px solid #C0C0C0;background:#EEEEEE;color:black;padding:0 2px;} .chat .spoiler code {border:1px solid #CCCCCC;background:#CCCCCC;color:#CCCCCC;} .battle-log .rated {padding:3px 4px;} .battle-log .rated strong {color:white;background:#89A;padding:1px 4px;border-radius:4px;} .spacer {margin-top:0.5em;} .message-announce {background:#6688AA;color:white;padding:1px 4px 2px;} .message-announce a, .broadcast-green a, .broadcast-blue a, .broadcast-red a {color:#DDEEFF;} .broadcast-green {background-color:#559955;color:white;padding:2px 4px;} .broadcast-blue {background-color:#6688AA;color:white;padding:2px 4px;} .infobox {border:1px solid #6688AA;padding:2px 4px;} .infobox-limited {max-height:200px;overflow:auto;overflow-x:hidden;} .broadcast-red {background-color:#AA5544;color:white;padding:2px 4px;} .message-learn-canlearn {font-weight:bold;color:#228822;text-decoration:underline;} .message-learn-cannotlearn {font-weight:bold;color:#CC2222;text-decoration:underline;} .message-effect-weak {font-weight:bold;color:#CC2222;} .message-effect-resist {font-weight:bold;color:#6688AA;} .message-effect-immune {font-weight:bold;color:#666666;} .message-learn-list {margin-top:0;margin-bottom:0;} .message-throttle-notice, .message-error {color:#992222;} .message-overflow, .chat small.message-overflow {font-size:0pt;} .message-overflow::before {font-size:9pt;content:'...';} .subtle {color:#3A4A66;}
</style>
<div class="wrapper replay-wrapper" style="max-width:1180px;margin:0 auto">
<input type="hidden" name="replayid" value="pu-542714004" />
<div class="battle"></div><div class="battle-log"></div><div class="replay-controls"></div><div class="replay-controls-2"></div>
<h1 style="font-weight:normal;text-align:center"><strong>PU</strong><br /><a href="http://pokemonshowdown.com/users/beksel" class="subtle" target="_blank">Beksel ✘</a> vs. <a href="http://pokemonshowdown.com/users/lcezasfuck" class="subtle" target="_blank">LCezasfuck</a></h1>
<script type="text/plain" class="battle-log-data">|j|Beksel ✘
|j|LCezasfuck
|player|p1|Beksel ✘|88
|player|p2|LCezasfuck|184
|gametype|singles
|gen|6
|tier|PU
|seed|33515,40352,4925,7236
|rule|Sleep Clause Mod: Limit one foe put to sleep
|rule|Species Clause: Limit one of each Pokémon
|rule|OHKO Clause: OHKO moves are banned
|rule|Moody Clause: Moody is banned
|rule|Evasion Moves Clause: Evasion moves are banned
|rule|Endless Battle Clause: Forcing endless battles is banned
|rule|HP Percentage Mod: HP is shown in percentages
|clearpoke
|poke|p1|Stoutland, F|item
|poke|p1|Jumpluff, F|
|poke|p1|Trapinch, F|item
|poke|p1|Metang|item
|poke|p1|Lumineon, F|item
|poke|p1|Zebstrika, M|item
|poke|p2|Duosion, M|item
|poke|p2|Mawile, M|item
|poke|p2|Politoed, M|item
|poke|p2|Audino, M|item
|poke|p2|Cryogonal|item
|poke|p2|Dusclops, M|item
|rule|Swagger Clause: Swagger is banned
|rule|Baton Pass Clause: Limit one Baton Passer, can't pass Spe and other stats simultaneously
|teampreview
|c|☆LCezasfuck|Hi
|c|☆Beksel ✘|Have Fun!
|c|☆LCezasfuck|u too
|choice|team 5, team 2, team 3, team 4, team 1, team 6|team 3, team 2, team 1, team 4, team 5, team 6
|
|start
|switch|p1a: Lumineon|Lumineon, F|341\/341
|switch|p2a: Politoed|Politoed, M|321\/321
|turn|1
|choice|move toxic|switch 4
|
|switch|p2a: Audino|Audino, M|410\/410
|move|p1a: Lumineon|Toxic|p2a: Audino
|-status|p2a: Audino|tox
|
|-damage|p2a: Audino|385\/410 tox|[from] psn
|upkeep
|turn|2
|choice|move scald|move healbell
|
|move|p1a: Lumineon|Scald|p2a: Audino
|-damage|p2a: Audino|324\/410 tox
|move|p2a: Audino|Heal Bell|p2a: Audino
|-activate|p2a: Audino|move: Heal Bell
|-curestatus|p2a: Audino|tox|[msg]
|
|-heal|p2a: Audino|349\/410|[from] item: Leftovers
|upkeep
|turn|3
|choice|move toxic|move knockoff
|
|move|p1a: Lumineon|Toxic|p2a: Audino
|-status|p2a: Audino|tox
|move|p2a: Audino|Knock Off|p1a: Lumineon
|-damage|p1a: Lumineon|299\/341
|-enditem|p1a: Lumineon|Leftovers|[from] move: Knock Off|[of] p2a: Audino
|
|-heal|p2a: Audino|374\/410 tox|[from] item: Leftovers
|-damage|p2a: Audino|349\/410 tox|[from] psn
|upkeep
|turn|4
|choice|move uturn|move healbell
|
|move|p1a: Lumineon|U-turn|p2a: Audino
|-crit|p2a: Audino
|-damage|p2a: Audino|289\/410 tox
|choice|switch 5|
|
|switch|p1a: Stoutland|Stoutland, F|311\/311
|move|p2a: Audino|Heal Bell|p2a: Audino
|-activate|p2a: Audino|move: Heal Bell
|-curestatus|p2a: Audino|tox|[msg]
|
|-heal|p2a: Audino|314\/410|[from] item: Leftovers
|upkeep
|turn|5
|choice|move frustration|move protect
|
|move|p2a: Audino|Protect|p2a: Audino
|-singleturn|p2a: Audino|Protect
|move|p1a: Stoutland|Frustration|p2a: Audino
|-activate|p2a: Audino|move: Protect
|
|-heal|p2a: Audino|339\/410|[from] item: Leftovers
|upkeep
|turn|6
|choice|move frustration|move wish
|
|move|p1a: Stoutland|Frustration|p2a: Audino
|-damage|p2a: Audino|83\/410
|move|p2a: Audino|Wish|p2a: Audino
|
|-heal|p2a: Audino|108\/410|[from] item: Leftovers
|upkeep
|turn|7
|j|Jungle Fox
|c|%Jungle Fox|\/me pops
|c|%Jungle Fox|hi
|choice|move frustration|switch 2
|
|switch|p2a: Mawile|Mawile, M|304\/304
|-ability|p2a: Mawile|Intimidate|boost
|-unboost|p1a: Stoutland|atk|1
|move|p1a: Stoutland|Frustration|p2a: Mawile
|-resisted|p2a: Mawile
|-damage|p2a: Mawile|220\/304
|
|-heal|p2a: Mawile|304\/304|[from] move: Wish|[wisher] Audino
|upkeep
|turn|8
|c|☆Beksel ✘|Hi
|choice|switch 5|switch 5
|
|switch|p1a: Lumineon|Lumineon, F|299\/341
|switch|p2a: Cryogonal|Cryogonal|281\/281
|
|upkeep
|turn|9
|choice|switch 4|move freezedry
|
|switch|p1a: Metang|Metang|323\/323
|move|p2a: Cryogonal|Freeze-Dry|p1a: Metang
|-resisted|p1a: Metang
|-damage|p1a: Metang|283\/323
|-status|p1a: Metang|frz
|
|upkeep
|turn|10
|c|☆LCezasfuck|Bad
|c|☆Beksel ✘|--"
|choice|switch 6|switch 2
|
|switch|p2a: Audino|Audino, M|244\/410
|switch|p1a: Zebstrika|Zebstrika, M|289\/289
|
|-heal|p2a: Audino|269\/410|[from] item: Leftovers
|upkeep
|turn|11
|choice|move voltswitch|move wish
|
|move|p1a: Zebstrika|Volt Switch|p2a: Audino
|-damage|p2a: Audino|160\/410
|-damage|p1a: Zebstrika|261\/289|[from] item: Life Orb
|choice|switch 5|
|
|switch|p1a: Stoutland|Stoutland, F|311\/311
|move|p2a: Audino|Wish|p2a: Audino
|
|-heal|p2a: Audino|185\/410|[from] item: Leftovers
|upkeep
|turn|12
|choice|move frustration|move protect
|
|move|p2a: Audino|Protect|p2a: Audino
|-singleturn|p2a: Audino|Protect
|move|p1a: Stoutland|Frustration|p2a: Audino
|-activate|p2a: Audino|move: Protect
|
|-heal|p2a: Audino|390\/410|[from] move: Wish|[wisher] Audino
|-heal|p2a: Audino|410\/410|[from] item: Leftovers
|upkeep
|turn|13
|choice|move frustration|move wish
|
|move|p1a: Stoutland|Frustration|p2a: Audino
|-damage|p2a: Audino|151\/410
|move|p2a: Audino|Wish|p2a: Audino
|
|-heal|p2a: Audino|176\/410|[from] item: Leftovers
|upkeep
|turn|14
|choice|switch 3|switch 5
|
|switch|p1a: Trapinch|Trapinch, F|294\/294
|switch|p2a: Mawile|Mawile, M|304\/304
|-ability|p2a: Mawile|Intimidate|boost
|-unboost|p1a: Trapinch|atk|1
|
|upkeep
|turn|15
|c|☆LCezasfuck|!dt trapinch
|c|~|\/data-pokemon Trapinch
|raw|<font size="1"><font color="#686868">Dex#:<\/font> 328&nbsp;|&ThickSpace;<font color="#686868">Gen:<\/font> 3&nbsp;|&ThickSpace;<font color="#686868">Height:<\/font> 0.7 m&nbsp;|&ThickSpace;<font color="#686868">Weight:<\/font> 15 kg <em>(40 BP)<\/em>&nbsp;|&ThickSpace;<font color="#686868">Dex Colour:<\/font> Brown&nbsp;|&ThickSpace;<font color="#686868">Egg Group(s):<\/font> Bug&nbsp;|&ThickSpace;<font color="#686868">Evolution:<\/font> Vibrava (35)<\/font>
|choice|move earthquake|move playrough
|
|move|p2a: Mawile|Play Rough|p1a: Trapinch
|-damage|p1a: Trapinch|194\/294
|-unboost|p1a: Trapinch|atk|1
|move|p1a: Trapinch|Earthquake|p2a: Mawile
|-supereffective|p2a: Mawile
|-damage|p2a: Mawile|196\/304
|
|-heal|p2a: Mawile|215\/304|[from] item: Leftovers
|upkeep
|turn|16
|choice|move rest|move playrough
|
|move|p2a: Mawile|Play Rough|p1a: Trapinch
|-damage|p1a: Trapinch|85\/294
|move|p1a: Trapinch|Rest|p1a: Trapinch
|-status|p1a: Trapinch|slp
|-heal|p1a: Trapinch|294\/294 slp|[silent]
|-status|p1a: Trapinch|slp|[from] move: Rest
|
|-heal|p2a: Mawile|234\/304|[from] item: Leftovers
|upkeep
|turn|17
|choice|move sleeptalk|move stealthrock
|
|move|p2a: Mawile|Stealth Rock|p1a: Trapinch
|-sidestart|p1: Beksel ✘|move: Stealth Rock
|cant|p1a: Trapinch|slp
|move|p1a: Trapinch|Sleep Talk|p1a: Trapinch
|move|p1a: Trapinch|Earthquake|p2a: Mawile|[from]Sleep Talk
|-supereffective|p2a: Mawile
|-damage|p2a: Mawile|126\/304
|
|-heal|p2a: Mawile|145\/304|[from] item: Leftovers
|upkeep
|turn|18
|c|☆LCezasfuck|WTF TRAPINCH
|c|☆Beksel ✘|classic set
|choice|move sleeptalk|move playrough
|
|move|p2a: Mawile|Play Rough|p1a: Trapinch
|-damage|p1a: Trapinch|192\/294 slp
|cant|p1a: Trapinch|slp
|move|p1a: Trapinch|Sleep Talk|p1a: Trapinch
|move|p1a: Trapinch|Rest|p1a: Trapinch|[from]Sleep Talk
|-fail|p1a: Trapinch
|
|-heal|p2a: Mawile|164\/304|[from] item: Leftovers
|upkeep
|turn|19
|choice|move rest|move playrough
|
|move|p2a: Mawile|Play Rough|p1a: Trapinch
|-damage|p1a: Trapinch|93\/294 slp
|-curestatus|p1a: Trapinch|slp|[msg]
|move|p1a: Trapinch|Rest|p1a: Trapinch
|-status|p1a: Trapinch|slp
|-heal|p1a: Trapinch|294\/294 slp|[silent]
|-status|p1a: Trapinch|slp|[from] move: Rest
|
|-heal|p2a: Mawile|183\/304|[from] item: Leftovers
|upkeep
|turn|20
|choice|move sleeptalk|move flashcannon
|
|move|p2a: Mawile|Flash Cannon|p1a: Trapinch
|-damage|p1a: Trapinch|242\/294 slp
|-unboost|p1a: Trapinch|spd|1
|cant|p1a: Trapinch|slp
|move|p1a: Trapinch|Sleep Talk|p1a: Trapinch
|move|p1a: Trapinch|Rest|p1a: Trapinch|[from]Sleep Talk
|-fail|p1a: Trapinch
|
|-heal|p2a: Mawile|202\/304|[from] item: Leftovers
|upkeep
|turn|21
|choice|move sleeptalk|move flashcannon
|
|move|p2a: Mawile|Flash Cannon|p1a: Trapinch
|-damage|p1a: Trapinch|170\/294 slp
|cant|p1a: Trapinch|slp
|move|p1a: Trapinch|Sleep Talk|p1a: Trapinch
|move|p1a: Trapinch|Earthquake|p2a: Mawile|[from]Sleep Talk
|-supereffective|p2a: Mawile
|-damage|p2a: Mawile|98\/304
|
|-heal|p2a: Mawile|117\/304|[from] item: Leftovers
|upkeep
|turn|22
|c|☆Beksel ✘|Unlucky Af
|choice|move earthquake|move flashcannon
|
|move|p2a: Mawile|Flash Cannon|p1a: Trapinch
|-damage|p1a: Trapinch|91\/294 slp
|-curestatus|p1a: Trapinch|slp|[msg]
|move|p1a: Trapinch|Earthquake|p2a: Mawile
|-supereffective|p2a: Mawile
|-damage|p2a: Mawile|15\/304
|
|-heal|p2a: Mawile|34\/304|[from] item: Leftovers
|upkeep
|turn|23
|choice|switch 3|move playrough
|
|switch|p1a: Stoutland|Stoutland, F|311\/311
|-damage|p1a: Stoutland|273\/311|[from] Stealth Rock
|move|p2a: Mawile|Play Rough|p1a: Stoutland
|-crit|p1a: Stoutland
|-damage|p1a: Stoutland|107\/311
|
|-heal|p2a: Mawile|53\/304|[from] item: Leftovers
|upkeep
|turn|24
|c|☆Beksel ✘|:(
|c|☆Beksel ✘|Very bad luck
|choice|move facade|switch 6
|
|switch|p2a: Dusclops|Dusclops, M|284\/284
|-ability|p2a: Dusclops|Pressure
|move|p1a: Stoutland|Facade|p2a: Dusclops
|-damage|p2a: Dusclops|215\/284
|
|upkeep
|turn|25
|choice|move facade|move icebeam
|
|move|p1a: Stoutland|Facade|p2a: Dusclops
|-damage|p2a: Dusclops|136\/284
|move|p2a: Dusclops|Ice Beam|p1a: Stoutland
|-damage|p1a: Stoutland|60\/311
|
|upkeep
|turn|26
|choice|move facade|move rest
|
|move|p1a: Stoutland|Facade|p2a: Dusclops
|-damage|p2a: Dusclops|69\/284
|move|p2a: Dusclops|Rest|p2a: Dusclops
|-status|p2a: Dusclops|slp
|-heal|p2a: Dusclops|284\/284 slp|[silent]
|-status|p2a: Dusclops|slp|[from] move: Rest
|
|upkeep
|turn|27
|choice|switch 3|switch 5
|
|switch|p1a: Trapinch|Trapinch, F|91\/294
|-damage|p1a: Trapinch|73\/294|[from] Stealth Rock
|switch|p2a: Audino|Audino, M|312\/410
|
|-heal|p2a: Audino|337\/410|[from] item: Leftovers
|upkeep
|turn|28
|c|☆LCezasfuck|Aw
|c|☆LCezasfuck|U predict?
|choice|move rest|move knockoff
|
|move|p2a: Audino|Knock Off|p1a: Trapinch
|-damage|p1a: Trapinch|22\/294
|-enditem|p1a: Trapinch|Eviolite|[from] move: Knock Off|[of] p2a: Audino
|move|p1a: Trapinch|Rest|p1a: Trapinch
|-status|p1a: Trapinch|slp
|-heal|p1a: Trapinch|294\/294 slp|[silent]
|-status|p1a: Trapinch|slp|[from] move: Rest
|
|-heal|p2a: Audino|362\/410|[from] item: Leftovers
|upkeep
|turn|29
|c|☆Beksel ✘|nop
|c|☆Beksel ✘|iwant just rest*
|choice|move sleeptalk|move knockoff
|
|move|p2a: Audino|Knock Off|p1a: Trapinch
|-damage|p1a: Trapinch|240\/294 slp
|cant|p1a: Trapinch|slp
|move|p1a: Trapinch|Sleep Talk|p1a: Trapinch
|move|p1a: Trapinch|Rest|p1a: Trapinch|[from]Sleep Talk
|-fail|p1a: Trapinch
|
|-heal|p2a: Audino|387\/410|[from] item: Leftovers
|upkeep
|turn|30
|c|☆LCezasfuck|TT
|c|☆LCezasfuck|TOrment me
|c|☆Beksel ✘|and you have 6pp of heal bell :)
|choice|move sleeptalk|move knockoff
|
|move|p2a: Audino|Knock Off|p1a: Trapinch
|-damage|p1a: Trapinch|190\/294 slp
|cant|p1a: Trapinch|slp
|move|p1a: Trapinch|Sleep Talk|p1a: Trapinch
|move|p1a: Trapinch|Rest|p1a: Trapinch|[from]Sleep Talk
|-fail|p1a: Trapinch
|
|-heal|p2a: Audino|410\/410|[from] item: Leftovers
|upkeep
|turn|31
|choice|move toxic|move protect
|
|move|p2a: Audino|Protect|p2a: Audino
|-singleturn|p2a: Audino|Protect
|-curestatus|p1a: Trapinch|slp|[msg]
|move|p1a: Trapinch|Toxic|p2a: Audino
|-activate|p2a: Audino|move: Protect
|
|upkeep
|turn|32
|choice|move toxic|move knockoff
|
|move|p2a: Audino|Knock Off|p1a: Trapinch
|-damage|p1a: Trapinch|139\/294
|move|p1a: Trapinch|Toxic|p2a: Audino|[miss]
|-miss|p1a: Trapinch|p2a: Audino
|
|upkeep
|turn|33
|choice|move earthquake|move protect
|
|move|p2a: Audino|Protect|p2a: Audino
|-singleturn|p2a: Audino|Protect
|move|p1a: Trapinch|Earthquake|p2a: Audino
|-activate|p2a: Audino|move: Protect
|
|upkeep
|turn|34
|choice|move toxic|move knockoff
|
|move|p2a: Audino|Knock Off|p1a: Trapinch
|-damage|p1a: Trapinch|81\/294
|move|p1a: Trapinch|Toxic|p2a: Audino
|-status|p2a: Audino|tox
|
|-damage|p2a: Audino|385\/410 tox|[from] psn
|upkeep
|turn|35
|c|☆LCezasfuck|Crit plz
|choice|move rest|move knockoff
|
|move|p2a: Audino|Knock Off|p1a: Trapinch
|-damage|p1a: Trapinch|24\/294
|move|p1a: Trapinch|Rest|p1a: Trapinch
|-status|p1a: Trapinch|slp
|-heal|p1a: Trapinch|294\/294 slp|[silent]
|-status|p1a: Trapinch|slp|[from] move: Rest
|
|-heal|p2a: Audino|410\/410 tox|[from] item: Leftovers
|-damage|p2a: Audino|360\/410 tox|[from] psn
|upkeep
|turn|36
|c|☆LCezasfuck|...
|j|Iron✘Pyrite
|choice|move sleeptalk|move knockoff
|
|move|p2a: Audino|Knock Off|p1a: Trapinch
|-crit|p1a: Trapinch
|-damage|p1a: Trapinch|220\/294 slp
|cant|p1a: Trapinch|slp
|move|p1a: Trapinch|Sleep Talk|p1a: Trapinch
|move|p1a: Trapinch|Toxic|p2a: Audino|[from]Sleep Talk
|-fail|p2a: Audino|tox
|
|-heal|p2a: Audino|385\/410 tox|[from] item: Leftovers
|-damage|p2a: Audino|310\/410 tox|[from] psn
|upkeep
|turn|37
|choice|move sleeptalk|move knockoff
|
|move|p2a: Audino|Knock Off|p1a: Trapinch
|-damage|p1a: Trapinch|168\/294 slp
|cant|p1a: Trapinch|slp
|move|p1a: Trapinch|Sleep Talk|p1a: Trapinch
|move|p1a: Trapinch|Toxic|p2a: Audino|[from]Sleep Talk
|-fail|p2a: Audino|tox
|
|-heal|p2a: Audino|335\/410 tox|[from] item: Leftovers
|-damage|p2a: Audino|235\/410 tox|[from] psn
|upkeep
|turn|38
|choice|move earthquake|move healbell
|
|move|p2a: Audino|Heal Bell|p2a: Audino
|-activate|p2a: Audino|move: Heal Bell
|-curestatus|p2a: Audino|tox|[msg]
|-curestatus|p2: Dusclops|slp|[msg]
|-curestatus|p1a: Trapinch|slp|[msg]
|move|p1a: Trapinch|Earthquake|p2a: Audino
|-damage|p2a: Audino|117\/410
|
|-heal|p2a: Audino|142\/410|[from] item: Leftovers
|upkeep
|turn|39
|choice|move toxic|move knockoff
|
|move|p2a: Audino|Knock Off|p1a: Trapinch
|-damage|p1a: Trapinch|112\/294
|move|p1a: Trapinch|Toxic|p2a: Audino
|-status|p2a: Audino|tox
|
|-heal|p2a: Audino|167\/410 tox|[from] item: Leftovers
|-damage|p2a: Audino|142\/410 tox|[from] psn
|upkeep
|turn|40
|choice|move earthquake|move wish
|
|move|p2a: Audino|Wish|p2a: Audino
|move|p1a: Trapinch|Earthquake|p2a: Audino
|-damage|p2a: Audino|22\/410 tox
|
|-heal|p2a: Audino|47\/410 tox|[from] item: Leftovers
|-damage|p2a: Audino|0 fnt|[from] psn
|upkeep
|faint|p2a: Audino
|c|☆Beksel ✘|yeah
|choice||switch 3
|
|switch|p2a: Duosion|Duosion, M|334\/334
|turn|41
|j|quagsgone
|c|☆LCezasfuck|Never mind
|choice|switch 3|move acidarmor
|
|switch|p1a: Stoutland|Stoutland, F|60\/311
|-damage|p1a: Stoutland|22\/311|[from] Stealth Rock
|move|p2a: Duosion|Acid Armor|p2a: Duosion
|-boost|p2a: Duosion|def|2
|
|upkeep
|turn|42
|choice|move frustration|move acidarmor
|
|move|p1a: Stoutland|Frustration|p2a: Duosion
|-damage|p2a: Duosion|205\/334
|move|p2a: Duosion|Acid Armor|p2a: Duosion
|-boost|p2a: Duosion|def|2
|
|upkeep
|turn|43
|choice|move frustration|move recover
|
|move|p1a: Stoutland|Frustration|p2a: Duosion
|-damage|p2a: Duosion|124\/334
|move|p2a: Duosion|Recover|p2a: Duosion
|-heal|p2a: Duosion|291\/334
|
|upkeep
|turn|44
|c|☆Beksel ✘|crit
|c|☆Beksel ✘|legit
|c|☆LCezasfuck|Crit one  time OHKO
|choice|move frustration|move psyshock
|
|move|p1a: Stoutland|Frustration|p2a: Duosion
|-damage|p2a: Duosion|198\/334
|move|p2a: Duosion|Psyshock|p1a: Stoutland
|-damage|p1a: Stoutland|0 fnt
|faint|p1a: Stoutland
|
|upkeep
|c|☆LCezasfuck|BYE
|c|☆Beksel ✘|np
|choice|switch 2|
|
|switch|p1a: Jumpluff|Jumpluff, F|291\/291
|-damage|p1a: Jumpluff|219\/291|[from] Stealth Rock
|turn|45
|c|☆LCezasfuck|LOL
|c|☆Beksel ✘|sleep and go se"t up
|choice|switch 3|switch 5
|
|switch|p1a: Trapinch|Trapinch, F|112\/294
|-damage|p1a: Trapinch|94\/294|[from] Stealth Rock
|switch|p2a: Dusclops|Dusclops, M|284\/284
|-ability|p2a: Dusclops|Pressure
|
|upkeep
|turn|46
|c|☆LCezasfuck|So u know
|choice|move rest|move icebeam
|
|move|p2a: Dusclops|Ice Beam|p1a: Trapinch
|-supereffective|p1a: Trapinch
|-damage|p1a: Trapinch|0 fnt
|faint|p1a: Trapinch
|
|upkeep
|choice|switch 5|
|
|switch|p1a: Zebstrika|Zebstrika, M|261\/289
|-damage|p1a: Zebstrika|225\/289|[from] Stealth Rock
|turn|47
|choice|move thunderbolt|move calmmind
|
|move|p1a: Zebstrika|Thunderbolt|p2a: Dusclops
|-damage|p2a: Dusclops|206\/284
|-damage|p1a: Zebstrika|197\/289|[from] item: Life Orb
|move|p2a: Dusclops|Calm Mind|p2a: Dusclops
|-boost|p2a: Dusclops|spa|1
|-boost|p2a: Dusclops|spd|1
|
|upkeep
|turn|48
|c|☆LCezasfuck|TANK AS FUCK
|choice|move thunderbolt|move icebeam
|
|move|p1a: Zebstrika|Thunderbolt|p2a: Dusclops
|-damage|p2a: Dusclops|150\/284
|-damage|p1a: Zebstrika|169\/289|[from] item: Life Orb
|move|p2a: Dusclops|Ice Beam|p1a: Zebstrika
|-damage|p1a: Zebstrika|66\/289
|
|upkeep
|turn|49
|c|☆Beksel ✘|para crit
|choice|move thunderbolt|move calmmind
|
|move|p1a: Zebstrika|Thunderbolt|p2a: Dusclops
|-damage|p2a: Dusclops|95\/284
|-damage|p1a: Zebstrika|38\/289|[from] item: Life Orb
|move|p2a: Dusclops|Calm Mind|p2a: Dusclops
|-boost|p2a: Dusclops|spa|1
|-boost|p2a: Dusclops|spd|1
|
|upkeep
|turn|50
|c|☆LCezasfuck|LOL
|c|☆LCezasfuck|WIsh not
|choice|move thunderbolt|move rest
|
|move|p1a: Zebstrika|Thunderbolt|p2a: Dusclops
|-damage|p2a: Dusclops|55\/284
|-damage|p1a: Zebstrika|10\/289|[from] item: Life Orb
|move|p2a: Dusclops|Rest|p2a: Dusclops
|-status|p2a: Dusclops|slp
|-heal|p2a: Dusclops|284\/284 slp|[silent]
|-status|p2a: Dusclops|slp|[from] move: Rest
|
|upkeep
|turn|51
|c|☆LCezasfuck|Life orb :)
|choice|move thunderbolt|move sleeptalk
|
|move|p1a: Zebstrika|Thunderbolt|p2a: Dusclops
|-crit|p2a: Dusclops
|-damage|p2a: Dusclops|171\/284 slp
|-damage|p1a: Zebstrika|0 fnt|[from] item: Life Orb
|faint|p1a: Zebstrika
|cant|p2a: Dusclops|slp
|move|p2a: Dusclops|Sleep Talk|p2a: Dusclops
|move|p2a: Dusclops|Calm Mind|p2a: Dusclops|[from]Sleep Talk
|-boost|p2a: Dusclops|spa|1
|-boost|p2a: Dusclops|spd|1
|
|upkeep
|c|☆LCezasfuck|"นไ
|c|☆LCezasfuck|WOw
|c|☆LCezasfuck|Crit in true situaton
|c|☆LCezasfuck|Crit in true situation
|choice|switch 6|
|
|switch|p1a: Metang|Metang|283\/323 frz
|-damage|p1a: Metang|263\/323 frz|[from] Stealth Rock
|turn|52
|choice|move meteormash|move sleeptalk
|
|cant|p1a: Metang|frz
|cant|p2a: Dusclops|slp
|move|p2a: Dusclops|Sleep Talk|p2a: Dusclops
|move|p2a: Dusclops|Rest|p2a: Dusclops|[from]Sleep Talk
|-fail|p2a: Dusclops
|
|upkeep
|turn|53
|choice|move meteormash|move icebeam
|
|cant|p1a: Metang|frz
|-curestatus|p2a: Dusclops|slp|[msg]
|move|p2a: Dusclops|Ice Beam|p1a: Metang
|-resisted|p1a: Metang
|-damage|p1a: Metang|214\/323 frz
|
|upkeep
|turn|54
|c|☆Beksel ✘|unlucky af
|choice|move meteormash|move calmmind
|
|-curestatus|p1a: Metang|frz|[msg]
|move|p1a: Metang|Meteor Mash|p2a: Dusclops
|-damage|p2a: Dusclops|119\/284
|move|p2a: Dusclops|Calm Mind|p2a: Dusclops
|-boost|p2a: Dusclops|spa|1
|-boost|p2a: Dusclops|spd|1
|
|upkeep
|turn|55
|choice|move meteormash|move rest
|
|move|p1a: Metang|Meteor Mash|p2a: Dusclops
|-damage|p2a: Dusclops|74\/284
|-boost|p1a: Metang|atk|1
|move|p2a: Dusclops|Rest|p2a: Dusclops
|-status|p2a: Dusclops|slp
|-heal|p2a: Dusclops|284\/284 slp|[silent]
|-status|p2a: Dusclops|slp|[from] move: Rest
|
|upkeep
|turn|56
|c|☆LCezasfuck|It's Pressure
|c|☆Beksel ✘|crit drop
|choice|move meteormash|move sleeptalk
|
|move|p1a: Metang|Meteor Mash|p2a: Dusclops
|-damage|p2a: Dusclops|209\/284 slp
|cant|p2a: Dusclops|slp
|move|p2a: Dusclops|Sleep Talk|p2a: Dusclops
|move|p2a: Dusclops|Calm Mind|p2a: Dusclops|[from]Sleep Talk
|-boost|p2a: Dusclops|spa|1
|-boost|p2a: Dusclops|spd|1
|
|upkeep
|turn|57
|c|☆LCezasfuck|-..-
|choice|move meteormash|move sleeptalk
|
|move|p1a: Metang|Meteor Mash|p2a: Dusclops
|-damage|p2a: Dusclops|131\/284 slp
|cant|p2a: Dusclops|slp
|move|p2a: Dusclops|Sleep Talk|p2a: Dusclops
|move|p2a: Dusclops|Ice Beam|p1a: Metang|[from]Sleep Talk
|-resisted|p1a: Metang
|-damage|p1a: Metang|152\/323
|
|upkeep
|turn|58
|choice|move meteormash|move rest
|
|move|p1a: Metang|Meteor Mash|p2a: Dusclops
|-damage|p2a: Dusclops|53\/284 slp
|-curestatus|p2a: Dusclops|slp|[msg]
|move|p2a: Dusclops|Rest|p2a: Dusclops
|-status|p2a: Dusclops|slp
|-heal|p2a: Dusclops|284\/284 slp|[silent]
|-status|p2a: Dusclops|slp|[from] move: Rest
|
|upkeep
|turn|59
|c|☆LCezasfuck|Only 3 Meteor mash
|choice|move meteormash|move sleeptalk
|
|move|p1a: Metang|Meteor Mash|p2a: Dusclops
|-damage|p2a: Dusclops|206\/284 slp
|cant|p2a: Dusclops|slp
|move|p2a: Dusclops|Sleep Talk|p2a: Dusclops
|move|p2a: Dusclops|Calm Mind|p2a: Dusclops|[from]Sleep Talk
|-boost|p2a: Dusclops|spa|1
|-boost|p2a: Dusclops|spd|1
|
|upkeep
|turn|60
|choice|move meteormash|move sleeptalk
|
|move|p1a: Metang|Meteor Mash|p2a: Dusclops|[miss]
|-miss|p1a: Metang|p2a: Dusclops
|cant|p2a: Dusclops|slp
|move|p2a: Dusclops|Sleep Talk|p2a: Dusclops
|move|p2a: Dusclops|Rest|p2a: Dusclops|[from]Sleep Talk
|-fail|p2a: Dusclops
|
|upkeep
|turn|61
|c|☆LCezasfuck|lol
|choice|move meteormash|move icebeam
|
|move|p1a: Metang|Meteor Mash|p2a: Dusclops
|-damage|p2a: Dusclops|131\/284 slp
|-curestatus|p2a: Dusclops|slp|[msg]
|move|p2a: Dusclops|Ice Beam|p1a: Metang
|-resisted|p1a: Metang
|-damage|p1a: Metang|77\/323
|
|upkeep
|turn|62
|choice|move earthquake|move rest
|
|move|p1a: Metang|Earthquake|p2a: Dusclops
|-damage|p2a: Dusclops|75\/284
|move|p2a: Dusclops|Rest|p2a: Dusclops
|-status|p2a: Dusclops|slp
|-heal|p2a: Dusclops|284\/284 slp|[silent]
|-status|p2a: Dusclops|slp|[from] move: Rest
|
|upkeep
|turn|63
|choice|move earthquake|move sleeptalk
|
|move|p1a: Metang|Earthquake|p2a: Dusclops
|-damage|p2a: Dusclops|228\/284 slp
|cant|p2a: Dusclops|slp
|move|p2a: Dusclops|Sleep Talk|p2a: Dusclops
|move|p2a: Dusclops|Calm Mind|p2a: Dusclops|[from]Sleep Talk
|-boost|p2a: Dusclops|spa|0
|-boost|p2a: Dusclops|spd|0
|
|upkeep
|turn|64
|choice|move earthquake|move sleeptalk
|
|move|p1a: Metang|Earthquake|p2a: Dusclops
|-damage|p2a: Dusclops|174\/284 slp
|cant|p2a: Dusclops|slp
|move|p2a: Dusclops|Sleep Talk|p2a: Dusclops
|move|p2a: Dusclops|Ice Beam|p1a: Metang|[from]Sleep Talk
|-resisted|p1a: Metang
|-damage|p1a: Metang|0 fnt
|faint|p1a: Metang
|
|upkeep
|-message|Beksel ✘ forfeited.
|
|win|LCezasfuck
|player|p1
|player|p2
|c|☆Beksel ✘|gg
|c|☆LCezasfuck|I toru like audino was tormented from trapinch
|l|quagsgone
|c|☆LCezasfuck|torment*
|l|Iron✘Pyrite
|l|Beksel ✘</script>
</div>
<div class="battle-log battle-log-inline"><div class="inner"><div class="battle-options"></div><div class="inner"><div class="chat"><small>Beksel ✘ joined.</small></div><div class="chat"><small>LCezasfuck joined.</small></div><div class=""><small>Format:</small> <br><strong>PU</strong></div><div class=""><small><em>Sleep Clause Mod:</em> Limit one foe put to sleep</small></div><div class=""><small><em>Species Clause:</em> Limit one of each Pokémon</small></div><div class=""><small><em>OHKO Clause:</em> OHKO moves are banned</small></div><div class=""><small><em>Moody Clause:</em> Moody is banned</small></div><div class=""><small><em>Evasion Moves Clause:</em> Evasion moves are banned</small></div><div class=""><small><em>Endless Battle Clause:</em> Forcing endless battles is banned</small></div><div class=""><small><em>HP Percentage Mod:</em> HP is shown in percentages</small></div><div class=""><small><em>Swagger Clause:</em> Swagger is banned</small></div><div class=""><small><em>Baton Pass Clause:</em> Limit one Baton Passer, can't pass Spe and other stats simultaneously</small></div><div class="chat battle-history"><strong>Beksel ✘'s team:</strong> <em style="color:#445566;display:block;">Stoutland / Jumpluff / Trapinch / Metang / Lumineon / Zebstrika</em></div><div class="chat battle-history"><strong>LCezasfuck's team:</strong> <em style="color:#445566;display:block;">Duosion / Mawile / Politoed / Audino / Cryogonal / Dusclops</em></div><div class="chat chatmessage-lcezasfuck"><strong style="color:hsl(63,60%,38.09380051909%)"><small>☆</small><span class="username" data-name="LCezasfuck">LCezasfuck</span>:</strong> <em>Hi</em></div><div class="chat chatmessage-beksel"><strong style="color:hsl(31,69%,45%)"><small>☆</small><span class="username" data-name="Beksel ✘">Beksel ✘</span>:</strong> <em>Have Fun!</em></div><div class="chat chatmessage-lcezasfuck"><strong style="color:hsl(63,60%,38.09380051909%)"><small>☆</small><span class="username" data-name="LCezasfuck">LCezasfuck</span>:</strong> <em>u too</em></div><div class="spacer battle-history"><br></div><div class="battle-history">Battle started between Beksel ✘ and LCezasfuck!<br></div><div class="spacer battle-history"><br></div><div class="battle-history">Go! <strong>Lumineon</strong>!<br></div><div class="spacer battle-history"><br></div><div class="battle-history">LCezasfuck sent out <strong>Politoed</strong>!<br></div><div class="spacer battle-history"><br></div><h2 class="battle-history">Turn 1</h2><div class="spacer battle-history"><br></div><div class="battle-history">LCezasfuck withdrew Politoed!<br></div><div class="battle-history">LCezasfuck sent out <strong>Audino</strong>!<br></div><div class="spacer battle-history"><br></div><div class="battle-history">Lumineon used <strong>Toxic</strong>!<br></div><div class="battle-history"><small>The opposing Audino was badly poisoned!</small><br></div><div class="spacer battle-history"><br></div><div class="battle-history"><small>The opposing Audino was hurt by poison!</small><br></div><div class="spacer battle-history"><br></div><h2 class="battle-history">Turn 2</h2><div class="spacer battle-history"><br></div><div class="battle-history">Lumineon used <strong>Scald</strong>!<br></div><div class="battle-history"><small>(The opposing Audino lost <abbr title="−61/410">14.9%</abbr> of its health!)</small><br></div><div class="spacer battle-history"><br></div><div class="battle-history">The opposing Audino used <strong>Heal Bell</strong>!<br></div><div class="battle-history"><small>A bell chimed!</small><br></div><div class="battle-history"><small>The opposing Audino was cured of its poisoning.</small><br></div><div class="spacer battle-history"><br></div><div class="battle-history"><small>The opposing Audino restored a little HP using its Leftovers!</small><br></div><div class="spacer battle-history"><br></div><h2 class="battle-history">Turn 3</h2><div class="spacer battle-history"><br></div><div class="battle-history">Lumineon used <strong>Toxic</strong>!<br></div><div class="battle-history"><small>The opposing Audino was badly poisoned!</small><br></div><div class="spacer battle-history"><br></div><div class="battle-history">The opposing Audino used <strong>Knock Off</strong>!<br></div><div class="battle-history"><small>(Lumineon lost <abbr title="−42/341">12.3%</abbr> of its health!)</small><br></div><div class="battle-history"><small>The opposing Audino knocked off Lumineon's Leftovers!</small><br></div><div class="spacer battle-history"><br></div><div class="battle-history"><small>The opposing Audino restored a little HP using its Leftovers!</small><br></div><div class="battle-history"><small>The opposing Audino was hurt by poison!</small><br></div><div class="spacer battle-history"><br></div><h2 class="battle-history">Turn 4</h2><div class="spacer battle-history"><br></div><div class="battle-history">Lumineon used <strong>U-turn</strong>!<br></div><div class="battle-history"><small>A critical hit!</small><br></div><div class="battle-history"><small>(The opposing Audino lost <abbr title="−60/410">14.6%</abbr> of its health!)</small><br></div><div class="spacer battle-history"><br></div><div class="battle-history">Lumineon went back to Beksel ✘!<br></div><div class="battle-history">Go! <strong>Stoutland</strong>!<br></div><div class="spacer battle-history"><br></div><div class="battle-history">The opposing Audino used <strong>Heal Bell</strong>!<br></div><div class="battle-history"><small>A bell chimed!</small><br></div><div class="battle-history"><small>The opposing Audino was cured of its poisoning.</small><br></div><div class="spacer battle-history"><br></div><div class="battle-history"><small>The opposing Audino restored a little HP using its Leftovers!</small><br></div><div class="spacer battle-history"><br></div><h2 class="battle-history">Turn 5</h2><div class="spacer battle-history"><br></div><div class="battle-history">The opposing Audino used <strong>Protect</strong>!<br></div><div class="battle-history"><small>The opposing Audino protected itself!</small><br></div><div class="spacer battle-history"><br></div><div class="battle-history">Stoutland used <strong>Frustration</strong>!<br></div><div class="battle-history"><small>The opposing Audino protected itself!</small><br></div><div class="spacer battle-history"><br></div><div class="battle-history"><small>The opposing Audino restored a little HP using its Leftovers!</small><br></div><div class="spacer battle-history"><br></div><h2 class="battle-history">Turn 6</h2><div class="spacer battle-history"><br></div><div class="battle-history">Stoutland used <strong>Frustration</strong>!<br></div><div class="battle-history"><small>(The opposing Audino lost <abbr title="−256/410">62.4%</abbr> of its health!)</small><br></div><div class="spacer battle-history"><br></div><div class="battle-history">The opposing Audino used <strong>Wish</strong>!<br></div><div class="spacer battle-history"><br></div><div class="battle-history"><small>The opposing Audino restored a little HP using its Leftovers!</small><br></div><div class="spacer battle-history"><br></div><h2 class="battle-history">Turn 7</h2><div class="chat"><small>Jungle Fox joined.</small></div><div class="chat chatmessage-junglefox"><em><i><strong style="color:hsl(303,42%,50.48366012119777%)">• <small>%</small><span class="username" data-name="Jungle Fox">Jungle Fox</span></strong> pops</i></em></div><div class="chat chatmessage-junglefox"><strong style="color:hsl(303,42%,50.48366012119777%)"><small>%</small><span class="username" data-name="Jungle Fox">Jungle Fox</span>:</strong> <em>hi</em></div><div class="spacer battle-history"><br></div><div class="battle-history">LCezasfuck withdrew Audino!<br></div><div class="battle-history">LCezasfuck sent out <strong>Mawile</strong>!<br></div><div class="battle-history"><small>[The opposing Mawile's Intimidate]</small><br></div><div class="battle-history"><small>Stoutland's Attack fell!</small><br></div><div class="spacer battle-history"><br></div><div class="battle-history">Stoutland used <strong>Frustration</strong>!<br></div><div class="battle-history"><small>It's not very effective...</small><br></div><div class="battle-history"><small>(The opposing Mawile lost <abbr title="−84/304">27.6%</abbr> of its health!)</small><br></div><div class="spacer battle-history"><br></div><div class="battle-history"><small>Audino's wish came true!</small><br></div><div class="spacer battle-history"><br></div><h2 class="battle-history">Turn 8</h2><div class="chat chatmessage-beksel"><strong style="color:hsl(31,69%,45%)"><small>☆</small><span class="username" data-name="Beksel ✘">Beksel ✘</span>:</strong> <em>Hi</em></div><div class="spacer battle-history"><br></div><div class="battle-history">Stoutland, come back!<br></div><div class="battle-history">Go! <strong>Lumineon</strong>!<br></div><div class="spacer battle-history"><br></div><div class="battle-history">LCezasfuck withdrew Mawile!<br></div><div class="battle-history">LCezasfuck sent out <strong>Cryogonal</strong>!<br></div><div class="spacer battle-history"><br></div><h2 class="battle-history">Turn 9</h2><div class="spacer battle-history"><br></div><div class="battle-history">Lumineon, come back!<br></div><div class="battle-history">Go! <strong>Metang</strong>!<br></div><div class="spacer battle-history"><br></div><div class="battle-history">The opposing Cryogonal used <strong>Freeze-Dry</strong>!<br></div><div class="battle-history"><small>It's not very effective...</small><br></div><div class="battle-history"><small>(Metang lost <abbr title="−40/323">12.4%</abbr> of its health!)</small><br></div><div class="battle-history"><small>Metang was frozen solid!</small><br></div><div class="spacer battle-history"><br></div><h2 class="battle-history">Turn 10</h2><div class="chat chatmessage-lcezasfuck"><strong style="color:hsl(63,60%,38.09380051909%)"><small>☆</small><span class="username" data-name="LCezasfuck">LCezasfuck</span>:</strong> <em>Bad</em></div><div class="chat chatmessage-beksel"><strong style="color:hsl(31,69%,45%)"><small>☆</small><span class="username" data-name="Beksel ✘">Beksel ✘</span>:</strong> <em>--"</em></div><div class="spacer battle-history"><br></div><div class="battle-history">LCezasfuck withdrew Cryogonal!<br></div><div class="battle-history">LCezasfuck sent out <strong>Audino</strong>!<br></div><div class="spacer battle-history"><br></div><div class="battle-history">Metang, come back!<br></div><div class="battle-history">Go! <strong>Zebstrika</strong>!<br></div><div class="spacer battle-history"><br></div><div class="battle-history"><small>The opposing Audino restored a little HP using its Leftovers!</small><br></div><div class="spacer battle-history"><br></div><h2 class="battle-history">Turn 11</h2><div class="spacer battle-history"><br></div><div class="battle-history">Zebstrika used <strong>Volt Switch</strong>!<br></div><div class="battle-history"><small>(The opposing Audino lost <abbr title="−109/410">26.6%</abbr> of its health!)</small><br></div><div class="battle-history"><small>Zebstrika lost some of its HP!</small><br></div><div class="spacer battle-history"><br></div><div class="battle-history">Zebstrika went back to Beksel ✘!<br></div><div class="battle-history">Go! <strong>Stoutland</strong>!<br></div><div class="spacer battle-history"><br></div><div class="battle-history">The opposing Audino used <strong>Wish</strong>!<br></div><div class="spacer battle-history"><br></div><div class="battle-history"><small>The opposing Audino restored a little HP using its Leftovers!</small><br></div><div class="spacer battle-history"><br></div><h2 class="battle-history">Turn 12</h2><div class="spacer battle-history"><br></div><div class="battle-history">The opposing Audino used <strong>Protect</strong>!<br></div><div class="battle-history"><small>The opposing Audino protected itself!</small><br></div><div class="spacer battle-history"><br></div><div class="battle-history">Stoutland used <strong>Frustration</strong>!<br></div><div class="battle-history"><small>The opposing Audino protected itself!</small><br></div><div class="spacer battle-history"><br></div><div class="battle-history"><small>Audino's wish came true!</small><br></div><div class="battle-history"><small>The opposing Audino restored a little HP using its Leftovers!</small><br></div><div class="spacer battle-history"><br></div><h2 class="battle-history">Turn 13</h2><div class="spacer battle-history"><br></div><div class="battle-history">Stoutland used <strong>Frustration</strong>!<br></div><div class="battle-history"><small>(The opposing Audino lost <abbr title="−259/410">63.2%</abbr> of its health!)</small><br></div><div class="spacer battle-history"><br></div><div class="battle-history">The opposing Audino used <strong>Wish</strong>!<br></div><div class="spacer battle-history"><br></div><div class="battle-history"><small>The opposing Audino restored a little HP using its Leftovers!</small><br></div><div class="spacer battle-history"><br></div><h2 class="battle-history">Turn 14</h2><div class="spacer battle-history"><br></div><div class="battle-history">Stoutland, come back!<br></div><div class="battle-history">Go! <strong>Trapinch</strong>!<br></div><div class="spacer battle-history"><br></div><div class="battle-history">LCezasfuck withdrew Audino!<br></div><div class="battle-history">LCezasfuck sent out <strong>Mawile</strong>!<br></div><div class="battle-history"><small>[The opposing Mawile's Intimidate]</small><br></div><div class="battle-history"><small>Trapinch's Attack fell!</small><br></div><div class="spacer battle-history"><br></div><h2 class="battle-history">Turn 15</h2><div class="chat chatmessage-lcezasfuck"><strong style="color:hsl(63,60%,38.09380051909%)"><small>☆</small><span class="username" data-name="LCezasfuck">LCezasfuck</span>:</strong> <em>!dt trapinch</em></div><div class="chat message-error">[outdated code no longer supported]</div><div class="chat"><font size="1"><font color="#686868">Dex#:</font> 328&nbsp;|  <font color="#686868">Gen:</font> 3&nbsp;|  <font color="#686868">Height:</font> 0.7 m&nbsp;|  <font color="#686868">Weight:</font> 15 kg <em>(40 BP)</em>&nbsp;|  <font color="#686868">Dex Colour:</font> Brown&nbsp;|  <font color="#686868">Egg Group(s):</font> Bug&nbsp;|  <font color="#686868">Evolution:</font> Vibrava (35)</font></div><div class="spacer battle-history"><br></div><div class="battle-history">The opposing Mawile used <strong>Play Rough</strong>!<br></div><div class="battle-history"><small>(Trapinch lost <abbr title="−100/294">34.0%</abbr> of its health!)</small><br></div><div class="battle-history"><small>Trapinch's Attack fell!</small><br></div><div class="spacer battle-history"><br></div><div class="battle-history">Trapinch used <strong>Earthquake</strong>!<br></div><div class="battle-history"><small>It's super effective!</small><br></div><div class="battle-history"><small>(The opposing Mawile lost <abbr title="−108/304">35.5%</abbr> of its health!)</small><br></div><div class="spacer battle-history"><br></div><div class="battle-history"><small>The opposing Mawile restored a little HP using its Leftovers!</small><br></div><div class="spacer battle-history"><br></div><h2 class="battle-history">Turn 16</h2><div class="spacer battle-history"><br></div><div class="battle-history">The opposing Mawile used <strong>Play Rough</strong>!<br></div><div class="battle-history"><small>(Trapinch lost <abbr title="−109/294">37.1%</abbr> of its health!)</small><br></div><div class="spacer battle-history"><br></div><div class="battle-history">Trapinch used <strong>Rest</strong>!<br></div><div class="battle-history"><small>Trapinch fell asleep!</small><br></div><div class="battle-history"><small>Trapinch slept and became healthy!</small><br></div><div class="spacer battle-history"><br></div><div class="battle-history"><small>The opposing Mawile restored a little HP using its Leftovers!</small><br></div><div class="spacer battle-history"><br></div><h2 class="battle-history">Turn 17</h2><div class="spacer battle-history"><br></div><div class="battle-history">The opposing Mawile used <strong>Stealth Rock</strong>!<br></div><div class="battle-history"><small>Pointed stones float in the air around your team!</small><br></div><div class="spacer battle-history"><br></div><div class="battle-history">Trapinch is fast asleep.<br></div><div class="spacer battle-history"><br></div><div class="battle-history">Trapinch used <strong>Sleep Talk</strong>!<br></div><div class="spacer battle-history"><br></div><div class="battle-history">Trapinch used <strong>Earthquake</strong>!<br></div><div class="battle-history"><small>It's super effective!</small><br></div><div class="battle-history"><small>(The opposing Mawile lost <abbr title="−108/304">35.5%</abbr> of its health!)</small><br></div><div class="spacer battle-history"><br></div><div class="battle-history"><small>The opposing Mawile restored a little HP using its Leftovers!</small><br></div><div class="spacer battle-history"><br></div><h2 class="battle-history">Turn 18</h2><div class="chat chatmessage-lcezasfuck"><strong style="color:hsl(63,60%,38.09380051909%)"><small>☆</small><span class="username" data-name="LCezasfuck">LCezasfuck</span>:</strong> <em>WTF TRAPINCH</em></div><div class="chat chatmessage-beksel"><strong style="color:hsl(31,69%,45%)"><small>☆</small><span class="username" data-name="Beksel ✘">Beksel ✘</span>:</strong> <em>classic set</em></div><div class="spacer battle-history"><br></div><div class="battle-history">The opposing Mawile used <strong>Play Rough</strong>!<br></div><div class="battle-history"><small>(Trapinch lost <abbr title="−102/294">34.7%</abbr> of its health!)</small><br></div><div class="spacer battle-history"><br></div><div class="battle-history">Trapinch is fast asleep.<br></div><div class="spacer battle-history"><br></div><div class="battle-history">Trapinch used <strong>Sleep Talk</strong>!<br></div><div class="spacer battle-history"><br></div><div class="battle-history">Trapinch used <strong>Rest</strong>!<br></div><div class="battle-history"><small>But it failed!</small><br></div><div class="spacer battle-history"><br></div><div class="battle-history"><small>The opposing Mawile restored a little HP using its Leftovers!</small><br></div><div class="spacer battle-history"><br></div><h2 class="battle-history">Turn 19</h2><div class="spacer battle-history"><br></div><div class="battle-history">The opposing Mawile used <strong>Play Rough</strong>!<br></div><div class="battle-history"><small>(Trapinch lost <abbr title="−99/294">33.7%</abbr> of its health!)</small><br></div><div class="battle-history"><small>Trapinch woke up!</small><br></div><div class="spacer battle-history"><br></div><div class="battle-history">Trapinch used <strong>Rest</strong>!<br></div><div class="battle-history"><small>Trapinch fell asleep!</small><br></div><div class="battle-history"><small>Trapinch slept and became healthy!</small><br></div><div class="spacer battle-history"><br></div><div class="battle-history"><small>The opposing Mawile restored a little HP using its Leftovers!</small><br></div><div class="spacer battle-history"><br></div><h2 class="battle-history">Turn 20</h2><div class="spacer battle-history"><br></div><div class="battle-history">The opposing Mawile used <strong>Flash Cannon</strong>!<br></div><div class="battle-history"><small>(Trapinch lost <abbr title="−52/294">17.7%</abbr> of its health!)</small><br></div><div class="battle-history"><small>Trapinch's Special Defense fell!</small><br></div><div class="spacer battle-history"><br></div><div class="battle-history">Trapinch is fast asleep.<br></div><div class="spacer battle-history"><br></div><div class="battle-history">Trapinch used <strong>Sleep Talk</strong>!<br></div><div class="spacer battle-history"><br></div><div class="battle-history">Trapinch used <strong>Rest</strong>!<br></div><div class="battle-history"><small>But it failed!</small><br></div><div class="spacer battle-history"><br></div><div class="battle-history"><small>The opposing Mawile restored a little HP using its Leftovers!</small><br></div><div class="spacer battle-history"><br></div><h2 class="battle-history">Turn 21</h2><div class="spacer battle-history"><br></div><div class="battle-history">The opposing Mawile used <strong>Flash Cannon</strong>!<br></div><div class="battle-history"><small>(Trapinch lost <abbr title="−72/294">24.5%</abbr> of its health!)</small><br></div><div class="spacer battle-history"><br></div><div class="battle-history">Trapinch is fast asleep.<br></div><div class="spacer battle-history"><br></div><div class="battle-history">Trapinch used <strong>Sleep Talk</strong>!<br></div><div class="spacer battle-history"><br></div><div class="battle-history">Trapinch used <strong>Earthquake</strong>!<br></div><div class="battle-history"><small>It's super effective!</small><br></div><div class="battle-history"><small>(The opposing Mawile lost <abbr title="−104/304">34.2%</abbr> of its health!)</small><br></div><div class="spacer battle-history"><br></div><div class="battle-history"><small>The opposing Mawile restored a little HP using its Leftovers!</small><br></div><div class="spacer battle-history"><br></div><h2 class="battle-history">Turn 22</h2><div class="chat chatmessage-beksel"><strong style="color:hsl(31,69%,45%)"><small>☆</small><span class="username" data-name="Beksel ✘">Beksel ✘</span>:</strong> <em>Unlucky Af</em></div><div class="spacer battle-history"><br></div><div class="battle-history">The opposing Mawile used <strong>Flash Cannon</strong>!<br></div><div class="battle-history"><small>(Trapinch lost <abbr title="−79/294">26.9%</abbr> of its health!)</small><br></div><div class="battle-history"><small>Trapinch woke up!</small><br></div><div class="spacer battle-history"><br></div><div class="battle-history">Trapinch used <strong>Earthquake</strong>!<br></div><div class="battle-history"><small>It's super effective!</small><br></div><div class="battle-history"><small>(The opposing Mawile lost <abbr title="−102/304">33.6%</abbr> of its health!)</small><br></div><div class="spacer battle-history"><br></div><div class="battle-history"><small>The opposing Mawile restored a little HP using its Leftovers!</small><br></div><div class="spacer battle-history"><br></div><h2 class="battle-history">Turn 23</h2><div class="spacer battle-history"><br></div><div class="battle-history">Trapinch, come back!<br></div><div class="battle-history">Go! <strong>Stoutland</strong>!<br></div><div class="battle-history"><small>Pointed stones dug into Stoutland!</small><br></div><div class="spacer battle-history"><br></div><div class="battle-history">The opposing Mawile used <strong>Play Rough</strong>!<br></div><div class="battle-history"><small>A critical hit!</small><br></div><div class="battle-history"><small>(Stoutland lost <abbr title="−166/311">53.4%</abbr> of its health!)</small><br></div><div class="spacer battle-history"><br></div><div class="battle-history"><small>The opposing Mawile restored a little HP using its Leftovers!</small><br></div><div class="spacer battle-history"><br></div><h2 class="battle-history">Turn 24</h2><div class="chat chatmessage-beksel"><strong style="color:hsl(31,69%,45%)"><small>☆</small><span class="username" data-name="Beksel ✘">Beksel ✘</span>:</strong> <em>:(</em></div><div class="chat chatmessage-beksel"><strong style="color:hsl(31,69%,45%)"><small>☆</small><span class="username" data-name="Beksel ✘">Beksel ✘</span>:</strong> <em>Very bad luck</em></div><div class="spacer battle-history"><br></div><div class="battle-history">LCezasfuck withdrew Mawile!<br></div><div class="battle-history">LCezasfuck sent out <strong>Dusclops</strong>!<br></div><div class="battle-history"><small>[The opposing Dusclops's Pressure]</small><br><small>The opposing Dusclops is exerting its pressure!</small><br></div><div class="spacer battle-history"><br></div><div class="battle-history">Stoutland used <strong>Facade</strong>!<br></div><div class="battle-history"><small>(The opposing Dusclops lost <abbr title="−69/284">24.3%</abbr> of its health!)</small><br></div><div class="spacer battle-history"><br></div><h2 class="battle-history">Turn 25</h2><div class="spacer battle-history"><br></div><div class="battle-history">Stoutland used <strong>Facade</strong>!<br></div><div class="battle-history"><small>(The opposing Dusclops lost <abbr title="−79/284">27.8%</abbr> of its health!)</small><br></div><div class="spacer battle-history"><br></div><div class="battle-history">The opposing Dusclops used <strong>Ice Beam</strong>!<br></div><div class="battle-history"><small>(Stoutland lost <abbr title="−47/311">15.1%</abbr> of its health!)</small><br></div><div class="spacer battle-history"><br></div><h2 class="battle-history">Turn 26</h2><div class="spacer battle-history"><br></div><div class="battle-history">Stoutland used <strong>Facade</strong>!<br></div><div class="battle-history"><small>(The opposing Dusclops lost <abbr title="−67/284">23.6%</abbr> of its health!)</small><br></div><div class="spacer battle-history"><br></div><div class="battle-history">The opposing Dusclops used <strong>Rest</strong>!<br></div><div class="battle-history"><small>The opposing Dusclops fell asleep!</small><br></div><div class="battle-history"><small>The opposing Dusclops slept and became healthy!</small><br></div><div class="spacer battle-history"><br></div><h2 class="battle-history">Turn 27</h2><div class="spacer battle-history"><br></div><div class="battle-history">Stoutland, come back!<br></div><div class="battle-history">Go! <strong>Trapinch</strong>!<br></div><div class="battle-history"><small>Pointed stones dug into Trapinch!</small><br></div><div class="spacer battle-history"><br></div><div class="battle-history">LCezasfuck withdrew Dusclops!<br></div><div class="battle-history">LCezasfuck sent out <strong>Audino</strong>!<br></div><div class="spacer battle-history"><br></div><div class="battle-history"><small>The opposing Audino restored a little HP using its Leftovers!</small><br></div><div class="spacer battle-history"><br></div><h2 class="battle-history">Turn 28</h2><div class="chat chatmessage-lcezasfuck"><strong style="color:hsl(63,60%,38.09380051909%)"><small>☆</small><span class="username" data-name="LCezasfuck">LCezasfuck</span>:</strong> <em>Aw</em></div><div class="chat chatmessage-lcezasfuck"><strong style="color:hsl(63,60%,38.09380051909%)"><small>☆</small><span class="username" data-name="LCezasfuck">LCezasfuck</span>:</strong> <em>U predict?</em></div><div class="spacer battle-history"><br></div><div class="battle-history">The opposing Audino used <strong>Knock Off</strong>!<br></div><div class="battle-history"><small>(Trapinch lost <abbr title="−51/294">17.3%</abbr> of its health!)</small><br></div><div class="battle-history"><small>The opposing Audino knocked off Trapinch's Eviolite!</small><br></div><div class="spacer battle-history"><br></div><div class="battle-history">Trapinch used <strong>Rest</strong>!<br></div><div class="battle-history"><small>Trapinch fell asleep!</small><br></div><div class="battle-history"><small>Trapinch slept and became healthy!</small><br></div><div class="spacer battle-history"><br></div><div class="battle-history"><small>The opposing Audino restored a little HP using its Leftovers!</small><br></div><div class="spacer battle-history"><br></div><h2 class="battle-history">Turn 29</h2><div class="chat chatmessage-beksel"><strong style="color:hsl(31,69%,45%)"><small>☆</small><span class="username" data-name="Beksel ✘">Beksel ✘</span>:</strong> <em>nop</em></div><div class="chat chatmessage-beksel"><strong style="color:hsl(31,69%,45%)"><small>☆</small><span class="username" data-name="Beksel ✘">Beksel ✘</span>:</strong> <em>iwant just rest*</em></div><div class="spacer battle-history"><br></div><div class="battle-history">The opposing Audino used <strong>Knock Off</strong>!<br></div><div class="battle-history"><small>(Trapinch lost <abbr title="−54/294">18.4%</abbr> of its health!)</small><br></div><div class="spacer battle-history"><br></div><div class="battle-history">Trapinch is fast asleep.<br></div><div class="spacer battle-history"><br></div><div class="battle-history">Trapinch used <strong>Sleep Talk</strong>!<br></div><div class="spacer battle-history"><br></div><div class="battle-history">Trapinch used <strong>Rest</strong>!<br></div><div class="battle-history"><small>But it failed!</small><br></div><div class="spacer battle-history"><br></div><div class="battle-history"><small>The opposing Audino restored a little HP using its Leftovers!</small><br></div><div class="spacer battle-history"><br></div><h2 class="battle-history">Turn 30</h2><div class="chat chatmessage-lcezasfuck"><strong style="color:hsl(63,60%,38.09380051909%)"><small>☆</small><span class="username" data-name="LCezasfuck">LCezasfuck</span>:</strong> <em>TT</em></div><div class="chat chatmessage-lcezasfuck"><strong style="color:hsl(63,60%,38.09380051909%)"><small>☆</small><span class="username" data-name="LCezasfuck">LCezasfuck</span>:</strong> <em>TOrment me</em></div><div class="chat chatmessage-beksel"><strong style="color:hsl(31,69%,45%)"><small>☆</small><span class="username" data-name="Beksel ✘">Beksel ✘</span>:</strong> <em>and you have 6pp of heal bell :)</em></div><div class="spacer battle-history"><br></div><div class="battle-history">The opposing Audino used <strong>Knock Off</strong>!<br></div><div class="battle-history"><small>(Trapinch lost <abbr title="−50/294">17.0%</abbr> of its health!)</small><br></div><div class="spacer battle-history"><br></div><div class="battle-history">Trapinch is fast asleep.<br></div><div class="spacer battle-history"><br></div><div class="battle-history">Trapinch used <strong>Sleep Talk</strong>!<br></div><div class="spacer battle-history"><br></div><div class="battle-history">Trapinch used <strong>Rest</strong>!<br></div><div class="battle-history"><small>But it failed!</small><br></div><div class="spacer battle-history"><br></div><div class="battle-history"><small>The opposing Audino restored a little HP using its Leftovers!</small><br></div><div class="spacer battle-history"><br></div><h2 class="battle-history">Turn 31</h2><div class="spacer battle-history"><br></div><div class="battle-history">The opposing Audino used <strong>Protect</strong>!<br></div><div class="battle-history"><small>The opposing Audino protected itself!</small><br></div><div class="battle-history"><small>Trapinch woke up!</small><br></div><div class="spacer battle-history"><br></div><div class="battle-history">Trapinch used <strong>Toxic</strong>!<br></div><div class="battle-history"><small>The opposing Audino protected itself!</small><br></div><div class="spacer battle-history"><br></div><h2 class="battle-history">Turn 32</h2><div class="spacer battle-history"><br></div><div class="battle-history">The opposing Audino used <strong>Knock Off</strong>!<br></div><div class="battle-history"><small>(Trapinch lost <abbr title="−51/294">17.3%</abbr> of its health!)</small><br></div><div class="spacer battle-history"><br></div><div class="battle-history">Trapinch used <strong>Toxic</strong>!<br></div><div class="battle-history"><small>The opposing Audino avoided the attack!</small><br></div><div class="spacer battle-history"><br></div><h2 class="battle-history">Turn 33</h2><div class="spacer battle-history"><br></div><div class="battle-history">The opposing Audino used <strong>Protect</strong>!<br></div><div class="battle-history"><small>The opposing Audino protected itself!</small><br></div><div class="spacer battle-history"><br></div><div class="battle-history">Trapinch used <strong>Earthquake</strong>!<br></div><div class="battle-history"><small>The opposing Audino protected itself!</small><br></div><div class="spacer battle-history"><br></div><h2 class="battle-history">Turn 34</h2><div class="spacer battle-history"><br></div><div class="battle-history">The opposing Audino used <strong>Knock Off</strong>!<br></div><div class="battle-history"><small>(Trapinch lost <abbr title="−58/294">19.7%</abbr> of its health!)</small><br></div><div class="spacer battle-history"><br></div><div class="battle-history">Trapinch used <strong>Toxic</strong>!<br></div><div class="battle-history"><small>The opposing Audino was badly poisoned!</small><br></div><div class="spacer battle-history"><br></div><div class="battle-history"><small>The opposing Audino was hurt by poison!</small><br></div><div class="spacer battle-history"><br></div><h2 class="battle-history">Turn 35</h2><div class="chat chatmessage-lcezasfuck"><strong style="color:hsl(63,60%,38.09380051909%)"><small>☆</small><span class="username" data-name="LCezasfuck">LCezasfuck</span>:</strong> <em>Crit plz</em></div><div class="spacer battle-history"><br></div><div class="battle-history">The opposing Audino used <strong>Knock Off</strong>!<br></div><div class="battle-history"><small>(Trapinch lost <abbr title="−57/294">19.4%</abbr> of its health!)</small><br></div><div class="spacer battle-history"><br></div><div class="battle-history">Trapinch used <strong>Rest</strong>!<br></div><div class="battle-history"><small>Trapinch fell asleep!</small><br></div><div class="battle-history"><small>Trapinch slept and became healthy!</small><br></div><div class="spacer battle-history"><br></div><div class="battle-history"><small>The opposing Audino restored a little HP using its Leftovers!</small><br></div><div class="battle-history"><small>The opposing Audino was hurt by poison!</small><br></div><div class="spacer battle-history"><br></div><h2 class="battle-history">Turn 36</h2><div class="chat chatmessage-lcezasfuck"><strong style="color:hsl(63,60%,38.09380051909%)"><small>☆</small><span class="username" data-name="LCezasfuck">LCezasfuck</span>:</strong> <em>...</em></div><div class="chat"><small>Iron✘Pyrite joined.</small></div><div class="spacer battle-history"><br></div><div class="battle-history">The opposing Audino used <strong>Knock Off</strong>!<br></div><div class="battle-history"><small>A critical hit!</small><br></div><div class="battle-history"><small>(Trapinch lost <abbr title="−74/294">25.2%</abbr> of its health!)</small><br></div><div class="spacer battle-history"><br></div><div class="battle-history">Trapinch is fast asleep.<br></div><div class="spacer battle-history"><br></div><div class="battle-history">Trapinch used <strong>Sleep Talk</strong>!<br></div><div class="spacer battle-history"><br></div><div class="battle-history">Trapinch used <strong>Toxic</strong>!<br></div><div class="battle-history"><small>But it failed!</small><br></div><div class="spacer battle-history"><br></div><div class="battle-history"><small>The opposing Audino restored a little HP using its Leftovers!</small><br></div><div class="battle-history"><small>The opposing Audino was hurt by poison!</small><br></div><div class="spacer battle-history"><br></div><h2 class="battle-history">Turn 37</h2><div class="spacer battle-history"><br></div><div class="battle-history">The opposing Audino used <strong>Knock Off</strong>!<br></div><div class="battle-history"><small>(Trapinch lost <abbr title="−52/294">17.7%</abbr> of its health!)</small><br></div><div class="spacer battle-history"><br></div><div class="battle-history">Trapinch is fast asleep.<br></div><div class="spacer battle-history"><br></div><div class="battle-history">Trapinch used <strong>Sleep Talk</strong>!<br></div><div class="spacer battle-history"><br></div><div class="battle-history">Trapinch used <strong>Toxic</strong>!<br></div><div class="battle-history"><small>But it failed!</small><br></div><div class="spacer battle-history"><br></div><div class="battle-history"><small>The opposing Audino restored a little HP using its Leftovers!</small><br></div><div class="battle-history"><small>The opposing Audino was hurt by poison!</small><br></div><div class="spacer battle-history"><br></div><h2 class="battle-history">Turn 38</h2><div class="spacer battle-history"><br></div><div class="battle-history">The opposing Audino used <strong>Heal Bell</strong>!<br></div><div class="battle-history"><small>A bell chimed!</small><br></div><div class="battle-history"><small>The opposing Audino was cured of its poisoning.</small><br></div><div class="battle-history"><small>The opposing Dusclops woke up!</small><br></div><div class="battle-history"><small>Trapinch woke up!</small><br></div><div class="spacer battle-history"><br></div><div class="battle-history">Trapinch used <strong>Earthquake</strong>!<br></div><div class="battle-history"><small>(The opposing Audino lost <abbr title="−118/410">28.8%</abbr> of its health!)</small><br></div><div class="spacer battle-history"><br></div><div class="battle-history"><small>The opposing Audino restored a little HP using its Leftovers!</small><br></div><div class="spacer battle-history"><br></div><h2 class="battle-history">Turn 39</h2><div class="spacer battle-history"><br></div><div class="battle-history">The opposing Audino used <strong>Knock Off</strong>!<br></div><div class="battle-history"><small>(Trapinch lost <abbr title="−56/294">19.0%</abbr> of its health!)</small><br></div><div class="spacer battle-history"><br></div><div class="battle-history">Trapinch used <strong>Toxic</strong>!<br></div><div class="battle-history"><small>The opposing Audino was badly poisoned!</small><br></div><div class="spacer battle-history"><br></div><div class="battle-history"><small>The opposing Audino restored a little HP using its Leftovers!</small><br></div><div class="battle-history"><small>The opposing Audino was hurt by poison!</small><br></div><div class="spacer battle-history"><br></div><h2 class="battle-history">Turn 40</h2><div class="spacer battle-history"><br></div><div class="battle-history">The opposing Audino used <strong>Wish</strong>!<br></div><div class="spacer battle-history"><br></div><div class="battle-history">Trapinch used <strong>Earthquake</strong>!<br></div><div class="battle-history"><small>(The opposing Audino lost <abbr title="−120/410">29.3%</abbr> of its health!)</small><br></div><div class="spacer battle-history"><br></div><div class="battle-history"><small>The opposing Audino restored a little HP using its Leftovers!</small><br></div><div class="battle-history"><small>The opposing Audino was hurt by poison!</small><br></div><div class="spacer battle-history"><br></div><div class="battle-history">The opposing Audino fainted!<br></div><div class="chat chatmessage-beksel"><strong style="color:hsl(31,69%,45%)"><small>☆</small><span class="username" data-name="Beksel ✘">Beksel ✘</span>:</strong> <em>yeah</em></div><div class="spacer battle-history"><br></div><div class="battle-history">LCezasfuck sent out <strong>Duosion</strong>!<br></div><div class="spacer battle-history"><br></div><h2 class="battle-history">Turn 41</h2><div class="chat"><small>quagsgone joined.</small></div><div class="chat chatmessage-lcezasfuck"><strong style="color:hsl(63,60%,38.09380051909%)"><small>☆</small><span class="username" data-name="LCezasfuck">LCezasfuck</span>:</strong> <em>Never mind</em></div><div class="spacer battle-history"><br></div><div class="battle-history">Trapinch, come back!<br></div><div class="battle-history">Go! <strong>Stoutland</strong>!<br></div><div class="battle-history"><small>Pointed stones dug into Stoutland!</small><br></div><div class="spacer battle-history"><br></div><div class="battle-history">The opposing Duosion used <strong>Acid Armor</strong>!<br></div><div class="battle-history"><small>The opposing Duosion's Defense rose sharply!</small><br></div><div class="spacer battle-history"><br></div><h2 class="battle-history">Turn 42</h2><div class="spacer battle-history"><br></div><div class="battle-history">Stoutland used <strong>Frustration</strong>!<br></div><div class="battle-history"><small>(The opposing Duosion lost <abbr title="−129/334">38.6%</abbr> of its health!)</small><br></div><div class="spacer battle-history"><br></div><div class="battle-history">The opposing Duosion used <strong>Acid Armor</strong>!<br></div><div class="battle-history"><small>The opposing Duosion's Defense rose sharply!</small><br></div><div class="spacer battle-history"><br></div><h2 class="battle-history">Turn 43</h2><div class="spacer battle-history"><br></div><div class="battle-history">Stoutland used <strong>Frustration</strong>!<br></div><div class="battle-history"><small>(The opposing Duosion lost <abbr title="−81/334">24.3%</abbr> of its health!)</small><br></div><div class="spacer battle-history"><br></div><div class="battle-history">The opposing Duosion used <strong>Recover</strong>!<br></div><div class="battle-history"><small>The opposing Duosion restored its HP.</small><br></div><div class="spacer battle-history"><br></div><h2 class="battle-history">Turn 44</h2><div class="chat chatmessage-beksel"><strong style="color:hsl(31,69%,45%)"><small>☆</small><span class="username" data-name="Beksel ✘">Beksel ✘</span>:</strong> <em>crit</em></div><div class="chat chatmessage-beksel"><strong style="color:hsl(31,69%,45%)"><small>☆</small><span class="username" data-name="Beksel ✘">Beksel ✘</span>:</strong> <em>legit</em></div><div class="chat chatmessage-lcezasfuck"><strong style="color:hsl(63,60%,38.09380051909%)"><small>☆</small><span class="username" data-name="LCezasfuck">LCezasfuck</span>:</strong> <em>Crit one  time OHKO</em></div><div class="spacer battle-history"><br></div><div class="battle-history">Stoutland used <strong>Frustration</strong>!<br></div><div class="battle-history"><small>(The opposing Duosion lost <abbr title="−93/334">27.8%</abbr> of its health!)</small><br></div><div class="spacer battle-history"><br></div><div class="battle-history">The opposing Duosion used <strong>Psyshock</strong>!<br></div><div class="battle-history"><small>(Stoutland lost <abbr title="−22/311">7.1%</abbr> of its health!)</small><br></div><div class="spacer battle-history"><br></div><div class="battle-history">Stoutland fainted!<br></div><div class="chat chatmessage-lcezasfuck"><strong style="color:hsl(63,60%,38.09380051909%)"><small>☆</small><span class="username" data-name="LCezasfuck">LCezasfuck</span>:</strong> <em>BYE</em></div><div class="chat chatmessage-beksel"><strong style="color:hsl(31,69%,45%)"><small>☆</small><span class="username" data-name="Beksel ✘">Beksel ✘</span>:</strong> <em>np</em></div><div class="spacer battle-history"><br></div><div class="battle-history">Go! <strong>Jumpluff</strong>!<br></div><div class="battle-history"><small>Pointed stones dug into Jumpluff!</small><br></div><div class="spacer battle-history"><br></div><h2 class="battle-history">Turn 45</h2><div class="chat chatmessage-lcezasfuck"><strong style="color:hsl(63,60%,38.09380051909%)"><small>☆</small><span class="username" data-name="LCezasfuck">LCezasfuck</span>:</strong> <em>LOL</em></div><div class="chat chatmessage-beksel"><strong style="color:hsl(31,69%,45%)"><small>☆</small><span class="username" data-name="Beksel ✘">Beksel ✘</span>:</strong> <em>sleep and go se"t up</em></div><div class="spacer battle-history"><br></div><div class="battle-history">Jumpluff, come back!<br></div><div class="battle-history">Go! <strong>Trapinch</strong>!<br></div><div class="battle-history"><small>Pointed stones dug into Trapinch!</small><br></div><div class="spacer battle-history"><br></div><div class="battle-history">LCezasfuck withdrew Duosion!<br></div><div class="battle-history">LCezasfuck sent out <strong>Dusclops</strong>!<br></div><div class="battle-history"><small>[The opposing Dusclops's Pressure]</small><br><small>The opposing Dusclops is exerting its pressure!</small><br></div><div class="spacer battle-history"><br></div><h2 class="battle-history">Turn 46</h2><div class="chat chatmessage-lcezasfuck"><strong style="color:hsl(63,60%,38.09380051909%)"><small>☆</small><span class="username" data-name="LCezasfuck">LCezasfuck</span>:</strong> <em>So u know</em></div><div class="spacer battle-history"><br></div><div class="battle-history">The opposing Dusclops used <strong>Ice Beam</strong>!<br></div><div class="battle-history"><small>It's super effective!</small><br></div><div class="battle-history"><small>(Trapinch lost <abbr title="−94/294">32.0%</abbr> of its health!)</small><br></div><div class="spacer battle-history"><br></div><div class="battle-history">Trapinch fainted!<br></div><div class="spacer battle-history"><br></div><div class="battle-history">Go! <strong>Zebstrika</strong>!<br></div><div class="battle-history"><small>Pointed stones dug into Zebstrika!</small><br></div><div class="spacer battle-history"><br></div><h2 class="battle-history">Turn 47</h2><div class="spacer battle-history"><br></div><div class="battle-history">Zebstrika used <strong>Thunderbolt</strong>!<br></div><div class="battle-history"><small>(The opposing Dusclops lost <abbr title="−78/284">27.5%</abbr> of its health!)</small><br></div><div class="battle-history"><small>Zebstrika lost some of its HP!</small><br></div><div class="spacer battle-history"><br></div><div class="battle-history">The opposing Dusclops used <strong>Calm Mind</strong>!<br></div><div class="battle-history"><small>The opposing Dusclops's Special Attack rose!</small><br></div><div class="battle-history"><small>The opposing Dusclops's Special Defense rose!</small><br></div><div class="spacer battle-history"><br></div><h2 class="battle-history">Turn 48</h2><div class="chat chatmessage-lcezasfuck"><strong style="color:hsl(63,60%,38.09380051909%)"><small>☆</small><span class="username" data-name="LCezasfuck">LCezasfuck</span>:</strong> <em>TANK AS FUCK</em></div><div class="spacer battle-history"><br></div><div class="battle-history">Zebstrika used <strong>Thunderbolt</strong>!<br></div><div class="battle-history"><small>(The opposing Dusclops lost <abbr title="−56/284">19.7%</abbr> of its health!)</small><br></div><div class="battle-history"><small>Zebstrika lost some of its HP!</small><br></div><div class="spacer battle-history"><br></div><div class="battle-history">The opposing Dusclops used <strong>Ice Beam</strong>!<br></div><div class="battle-history"><small>(Zebstrika lost <abbr title="−103/289">35.6%</abbr> of its health!)</small><br></div><div class="spacer battle-history"><br></div><h2 class="battle-history">Turn 49</h2><div class="chat chatmessage-beksel"><strong style="color:hsl(31,69%,45%)"><small>☆</small><span class="username" data-name="Beksel ✘">Beksel ✘</span>:</strong> <em>para crit</em></div><div class="spacer battle-history"><br></div><div class="battle-history">Zebstrika used <strong>Thunderbolt</strong>!<br></div><div class="battle-history"><small>(The opposing Dusclops lost <abbr title="−55/284">19.4%</abbr> of its health!)</small><br></div><div class="battle-history"><small>Zebstrika lost some of its HP!</small><br></div><div class="spacer battle-history"><br></div><div class="battle-history">The opposing Dusclops used <strong>Calm Mind</strong>!<br></div><div class="battle-history"><small>The opposing Dusclops's Special Attack rose!</small><br></div><div class="battle-history"><small>The opposing Dusclops's Special Defense rose!</small><br></div><div class="spacer battle-history"><br></div><h2 class="battle-history">Turn 50</h2><div class="chat chatmessage-lcezasfuck"><strong style="color:hsl(63,60%,38.09380051909%)"><small>☆</small><span class="username" data-name="LCezasfuck">LCezasfuck</span>:</strong> <em>LOL</em></div><div class="chat chatmessage-lcezasfuck"><strong style="color:hsl(63,60%,38.09380051909%)"><small>☆</small><span class="username" data-name="LCezasfuck">LCezasfuck</span>:</strong> <em>WIsh not</em></div><div class="spacer battle-history"><br></div><div class="battle-history">Zebstrika used <strong>Thunderbolt</strong>!<br></div><div class="battle-history"><small>(The opposing Dusclops lost <abbr title="−40/284">14.1%</abbr> of its health!)</small><br></div><div class="battle-history"><small>Zebstrika lost some of its HP!</small><br></div><div class="spacer battle-history"><br></div><div class="battle-history">The opposing Dusclops used <strong>Rest</strong>!<br></div><div class="battle-history"><small>The opposing Dusclops fell asleep!</small><br></div><div class="battle-history"><small>The opposing Dusclops slept and became healthy!</small><br></div><div class="spacer battle-history"><br></div><h2 class="battle-history">Turn 51</h2><div class="chat chatmessage-lcezasfuck"><strong style="color:hsl(63,60%,38.09380051909%)"><small>☆</small><span class="username" data-name="LCezasfuck">LCezasfuck</span>:</strong> <em>Life orb :)</em></div><div class="spacer battle-history"><br></div><div class="battle-history">Zebstrika used <strong>Thunderbolt</strong>!<br></div><div class="battle-history"><small>A critical hit!</small><br></div><div class="battle-history"><small>(The opposing Dusclops lost <abbr title="−113/284">39.8%</abbr> of its health!)</small><br></div><div class="battle-history"><small>Zebstrika lost some of its HP!</small><br></div><div class="spacer battle-history"><br></div><div class="battle-history">Zebstrika fainted!<br></div><div class="battle-history">The opposing Dusclops is fast asleep.<br></div><div class="spacer battle-history"><br></div><div class="battle-history">The opposing Dusclops used <strong>Sleep Talk</strong>!<br></div><div class="spacer battle-history"><br></div><div class="battle-history">The opposing Dusclops used <strong>Calm Mind</strong>!<br></div><div class="battle-history"><small>The opposing Dusclops's Special Attack rose!</small><br></div><div class="battle-history"><small>The opposing Dusclops's Special Defense rose!</small><br></div><div class="chat chatmessage-lcezasfuck"><strong style="color:hsl(63,60%,38.09380051909%)"><small>☆</small><span class="username" data-name="LCezasfuck">LCezasfuck</span>:</strong> <em>"นไ</em></div><div class="chat chatmessage-lcezasfuck"><strong style="color:hsl(63,60%,38.09380051909%)"><small>☆</small><span class="username" data-name="LCezasfuck">LCezasfuck</span>:</strong> <em>WOw</em></div><div class="chat chatmessage-lcezasfuck"><strong style="color:hsl(63,60%,38.09380051909%)"><small>☆</small><span class="username" data-name="LCezasfuck">LCezasfuck</span>:</strong> <em>Crit in true situaton</em></div><div class="chat chatmessage-lcezasfuck"><strong style="color:hsl(63,60%,38.09380051909%)"><small>☆</small><span class="username" data-name="LCezasfuck">LCezasfuck</span>:</strong> <em>Crit in true situation</em></div><div class="spacer battle-history"><br></div><div class="battle-history">Go! <strong>Metang</strong>!<br></div><div class="battle-history"><small>Pointed stones dug into Metang!</small><br></div><div class="spacer battle-history"><br></div><h2 class="battle-history">Turn 52</h2><div class="spacer battle-history"><br></div><div class="battle-history">Metang is frozen solid!<br></div><div class="spacer battle-history"><br></div><div class="battle-history">The opposing Dusclops is fast asleep.<br></div><div class="spacer battle-history"><br></div><div class="battle-history">The opposing Dusclops used <strong>Sleep Talk</strong>!<br></div><div class="spacer battle-history"><br></div><div class="battle-history">The opposing Dusclops used <strong>Rest</strong>!<br></div><div class="battle-history"><small>But it failed!</small><br></div><div class="spacer battle-history"><br></div><h2 class="battle-history">Turn 53</h2><div class="spacer battle-history"><br></div><div class="battle-history">Metang is frozen solid!<br></div><div class="battle-history"><small>The opposing Dusclops woke up!</small><br></div><div class="spacer battle-history"><br></div><div class="battle-history">The opposing Dusclops used <strong>Ice Beam</strong>!<br></div><div class="battle-history"><small>It's not very effective...</small><br></div><div class="battle-history"><small>(Metang lost <abbr title="−49/323">15.2%</abbr> of its health!)</small><br></div><div class="spacer battle-history"><br></div><h2 class="battle-history">Turn 54</h2><div class="chat chatmessage-beksel"><strong style="color:hsl(31,69%,45%)"><small>☆</small><span class="username" data-name="Beksel ✘">Beksel ✘</span>:</strong> <em>unlucky af</em></div><div class="spacer battle-history"><br></div><div class="battle-history"><small>Metang thawed out!</small><br></div><div class="spacer battle-history"><br></div><div class="battle-history">Metang used <strong>Meteor Mash</strong>!<br></div><div class="battle-history"><small>(The opposing Dusclops lost <abbr title="−52/284">18.3%</abbr> of its health!)</small><br></div><div class="spacer battle-history"><br></div><div class="battle-history">The opposing Dusclops used <strong>Calm Mind</strong>!<br></div><div class="battle-history"><small>The opposing Dusclops's Special Attack rose!</small><br></div><div class="battle-history"><small>The opposing Dusclops's Special Defense rose!</small><br></div><div class="spacer battle-history"><br></div><h2 class="battle-history">Turn 55</h2><div class="spacer battle-history"><br></div><div class="battle-history">Metang used <strong>Meteor Mash</strong>!<br></div><div class="battle-history"><small>(The opposing Dusclops lost <abbr title="−45/284">15.8%</abbr> of its health!)</small><br></div><div class="battle-history"><small>Metang's Attack rose!</small><br></div><div class="spacer battle-history"><br></div><div class="battle-history">The opposing Dusclops used <strong>Rest</strong>!<br></div><div class="battle-history"><small>The opposing Dusclops fell asleep!</small><br></div><div class="battle-history"><small>The opposing Dusclops slept and became healthy!</small><br></div><div class="spacer battle-history"><br></div><h2 class="battle-history">Turn 56</h2><div class="chat chatmessage-lcezasfuck"><strong style="color:hsl(63,60%,38.09380051909%)"><small>☆</small><span class="username" data-name="LCezasfuck">LCezasfuck</span>:</strong> <em>It's Pressure</em></div><div class="chat chatmessage-beksel"><strong style="color:hsl(31,69%,45%)"><small>☆</small><span class="username" data-name="Beksel ✘">Beksel ✘</span>:</strong> <em>crit drop</em></div><div class="spacer battle-history"><br></div><div class="battle-history">Metang used <strong>Meteor Mash</strong>!<br></div><div class="battle-history"><small>(The opposing Dusclops lost <abbr title="−75/284">26.4%</abbr> of its health!)</small><br></div><div class="spacer battle-history"><br></div><div class="battle-history">The opposing Dusclops is fast asleep.<br></div><div class="spacer battle-history"><br></div><div class="battle-history">The opposing Dusclops used <strong>Sleep Talk</strong>!<br></div><div class="spacer battle-history"><br></div><div class="battle-history">The opposing Dusclops used <strong>Calm Mind</strong>!<br></div><div class="battle-history"><small>The opposing Dusclops's Special Attack rose!</small><br></div><div class="battle-history"><small>The opposing Dusclops's Special Defense rose!</small><br></div><div class="spacer battle-history"><br></div><h2 class="battle-history">Turn 57</h2><div class="chat chatmessage-lcezasfuck"><strong style="color:hsl(63,60%,38.09380051909%)"><small>☆</small><span class="username" data-name="LCezasfuck">LCezasfuck</span>:</strong> <em>-..-</em></div><div class="spacer battle-history"><br></div><div class="battle-history">Metang used <strong>Meteor Mash</strong>!<br></div><div class="battle-history"><small>(The opposing Dusclops lost <abbr title="−78/284">27.5%</abbr> of its health!)</small><br></div><div class="spacer battle-history"><br></div><div class="battle-history">The opposing Dusclops is fast asleep.<br></div><div class="spacer battle-history"><br></div><div class="battle-history">The opposing Dusclops used <strong>Sleep Talk</strong>!<br></div><div class="spacer battle-history"><br></div><div class="battle-history">The opposing Dusclops used <strong>Ice Beam</strong>!<br></div><div class="battle-history"><small>It's not very effective...</small><br></div><div class="battle-history"><small>(Metang lost <abbr title="−62/323">19.2%</abbr> of its health!)</small><br></div><div class="spacer battle-history"><br></div><h2 class="battle-history">Turn 58</h2><div class="spacer battle-history"><br></div><div class="battle-history">Metang used <strong>Meteor Mash</strong>!<br></div><div class="battle-history"><small>(The opposing Dusclops lost <abbr title="−78/284">27.5%</abbr> of its health!)</small><br></div><div class="battle-history"><small>The opposing Dusclops woke up!</small><br></div><div class="spacer battle-history"><br></div><div class="battle-history">The opposing Dusclops used <strong>Rest</strong>!<br></div><div class="battle-history"><small>The opposing Dusclops fell asleep!</small><br></div><div class="battle-history"><small>The opposing Dusclops slept and became healthy!</small><br></div><div class="spacer battle-history"><br></div><h2 class="battle-history">Turn 59</h2><div class="chat chatmessage-lcezasfuck"><strong style="color:hsl(63,60%,38.09380051909%)"><small>☆</small><span class="username" data-name="LCezasfuck">LCezasfuck</span>:</strong> <em>Only 3 Meteor mash</em></div><div class="spacer battle-history"><br></div><div class="battle-history">Metang used <strong>Meteor Mash</strong>!<br></div><div class="battle-history"><small>(The opposing Dusclops lost <abbr title="−78/284">27.5%</abbr> of its health!)</small><br></div><div class="spacer battle-history"><br></div><div class="battle-history">The opposing Dusclops is fast asleep.<br></div><div class="spacer battle-history"><br></div><div class="battle-history">The opposing Dusclops used <strong>Sleep Talk</strong>!<br></div><div class="spacer battle-history"><br></div><div class="battle-history">The opposing Dusclops used <strong>Calm Mind</strong>!<br></div><div class="battle-history"><small>The opposing Dusclops's Special Attack rose!</small><br></div><div class="battle-history"><small>The opposing Dusclops's Special Defense rose!</small><br></div><div class="spacer battle-history"><br></div><h2 class="battle-history">Turn 60</h2><div class="spacer battle-history"><br></div><div class="battle-history">Metang used <strong>Meteor Mash</strong>!<br></div><div class="battle-history"><small>The opposing Dusclops avoided the attack!</small><br></div><div class="spacer battle-history"><br></div><div class="battle-history">The opposing Dusclops is fast asleep.<br></div><div class="spacer battle-history"><br></div><div class="battle-history">The opposing Dusclops used <strong>Sleep Talk</strong>!<br></div><div class="spacer battle-history"><br></div><div class="battle-history">The opposing Dusclops used <strong>Rest</strong>!<br></div><div class="battle-history"><small>But it failed!</small><br></div><div class="spacer battle-history"><br></div><h2 class="battle-history">Turn 61</h2><div class="chat chatmessage-lcezasfuck"><strong style="color:hsl(63,60%,38.09380051909%)"><small>☆</small><span class="username" data-name="LCezasfuck">LCezasfuck</span>:</strong> <em>lol</em></div><div class="spacer battle-history"><br></div><div class="battle-history">Metang used <strong>Meteor Mash</strong>!<br></div><div class="battle-history"><small>(The opposing Dusclops lost <abbr title="−75/284">26.4%</abbr> of its health!)</small><br></div><div class="battle-history"><small>The opposing Dusclops woke up!</small><br></div><div class="spacer battle-history"><br></div><div class="battle-history">The opposing Dusclops used <strong>Ice Beam</strong>!<br></div><div class="battle-history"><small>It's not very effective...</small><br></div><div class="battle-history"><small>(Metang lost <abbr title="−75/323">23.2%</abbr> of its health!)</small><br></div><div class="spacer battle-history"><br></div><h2 class="battle-history">Turn 62</h2><div class="spacer battle-history"><br></div><div class="battle-history">Metang used <strong>Earthquake</strong>!<br></div><div class="battle-history"><small>(The opposing Dusclops lost <abbr title="−56/284">19.7%</abbr> of its health!)</small><br></div><div class="spacer battle-history"><br></div><div class="battle-history">The opposing Dusclops used <strong>Rest</strong>!<br></div><div class="battle-history"><small>The opposing Dusclops fell asleep!</small><br></div><div class="battle-history"><small>The opposing Dusclops slept and became healthy!</small><br></div><div class="spacer battle-history"><br></div><h2 class="battle-history">Turn 63</h2><div class="spacer battle-history"><br></div><div class="battle-history">Metang used <strong>Earthquake</strong>!<br></div><div class="battle-history"><small>(The opposing Dusclops lost <abbr title="−56/284">19.7%</abbr> of its health!)</small><br></div><div class="spacer battle-history"><br></div><div class="battle-history">The opposing Dusclops is fast asleep.<br></div><div class="spacer battle-history"><br></div><div class="battle-history">The opposing Dusclops used <strong>Sleep Talk</strong>!<br></div><div class="spacer battle-history"><br></div><div class="battle-history">The opposing Dusclops used <strong>Calm Mind</strong>!<br></div><div class="battle-history"><small>The opposing Dusclops's Special Attack won't go any higher!</small><br></div><div class="battle-history"><small>The opposing Dusclops's Special Defense won't go any higher!</small><br></div><div class="spacer battle-history"><br></div><h2 class="battle-history">Turn 64</h2><div class="spacer battle-history"><br></div><div class="battle-history">Metang used <strong>Earthquake</strong>!<br></div><div class="battle-history"><small>(The opposing Dusclops lost <abbr title="−54/284">19.0%</abbr> of its health!)</small><br></div><div class="spacer battle-history"><br></div><div class="battle-history">The opposing Dusclops is fast asleep.<br></div><div class="spacer battle-history"><br></div><div class="battle-history">The opposing Dusclops used <strong>Sleep Talk</strong>!<br></div><div class="spacer battle-history"><br></div><div class="battle-history">The opposing Dusclops used <strong>Ice Beam</strong>!<br></div><div class="battle-history"><small>It's not very effective...</small><br></div><div class="battle-history"><small>(Metang lost <abbr title="−77/323">23.8%</abbr> of its health!)</small><br></div><div class="spacer battle-history"><br></div><div class="battle-history">Metang fainted!<br></div><div class="spacer battle-history"><br></div><div class="battle-history"><small>Beksel ✘ forfeited.</small><br></div><div class="spacer battle-history"><br></div><div class="battle-history"><strong>LCezasfuck</strong> won the battle!<br></div><div class="chat chatmessage-beksel"><strong style="color:hsl(31,69%,45%)"><small>☆</small><span class="username" data-name="Beksel ✘">Beksel ✘</span>:</strong> <em>gg</em></div><div class="chat chatmessage-lcezasfuck"><strong style="color:hsl(63,60%,38.09380051909%)"><small>☆</small><span class="username" data-name="LCezasfuck">LCezasfuck</span>:</strong> <em>I toru like audino was tormented from trapinch</em></div><div class="chat"><small>quagsgone left.</small></div><div class="chat chatmessage-lcezasfuck"><strong style="color:hsl(63,60%,38.09380051909%)"><small>☆</small><span class="username" data-name="LCezasfuck">LCezasfuck</span>:</strong> <em>torment*</em></div><div class="chat"><small>Iron✘Pyrite left.</small></div><div class="chat"><small>Beksel ✘ left.</small></div></div><div class="inner-preempt"></div></div></div>
</div>
<script>
let daily = Math.floor(Date.now()/1000/60/60/24);document.write('<script src="https://play.pokemonshowdown.com/js/replay-embed.js?version'+daily+'"></'+'script>');
</script>
