<!DOCTYPE html>
<meta charset="utf-8" />
<!-- version 1 -->
<title>PU replay: RivalET vs. The Hero 0f Rhyme</title>
<style>
html,body {font-family:Verdana, sans-serif;font-size:10pt;margin:0;padding:0;}body{padding:12px 0;} .battle-log {font-family:Verdana, sans-serif;font-size:10pt;} .battle-log-inline {border:1px solid #AAAAAA;background:#EEF2F5;color:black;max-width:640px;margin:0 auto 80px;padding-bottom:5px;} .battle-log .inner {padding:4px 8px 0px 8px;} .battle-log .inner-preempt {padding:0 8px 4px 8px;} .battle-log .inner-after {margin-top:0.5em;} .battle-log h2 {margin:0.5em -8px;padding:4px 8px;border:1px solid #AAAAAA;background:#E0E7EA;border-left:0;border-right:0;font-family:Verdana, sans-serif;font-size:13pt;} .battle-log .chat {vertical-align:middle;padding:3px 0 3px 0;font-size:8pt;} .battle-log .chat strong {color:#40576A;} .battle-log .chat em {padding:1px 4px 1px 3px;color:#000000;font-style:normal;} .chat.mine {background:rgba(0,0,0,0.05);margin-left:-8px;margin-right:-8px;padding-left:8px;padding-right:8px;} .spoiler {color:#BBBBBB;background:#BBBBBB;padding:0px 3px;} .spoiler:hover, .spoiler:active, .spoiler-shown {color:#000000;background:#E2E2E2;padding:0px 3px;} .spoiler a {color:#BBBBBB;} .spoiler:hover a, .spoiler:active a, .spoiler-shown a {color:#2288CC;} .chat code, .chat .spoiler:hover code, .chat .spoiler:active code, .chat .spoiler-shown code {border:1px solid #C0C0C0;background:#EEEEEE;color:black;padding:0 2px;} .chat .spoiler code {border:1px solid #CCCCCC;background:#CCCCCC;color:#CCCCCC;} .battle-log .rated {padding:3px 4px;} .battle-log .rated strong {color:white;background:#89A;padding:1px 4px;border-radius:4px;} .spacer {margin-top:0.5em;} .message-announce {background:#6688AA;color:white;padding:1px 4px 2px;} .message-announce a, .broadcast-green a, .broadcast-blue a, .broadcast-red a {color:#DDEEFF;} .broadcast-green {background-color:#559955;color:white;padding:2px 4px;} .broadcast-blue {background-color:#6688AA;color:white;padding:2px 4px;} .infobox {border:1px solid #6688AA;padding:2px 4px;} .infobox-limited {max-height:200px;overflow:auto;overflow-x:hidden;} .broadcast-red {background-color:#AA5544;color:white;padding:2px 4px;} .message-learn-canlearn {font-weight:bold;color:#228822;text-decoration:underline;} .message-learn-cannotlearn {font-weight:bold;color:#CC2222;text-decoration:underline;} .message-effect-weak {font-weight:bold;color:#CC2222;} .message-effect-resist {font-weight:bold;color:#6688AA;} .message-effect-immune {font-weight:bold;color:#666666;} .message-learn-list {margin-top:0;margin-bottom:0;} .message-throttle-notice, .message-error {color:#992222;} .message-overflow, .chat small.message-overflow {font-size:0pt;} .message-overflow::before {font-size:9pt;content:'...';} .subtle {color:#3A4A66;}
</style>
<div class="wrapper replay-wrapper" style="max-width:1180px;margin:0 auto">
<input type="hidden" name="replayid" value="pu-585943500" />
<div class="battle"></div><div class="battle-log"></div><div class="replay-controls"></div><div class="replay-controls-2"></div>
<h1 style="font-weight:normal;text-align:center"><strong>PU</strong><br /><a href="http://pokemonshowdown.com/users/rivalet" class="subtle" target="_blank">RivalET</a> vs. <a href="http://pokemonshowdown.com/users/thehero0frhyme" class="subtle" target="_blank">The Hero 0f Rhyme</a></h1>
<script type="text/plain" class="battle-log-data">|j|RivalET
|j|The Hero 0f Rhyme
|player|p1|RivalET|126
|teamsize|p1|6
|player|p2|The Hero 0f Rhyme|161
|teamsize|p2|6
|gametype|singles
|gen|6
|tier|PU
|seed|47958,64312,44225,9480
|rule|Sleep Clause Mod: Limit one foe put to sleep
|rule|Species Clause: Limit one of each Pokémon
|rule|OHKO Clause: OHKO moves are banned
|rule|Moody Clause: Moody is banned
|rule|Evasion Moves Clause: Evasion moves are banned
|rule|Endless Battle Clause: Forcing endless battles is banned
|rule|HP Percentage Mod: HP is shown in percentages
|clearpoke
|poke|p1|Floatzel, F|item
|poke|p1|Leafeon, M|item
|poke|p1|Rapidash, F|item
|poke|p1|Cryogonal, shiny|item
|poke|p1|Zebstrika, F|item
|poke|p1|Rampardos, M|item
|poke|p2|Ninetales, M, shiny|item
|poke|p2|Leafeon, M, shiny|item
|poke|p2|Floatzel, M|item
|poke|p2|Relicanth, M|item
|poke|p2|Prinplup, M|item
|poke|p2|Altaria, M|item
|rule|Swagger Clause: Swagger is banned
|rule|Baton Pass Clause: Limit one Baton Passer, can't pass Spe and other stats simultaneously
|teampreview
|c|☆The Hero 0f Rhyme|glhf
|c|☆RivalET|u2
|choice|team 5, team 2, team 3, team 4, team 1, team 6|team 5, team 2, team 3, team 4, team 1, team 6
|
|start
|switch|p1a: Voltlyfe|Zebstrika, F|289\/289
|switch|p2a: Kowalski|Prinplup, M|331\/331
|turn|1
|choice|move thunderbolt|switch 2
|
|switch|p2a: Wiz Khaleafeon|Leafeon, M, shiny|271\/271
|move|p1a: Voltlyfe|Thunderbolt|p2a: Wiz Khaleafeon
|-resisted|p2a: Wiz Khaleafeon
|-damage|p2a: Wiz Khaleafeon|163\/271
|-damage|p1a: Voltlyfe|261\/289|[from] item: Life Orb
|
|-heal|p2a: Wiz Khaleafeon|179\/271|[from] item: Leftovers
|upkeep
|turn|2
|choice|move overheat|switch 5
|
|switch|p2a: Motzilla|Ninetales, M, shiny|287\/287
|move|p1a: Voltlyfe|Overheat|p2a: Motzilla
|-start|p2a: Motzilla|ability: Flash Fire
|
|upkeep
|turn|3
|choice|move voltswitch|move fireblast
|
|move|p1a: Voltlyfe|Volt Switch|p2a: Motzilla
|-damage|p2a: Motzilla|177\/287
|-damage|p1a: Voltlyfe|233\/289|[from] item: Life Orb
|choice|switch 3|
|
|switch|p1a: Fabulous|Rapidash, F|271\/271
|move|p2a: Motzilla|Fire Blast|p1a: Fabulous
|-start|p1a: Fabulous|ability: Flash Fire
|
|-heal|p2a: Motzilla|194\/287|[from] item: Leftovers
|upkeep
|turn|4
|choice|move drillrun|switch 2
|
|-end|p2a: Motzilla|ability: Flash Fire|[silent]
|switch|p2a: Kowalski|Prinplup, M|331\/331
|move|p1a: Fabulous|Drill Run|p2a: Kowalski
|-crit|p2a: Kowalski
|-damage|p2a: Kowalski|264\/331
|
|upkeep
|turn|5
|choice|switch 4|move stealthrock
|
|-end|p1a: Fabulous|ability: Flash Fire|[silent]
|switch|p1a: cryolat|Cryogonal, shiny|281\/281
|move|p2a: Kowalski|Stealth Rock|p1a: cryolat
|-sidestart|p1: RivalET|move: Stealth Rock
|
|upkeep
|turn|6
|choice|move rapidspin|switch 4
|
|switch|p2a: Grandpa|Relicanth, M|404\/404
|move|p1a: cryolat|Rapid Spin|p2a: Grandpa
|-resisted|p2a: Grandpa
|-damage|p2a: Grandpa|400\/404
|-sideend|p1: RivalET|Stealth Rock|[from] move: Rapid Spin|[of] p1a: cryolat
|-damage|p1a: cryolat|253\/281|[from] item: Life Orb
|
|upkeep
|turn|7
|choice|move freezedry|move headsmash
|
|move|p1a: cryolat|Freeze-Dry|p2a: Grandpa
|-supereffective|p2a: Grandpa
|-damage|p2a: Grandpa|10\/404
|-damage|p1a: cryolat|225\/281|[from] item: Life Orb
|move|p2a: Grandpa|Head Smash|p1a: cryolat
|-supereffective|p1a: cryolat
|-damage|p1a: cryolat|0 fnt
|faint|p1a: cryolat
|
|upkeep
|c|☆RivalET|ripp
|choice|switch 6|
|
|switch|p1a: Rock Head|Rampardos, M|335\/335
|-ability|p1a: Rock Head|Mold Breaker
|turn|8
|j|Zaack95
|choice|move earthquake|move headsmash
|
|move|p1a: Rock Head|Earthquake|p2a: Grandpa
|-supereffective|p2a: Grandpa
|-damage|p2a: Grandpa|0 fnt
|faint|p2a: Grandpa
|
|upkeep
|choice||switch 5
|
|switch|p2a: Wiz Khaleafeon|Leafeon, M, shiny|179\/271
|turn|9
|choice|switch 2|move knockoff
|
|switch|p1a: Leafy|Leafeon, M|271\/271
|move|p2a: Wiz Khaleafeon|Knock Off|p1a: Leafy
|-damage|p1a: Leafy|188\/271
|-enditem|p1a: Leafy|Kebia Berry|[from] move: Knock Off|[of] p2a: Wiz Khaleafeon
|
|-heal|p2a: Wiz Khaleafeon|195\/271|[from] item: Leftovers
|upkeep
|turn|10
|choice|move swordsdance|move swordsdance
|
|move|p1a: Leafy|Swords Dance|p1a: Leafy
|-boost|p1a: Leafy|atk|2
|move|p2a: Wiz Khaleafeon|Swords Dance|p2a: Wiz Khaleafeon
|-boost|p2a: Wiz Khaleafeon|atk|2
|
|-heal|p2a: Wiz Khaleafeon|211\/271|[from] item: Leftovers
|upkeep
|turn|11
|choice|move knockoff|move irontail
|
|move|p1a: Leafy|Knock Off|p2a: Wiz Khaleafeon
|-damage|p2a: Wiz Khaleafeon|56\/271
|-enditem|p2a: Wiz Khaleafeon|Leftovers|[from] move: Knock Off|[of] p1a: Leafy
|move|p2a: Wiz Khaleafeon|Iron Tail|p1a: Leafy|[miss]
|-miss|p2a: Wiz Khaleafeon|p1a: Leafy
|
|upkeep
|turn|12
|choice|move knockoff|move irontail
|
|move|p1a: Leafy|Knock Off|p2a: Wiz Khaleafeon
|-damage|p2a: Wiz Khaleafeon|0 fnt
|faint|p2a: Wiz Khaleafeon
|
|upkeep
|choice||switch 3
|
|switch|p2a: Comadreja|Floatzel, M|311\/311
|turn|13
|choice|move leafblade|move icebeam
|
|move|p2a: Comadreja|Ice Beam|p1a: Leafy
|-supereffective|p1a: Leafy
|-damage|p1a: Leafy|0 fnt
|faint|p1a: Leafy
|
|upkeep
|choice|switch 3|
|
|switch|p1a: Voltlyfe|Zebstrika, F|233\/289
|turn|14
|choice|move thunderbolt|switch 6
|
|switch|p2a: RENFE|Altaria, M|353\/353
|move|p1a: Voltlyfe|Thunderbolt|p2a: RENFE
|-damage|p2a: RENFE|240\/353
|-damage|p1a: Voltlyfe|205\/289|[from] item: Life Orb
|
|-heal|p2a: RENFE|262\/353|[from] item: Leftovers
|upkeep
|turn|15
|choice|move hiddenpower|move dragonpulse
|
|move|p1a: Voltlyfe|Hidden Power|p2a: RENFE
|-supereffective|p2a: RENFE
|-damage|p2a: RENFE|59\/353
|-damage|p1a: Voltlyfe|177\/289|[from] item: Life Orb
|move|p2a: RENFE|Dragon Pulse|p1a: Voltlyfe
|-damage|p1a: Voltlyfe|77\/289
|
|-heal|p2a: RENFE|81\/353|[from] item: Leftovers
|upkeep
|turn|16
|choice|move thunderbolt|move dragonpulse
|
|move|p1a: Voltlyfe|Thunderbolt|p2a: RENFE
|-damage|p2a: RENFE|0 fnt
|-damage|p1a: Voltlyfe|49\/289|[from] item: Life Orb
|faint|p2a: RENFE
|
|upkeep
|choice||switch 2
|
|switch|p2a: Motzilla|Ninetales, M, shiny|194\/287
|turn|17
|choice|move voltswitch|move energyball
|
|move|p1a: Voltlyfe|Volt Switch|p2a: Motzilla
|-damage|p2a: Motzilla|76\/287
|-damage|p1a: Voltlyfe|21\/289|[from] item: Life Orb
|choice|switch 4|
|
|switch|p1a: Fabulous|Rapidash, F|271\/271
|move|p2a: Motzilla|Energy Ball|p1a: Fabulous
|-resisted|p1a: Fabulous
|-crit|p1a: Fabulous
|-damage|p1a: Fabulous|206\/271
|
|-heal|p2a: Motzilla|93\/287|[from] item: Leftovers
|upkeep
|turn|18
|j|hpilip
|choice|move wildcharge|switch 4
|
|switch|p2a: Kowalski|Prinplup, M|264\/331
|move|p1a: Fabulous|Wild Charge|p2a: Kowalski
|-supereffective|p2a: Kowalski
|-damage|p2a: Kowalski|162\/331
|-damage|p1a: Fabulous|180\/271|[from] Recoil|[of] p2a: Kowalski
|
|upkeep
|turn|19
|choice|switch 4|move stealthrock
|
|switch|p1a: Voltlyfe|Zebstrika, F|21\/289
|move|p2a: Kowalski|Stealth Rock|p1a: Voltlyfe
|-sidestart|p1: RivalET|move: Stealth Rock
|
|upkeep
|turn|20
|choice|move thunderbolt|move scald
|
|move|p1a: Voltlyfe|Thunderbolt|p2a: Kowalski
|-supereffective|p2a: Kowalski
|-damage|p2a: Kowalski|0 fnt
|-damage|p1a: Voltlyfe|0 fnt|[from] item: Life Orb
|faint|p2a: Kowalski
|faint|p1a: Voltlyfe
|
|upkeep
|choice|switch 4|switch 6
|
|switch|p2a: Comadreja|Floatzel, M|311\/311
|switch|p1a: Fabulous|Rapidash, F|180\/271
|-damage|p1a: Fabulous|113\/271|[from] Stealth Rock
|turn|21
|choice|move wildcharge|move surf
|
|move|p1a: Fabulous|Wild Charge|p2a: Comadreja
|-supereffective|p2a: Comadreja
|-damage|p2a: Comadreja|49\/311
|-damage|p1a: Fabulous|47\/271|[from] Recoil|[of] p2a: Comadreja
|move|p2a: Comadreja|Surf|p1a: Fabulous
|-supereffective|p1a: Fabulous
|-damage|p1a: Fabulous|0 fnt
|faint|p1a: Fabulous
|
|upkeep
|choice|switch 5|
|
|switch|p1a: Float|Floatzel, F|309\/309
|-damage|p1a: Float|271\/309|[from] Stealth Rock
|turn|22
|choice|move icebeam|move surf
|
|move|p1a: Float|Ice Beam|p2a: Comadreja
|-resisted|p2a: Comadreja
|-damage|p2a: Comadreja|0 fnt
|-damage|p1a: Float|241\/309|[from] item: Life Orb
|faint|p2a: Comadreja
|
|upkeep
|choice||switch 4
|
|switch|p2a: Motzilla|Ninetales, M, shiny|93\/287
|turn|23
|choice|move hydropump|move energyball
|
|move|p1a: Float|Hydro Pump|p2a: Motzilla|[miss]
|-miss|p1a: Float|p2a: Motzilla
|move|p2a: Motzilla|Energy Ball|p1a: Float
|-supereffective|p1a: Float
|-damage|p1a: Float|0 fnt
|faint|p1a: Float
|
|-heal|p2a: Motzilla|110\/287|[from] item: Leftovers
|upkeep
|choice|switch 2|
|
|switch|p1a: Rock Head|Rampardos, M|335\/335
|-damage|p1a: Rock Head|294\/335|[from] Stealth Rock
|-ability|p1a: Rock Head|Mold Breaker
|turn|24
|c|☆The Hero 0f Rhyme|srry
|c|☆RivalET|rip
|c|☆RivalET|tis fine
|choice|move rockpolish|move energyball
|
|move|p2a: Motzilla|Energy Ball|p1a: Rock Head
|-supereffective|p1a: Rock Head
|-damage|p1a: Rock Head|46\/335
|move|p1a: Rock Head|Rock Polish|p1a: Rock Head
|-boost|p1a: Rock Head|spe|2
|
|-heal|p2a: Motzilla|127\/287|[from] item: Leftovers
|upkeep
|turn|25
|choice|move earthquake|move energyball
|
|move|p1a: Rock Head|Earthquake|p2a: Motzilla
|-supereffective|p2a: Motzilla
|-damage|p2a: Motzilla|0 fnt
|faint|p2a: Motzilla
|
|win|RivalET
|c|☆RivalET|oh lol
|l|hpilip</script>
</div>
<div class="battle-log battle-log-inline"><div class="inner"><div class="battle-options"></div><div class="inner"><div class="chat"><small>RivalET joined.</small></div><div class="chat"><small>The Hero 0f Rhyme joined.</small></div><div class=""><small>Format:</small> <br><strong>PU</strong></div><div class=""><small><em>Sleep Clause Mod:</em> Limit one foe put to sleep</small></div><div class=""><small><em>Species Clause:</em> Limit one of each Pokémon</small></div><div class=""><small><em>OHKO Clause:</em> OHKO moves are banned</small></div><div class=""><small><em>Moody Clause:</em> Moody is banned</small></div><div class=""><small><em>Evasion Moves Clause:</em> Evasion moves are banned</small></div><div class=""><small><em>Endless Battle Clause:</em> Forcing endless battles is banned</small></div><div class=""><small><em>HP Percentage Mod:</em> HP is shown in percentages</small></div><div class=""><small><em>Swagger Clause:</em> Swagger is banned</small></div><div class=""><small><em>Baton Pass Clause:</em> Limit one Baton Passer, can't pass Spe and other stats simultaneously</small></div><div class="chat battle-history"><strong>RivalET's team:</strong> <em style="color:#445566;display:block;">Floatzel / Leafeon / Rapidash / Cryogonal / Zebstrika / Rampardos</em></div><div class="chat battle-history"><strong>The Hero 0f Rhyme's team:</strong> <em style="color:#445566;display:block;">Ninetales / Leafeon / Floatzel / Relicanth / Prinplup / Altaria</em></div><div class="chat chatmessage-thehero0frhyme"><strong style="color:hsl(159,70%,37.54420772526872%)"><small>☆</small><span class="username" data-name="The Hero 0f Rhyme">The Hero 0f Rhyme</span>:</strong> <em>glhf</em></div><div class="chat chatmessage-rivalet"><strong style="color:hsl(1,69%,49.320757446718204%)"><small>☆</small><span class="username" data-name="RivalET">RivalET</span>:</strong> <em>u2</em></div><div class="spacer battle-history"><br></div><div class="battle-history">Battle started between RivalET and The Hero 0f Rhyme!<br></div><div class="spacer battle-history"><br></div><div class="battle-history">Go! Voltlyfe (<strong>Zebstrika</strong>)!<br></div><div class="spacer battle-history"><br></div><div class="battle-history">The Hero 0f Rhyme sent out Kowalski (<strong>Prinplup</strong>)!<br></div><div class="spacer battle-history"><br></div><h2 class="battle-history">Turn 1</h2><div class="spacer battle-history"><br></div><div class="battle-history">The Hero 0f Rhyme withdrew Kowalski!<br></div><div class="battle-history">The Hero 0f Rhyme sent out Wiz Khaleafeon (<strong>Leafeon</strong>)!<br></div><div class="spacer battle-history"><br></div><div class="battle-history">Voltlyfe used <strong>Thunderbolt</strong>!<br></div><div class="battle-history"><small>It's not very effective...</small><br></div><div class="battle-history"><small>(The opposing Wiz Khaleafeon lost <abbr title="−108/271">39.9%</abbr> of its health!)</small><br></div><div class="battle-history"><small>Voltlyfe lost some of its HP!</small><br></div><div class="spacer battle-history"><br></div><div class="battle-history"><small>The opposing Wiz Khaleafeon restored a little HP using its Leftovers!</small><br></div><div class="spacer battle-history"><br></div><h2 class="battle-history">Turn 2</h2><div class="spacer battle-history"><br></div><div class="battle-history">The Hero 0f Rhyme withdrew Wiz Khaleafeon!<br></div><div class="battle-history">The Hero 0f Rhyme sent out Motzilla (<strong>Ninetales</strong>)!<br></div><div class="spacer battle-history"><br></div><div class="battle-history">Voltlyfe used <strong>Overheat</strong>!<br></div><div class="battle-history"><small>[The opposing Motzilla's Flash Fire]</small><br><small>The power of the opposing Motzilla's Fire-type moves rose!</small><br></div><div class="spacer battle-history"><br></div><h2 class="battle-history">Turn 3</h2><div class="spacer battle-history"><br></div><div class="battle-history">Voltlyfe used <strong>Volt Switch</strong>!<br></div><div class="battle-history"><small>(The opposing Motzilla lost <abbr title="−110/287">38.3%</abbr> of its health!)</small><br></div><div class="battle-history"><small>Voltlyfe lost some of its HP!</small><br></div><div class="spacer battle-history"><br></div><div class="battle-history">Voltlyfe went back to RivalET!<br></div><div class="battle-history">Go! Fabulous (<strong>Rapidash</strong>)!<br></div><div class="spacer battle-history"><br></div><div class="battle-history">The opposing Motzilla used <strong>Fire Blast</strong>!<br></div><div class="battle-history"><small>[Fabulous's Flash Fire]</small><br><small>The power of Fabulous's Fire-type moves rose!</small><br></div><div class="spacer battle-history"><br></div><div class="battle-history"><small>The opposing Motzilla restored a little HP using its Leftovers!</small><br></div><div class="spacer battle-history"><br></div><h2 class="battle-history">Turn 4</h2><div class="spacer battle-history"><br></div><div class="battle-history">The Hero 0f Rhyme withdrew Motzilla!<br></div><div class="battle-history">The Hero 0f Rhyme sent out Kowalski (<strong>Prinplup</strong>)!<br></div><div class="spacer battle-history"><br></div><div class="battle-history">Fabulous used <strong>Drill Run</strong>!<br></div><div class="battle-history"><small>A critical hit!</small><br></div><div class="battle-history"><small>(The opposing Kowalski lost <abbr title="−67/331">20.2%</abbr> of its health!)</small><br></div><div class="spacer battle-history"><br></div><h2 class="battle-history">Turn 5</h2><div class="spacer battle-history"><br></div><div class="battle-history">Fabulous, come back!<br></div><div class="battle-history">Go! cryolat (<strong>Cryogonal</strong>)!<br></div><div class="spacer battle-history"><br></div><div class="battle-history">The opposing Kowalski used <strong>Stealth Rock</strong>!<br></div><div class="battle-history"><small>Pointed stones float in the air around your team!</small><br></div><div class="spacer battle-history"><br></div><h2 class="battle-history">Turn 6</h2><div class="spacer battle-history"><br></div><div class="battle-history">The Hero 0f Rhyme withdrew Kowalski!<br></div><div class="battle-history">The Hero 0f Rhyme sent out Grandpa (<strong>Relicanth</strong>)!<br></div><div class="spacer battle-history"><br></div><div class="battle-history">cryolat used <strong>Rapid Spin</strong>!<br></div><div class="battle-history"><small>It's not very effective...</small><br></div><div class="battle-history"><small>(The opposing Grandpa lost <abbr title="−4/404">1.0%</abbr> of its health!)</small><br></div><div class="battle-history"><small>The pointed stones disappeared from around your team!</small><br></div><div class="battle-history"><small>cryolat lost some of its HP!</small><br></div><div class="spacer battle-history"><br></div><h2 class="battle-history">Turn 7</h2><div class="spacer battle-history"><br></div><div class="battle-history">cryolat used <strong>Freeze-Dry</strong>!<br></div><div class="battle-history"><small>It's super effective!</small><br></div><div class="battle-history"><small>(The opposing Grandpa lost <abbr title="−390/404">96.5%</abbr> of its health!)</small><br></div><div class="battle-history"><small>cryolat lost some of its HP!</small><br></div><div class="spacer battle-history"><br></div><div class="battle-history">The opposing Grandpa used <strong>Head Smash</strong>!<br></div><div class="battle-history"><small>It's super effective!</small><br></div><div class="battle-history"><small>(cryolat lost <abbr title="−225/281">80.1%</abbr> of its health!)</small><br></div><div class="spacer battle-history"><br></div><div class="battle-history">cryolat fainted!<br></div><div class="chat chatmessage-rivalet"><strong style="color:hsl(1,69%,49.320757446718204%)"><small>☆</small><span class="username" data-name="RivalET">RivalET</span>:</strong> <em>ripp</em></div><div class="spacer battle-history"><br></div><div class="battle-history">Go! Rock Head (<strong>Rampardos</strong>)!<br></div><div class="battle-history"><small>[Rock Head's Mold Breaker]</small><br><small>Rock Head breaks the mold!</small><br></div><div class="spacer battle-history"><br></div><h2 class="battle-history">Turn 8</h2><div class="chat"><small>Zaack95 joined.</small></div><div class="spacer battle-history"><br></div><div class="battle-history">Rock Head used <strong>Earthquake</strong>!<br></div><div class="battle-history"><small>It's super effective!</small><br></div><div class="battle-history"><small>(The opposing Grandpa lost <abbr title="−10/404">2.5%</abbr> of its health!)</small><br></div><div class="spacer battle-history"><br></div><div class="battle-history">The opposing Grandpa fainted!<br></div><div class="spacer battle-history"><br></div><div class="battle-history">The Hero 0f Rhyme sent out Wiz Khaleafeon (<strong>Leafeon</strong>)!<br></div><div class="spacer battle-history"><br></div><h2 class="battle-history">Turn 9</h2><div class="spacer battle-history"><br></div><div class="battle-history">Rock Head, come back!<br></div><div class="battle-history">Go! Leafy (<strong>Leafeon</strong>)!<br></div><div class="spacer battle-history"><br></div><div class="battle-history">The opposing Wiz Khaleafeon used <strong>Knock Off</strong>!<br></div><div class="battle-history"><small>(Leafy lost <abbr title="−83/271">30.6%</abbr> of its health!)</small><br></div><div class="battle-history"><small>The opposing Wiz Khaleafeon knocked off Leafy's Kebia Berry!</small><br></div><div class="spacer battle-history"><br></div><div class="battle-history"><small>The opposing Wiz Khaleafeon restored a little HP using its Leftovers!</small><br></div><div class="spacer battle-history"><br></div><h2 class="battle-history">Turn 10</h2><div class="spacer battle-history"><br></div><div class="battle-history">Leafy used <strong>Swords Dance</strong>!<br></div><div class="battle-history"><small>Leafy's Attack rose sharply!</small><br></div><div class="spacer battle-history"><br></div><div class="battle-history">The opposing Wiz Khaleafeon used <strong>Swords Dance</strong>!<br></div><div class="battle-history"><small>The opposing Wiz Khaleafeon's Attack rose sharply!</small><br></div><div class="spacer battle-history"><br></div><div class="battle-history"><small>The opposing Wiz Khaleafeon restored a little HP using its Leftovers!</small><br></div><div class="spacer battle-history"><br></div><h2 class="battle-history">Turn 11</h2><div class="spacer battle-history"><br></div><div class="battle-history">Leafy used <strong>Knock Off</strong>!<br></div><div class="battle-history"><small>(The opposing Wiz Khaleafeon lost <abbr title="−155/271">57.2%</abbr> of its health!)</small><br></div><div class="battle-history"><small>Leafy knocked off the opposing Wiz Khaleafeon's Leftovers!</small><br></div><div class="spacer battle-history"><br></div><div class="battle-history">The opposing Wiz Khaleafeon used <strong>Iron Tail</strong>!<br></div><div class="battle-history"><small>Leafy avoided the attack!</small><br></div><div class="spacer battle-history"><br></div><h2 class="battle-history">Turn 12</h2><div class="spacer battle-history"><br></div><div class="battle-history">Leafy used <strong>Knock Off</strong>!<br></div><div class="battle-history"><small>(The opposing Wiz Khaleafeon lost <abbr title="−56/271">20.7%</abbr> of its health!)</small><br></div><div class="spacer battle-history"><br></div><div class="battle-history">The opposing Wiz Khaleafeon fainted!<br></div><div class="spacer battle-history"><br></div><div class="battle-history">The Hero 0f Rhyme sent out Comadreja (<strong>Floatzel</strong>)!<br></div><div class="spacer battle-history"><br></div><h2 class="battle-history">Turn 13</h2><div class="spacer battle-history"><br></div><div class="battle-history">The opposing Comadreja used <strong>Ice Beam</strong>!<br></div><div class="battle-history"><small>It's super effective!</small><br></div><div class="battle-history"><small>(Leafy lost <abbr title="−188/271">69.4%</abbr> of its health!)</small><br></div><div class="spacer battle-history"><br></div><div class="battle-history">Leafy fainted!<br></div><div class="spacer battle-history"><br></div><div class="battle-history">Go! Voltlyfe (<strong>Zebstrika</strong>)!<br></div><div class="spacer battle-history"><br></div><h2 class="battle-history">Turn 14</h2><div class="spacer battle-history"><br></div><div class="battle-history">The Hero 0f Rhyme withdrew Comadreja!<br></div><div class="battle-history">The Hero 0f Rhyme sent out RENFE (<strong>Altaria</strong>)!<br></div><div class="spacer battle-history"><br></div><div class="battle-history">Voltlyfe used <strong>Thunderbolt</strong>!<br></div><div class="battle-history"><small>(The opposing RENFE lost <abbr title="−113/353">32.0%</abbr> of its health!)</small><br></div><div class="battle-history"><small>Voltlyfe lost some of its HP!</small><br></div><div class="spacer battle-history"><br></div><div class="battle-history"><small>The opposing RENFE restored a little HP using its Leftovers!</small><br></div><div class="spacer battle-history"><br></div><h2 class="battle-history">Turn 15</h2><div class="spacer battle-history"><br></div><div class="battle-history">Voltlyfe used <strong>Hidden Power</strong>!<br></div><div class="battle-history"><small>It's super effective!</small><br></div><div class="battle-history"><small>(The opposing RENFE lost <abbr title="−203/353">57.5%</abbr> of its health!)</small><br></div><div class="battle-history"><small>Voltlyfe lost some of its HP!</small><br></div><div class="spacer battle-history"><br></div><div class="battle-history">The opposing RENFE used <strong>Dragon Pulse</strong>!<br></div><div class="battle-history"><small>(Voltlyfe lost <abbr title="−100/289">34.6%</abbr> of its health!)</small><br></div><div class="spacer battle-history"><br></div><div class="battle-history"><small>The opposing RENFE restored a little HP using its Leftovers!</small><br></div><div class="spacer battle-history"><br></div><h2 class="battle-history">Turn 16</h2><div class="spacer battle-history"><br></div><div class="battle-history">Voltlyfe used <strong>Thunderbolt</strong>!<br></div><div class="battle-history"><small>(The opposing RENFE lost <abbr title="−81/353">22.9%</abbr> of its health!)</small><br></div><div class="battle-history"><small>Voltlyfe lost some of its HP!</small><br></div><div class="spacer battle-history"><br></div><div class="battle-history">The opposing RENFE fainted!<br></div><div class="spacer battle-history"><br></div><div class="battle-history">The Hero 0f Rhyme sent out Motzilla (<strong>Ninetales</strong>)!<br></div><div class="spacer battle-history"><br></div><h2 class="battle-history">Turn 17</h2><div class="spacer battle-history"><br></div><div class="battle-history">Voltlyfe used <strong>Volt Switch</strong>!<br></div><div class="battle-history"><small>(The opposing Motzilla lost <abbr title="−118/287">41.1%</abbr> of its health!)</small><br></div><div class="battle-history"><small>Voltlyfe lost some of its HP!</small><br></div><div class="spacer battle-history"><br></div><div class="battle-history">Voltlyfe went back to RivalET!<br></div><div class="battle-history">Go! Fabulous (<strong>Rapidash</strong>)!<br></div><div class="spacer battle-history"><br></div><div class="battle-history">The opposing Motzilla used <strong>Energy Ball</strong>!<br></div><div class="battle-history"><small>It's not very effective...</small><br></div><div class="battle-history"><small>A critical hit!</small><br></div><div class="battle-history"><small>(Fabulous lost <abbr title="−65/271">24.0%</abbr> of its health!)</small><br></div><div class="spacer battle-history"><br></div><div class="battle-history"><small>The opposing Motzilla restored a little HP using its Leftovers!</small><br></div><div class="spacer battle-history"><br></div><h2 class="battle-history">Turn 18</h2><div class="chat"><small>hpilip joined.</small></div><div class="spacer battle-history"><br></div><div class="battle-history">The Hero 0f Rhyme withdrew Motzilla!<br></div><div class="battle-history">The Hero 0f Rhyme sent out Kowalski (<strong>Prinplup</strong>)!<br></div><div class="spacer battle-history"><br></div><div class="battle-history">Fabulous used <strong>Wild Charge</strong>!<br></div><div class="battle-history"><small>It's super effective!</small><br></div><div class="battle-history"><small>(The opposing Kowalski lost <abbr title="−102/331">30.8%</abbr> of its health!)</small><br></div><div class="battle-history"><small>Fabulous is damaged by the recoil!</small><br></div><div class="spacer battle-history"><br></div><h2 class="battle-history">Turn 19</h2><div class="spacer battle-history"><br></div><div class="battle-history">Fabulous, come back!<br></div><div class="battle-history">Go! Voltlyfe (<strong>Zebstrika</strong>)!<br></div><div class="spacer battle-history"><br></div><div class="battle-history">The opposing Kowalski used <strong>Stealth Rock</strong>!<br></div><div class="battle-history"><small>Pointed stones float in the air around your team!</small><br></div><div class="spacer battle-history"><br></div><h2 class="battle-history">Turn 20</h2><div class="spacer battle-history"><br></div><div class="battle-history">Voltlyfe used <strong>Thunderbolt</strong>!<br></div><div class="battle-history"><small>It's super effective!</small><br></div><div class="battle-history"><small>(The opposing Kowalski lost <abbr title="−162/331">48.9%</abbr> of its health!)</small><br></div><div class="battle-history"><small>Voltlyfe lost some of its HP!</small><br></div><div class="spacer battle-history"><br></div><div class="battle-history">The opposing Kowalski fainted!<br></div><div class="battle-history">Voltlyfe fainted!<br></div><div class="spacer battle-history"><br></div><div class="battle-history">The Hero 0f Rhyme sent out Comadreja (<strong>Floatzel</strong>)!<br></div><div class="spacer battle-history"><br></div><div class="battle-history">Go! Fabulous (<strong>Rapidash</strong>)!<br></div><div class="battle-history"><small>Pointed stones dug into Fabulous!</small><br></div><div class="spacer battle-history"><br></div><h2 class="battle-history">Turn 21</h2><div class="spacer battle-history"><br></div><div class="battle-history">Fabulous used <strong>Wild Charge</strong>!<br></div><div class="battle-history"><small>It's super effective!</small><br></div><div class="battle-history"><small>(The opposing Comadreja lost <abbr title="−262/311">84.2%</abbr> of its health!)</small><br></div><div class="battle-history"><small>Fabulous is damaged by the recoil!</small><br></div><div class="spacer battle-history"><br></div><div class="battle-history">The opposing Comadreja used <strong>Surf</strong>!<br></div><div class="battle-history"><small>It's super effective!</small><br></div><div class="battle-history"><small>(Fabulous lost <abbr title="−47/271">17.3%</abbr> of its health!)</small><br></div><div class="spacer battle-history"><br></div><div class="battle-history">Fabulous fainted!<br></div><div class="spacer battle-history"><br></div><div class="battle-history">Go! Float (<strong>Floatzel</strong>)!<br></div><div class="battle-history"><small>Pointed stones dug into Float!</small><br></div><div class="spacer battle-history"><br></div><h2 class="battle-history">Turn 22</h2><div class="spacer battle-history"><br></div><div class="battle-history">Float used <strong>Ice Beam</strong>!<br></div><div class="battle-history"><small>It's not very effective...</small><br></div><div class="battle-history"><small>(The opposing Comadreja lost <abbr title="−49/311">15.8%</abbr> of its health!)</small><br></div><div class="battle-history"><small>Float lost some of its HP!</small><br></div><div class="spacer battle-history"><br></div><div class="battle-history">The opposing Comadreja fainted!<br></div><div class="spacer battle-history"><br></div><div class="battle-history">The Hero 0f Rhyme sent out Motzilla (<strong>Ninetales</strong>)!<br></div><div class="spacer battle-history"><br></div><h2 class="battle-history">Turn 23</h2><div class="spacer battle-history"><br></div><div class="battle-history">Float used <strong>Hydro Pump</strong>!<br></div><div class="battle-history"><small>The opposing Motzilla avoided the attack!</small><br></div><div class="spacer battle-history"><br></div><div class="battle-history">The opposing Motzilla used <strong>Energy Ball</strong>!<br></div><div class="battle-history"><small>It's super effective!</small><br></div><div class="battle-history"><small>(Float lost <abbr title="−241/309">78.0%</abbr> of its health!)</small><br></div><div class="spacer battle-history"><br></div><div class="battle-history">Float fainted!<br></div><div class="spacer battle-history"><br></div><div class="battle-history"><small>The opposing Motzilla restored a little HP using its Leftovers!</small><br></div><div class="spacer battle-history"><br></div><div class="battle-history">Go! Rock Head (<strong>Rampardos</strong>)!<br></div><div class="battle-history"><small>Pointed stones dug into Rock Head!</small><br></div><div class="battle-history"><small>[Rock Head's Mold Breaker]</small><br><small>Rock Head breaks the mold!</small><br></div><div class="spacer battle-history"><br></div><h2 class="battle-history">Turn 24</h2><div class="chat chatmessage-thehero0frhyme"><strong style="color:hsl(159,70%,37.54420772526872%)"><small>☆</small><span class="username" data-name="The Hero 0f Rhyme">The Hero 0f Rhyme</span>:</strong> <em>srry</em></div><div class="chat chatmessage-rivalet"><strong style="color:hsl(1,69%,49.320757446718204%)"><small>☆</small><span class="username" data-name="RivalET">RivalET</span>:</strong> <em>rip</em></div><div class="chat chatmessage-rivalet"><strong style="color:hsl(1,69%,49.320757446718204%)"><small>☆</small><span class="username" data-name="RivalET">RivalET</span>:</strong> <em>tis fine</em></div><div class="spacer battle-history"><br></div><div class="battle-history">The opposing Motzilla used <strong>Energy Ball</strong>!<br></div><div class="battle-history"><small>It's super effective!</small><br></div><div class="battle-history"><small>(Rock Head lost <abbr title="−248/335">74.0%</abbr> of its health!)</small><br></div><div class="spacer battle-history"><br></div><div class="battle-history">Rock Head used <strong>Rock Polish</strong>!<br></div><div class="battle-history"><small>Rock Head's Speed rose sharply!</small><br></div><div class="spacer battle-history"><br></div><div class="battle-history"><small>The opposing Motzilla restored a little HP using its Leftovers!</small><br></div><div class="spacer battle-history"><br></div><h2 class="battle-history">Turn 25</h2><div class="spacer battle-history"><br></div><div class="battle-history">Rock Head used <strong>Earthquake</strong>!<br></div><div class="battle-history"><small>It's super effective!</small><br></div><div class="battle-history"><small>(The opposing Motzilla lost <abbr title="−127/287">44.3%</abbr> of its health!)</small><br></div><div class="spacer battle-history"><br></div><div class="battle-history">The opposing Motzilla fainted!<br></div><div class="spacer battle-history"><br></div><div class="battle-history"><strong>RivalET</strong> won the battle!<br></div><div class="chat chatmessage-rivalet"><strong style="color:hsl(1,69%,49.320757446718204%)"><small>☆</small><span class="username" data-name="RivalET">RivalET</span>:</strong> <em>oh lol</em></div><div class="chat"><small>hpilip left.</small></div></div><div class="inner-preempt"></div></div></div>
</div>
<script>
let daily = Math.floor(Date.now()/1000/60/60/24);document.write('<script src="https://play.pokemonshowdown.com/js/replay-embed.js?version'+daily+'"></'+'script>');
</script>
