<!DOCTYPE html>
<meta charset="utf-8" />
<!-- version 1 -->
<title>PU replay: dracohax vs. 275p</title>
<style>
html,body {font-family:Verdana, sans-serif;font-size:10pt;margin:0;padding:0;}body{padding:12px 0;} .battle-log {font-family:Verdana, sans-serif;font-size:10pt;} .battle-log-inline {border:1px solid #AAAAAA;background:#EEF2F5;color:black;max-width:640px;margin:0 auto 80px;padding-bottom:5px;} .battle-log .inner {padding:4px 8px 0px 8px;} .battle-log .inner-preempt {padding:0 8px 4px 8px;} .battle-log .inner-after {margin-top:0.5em;} .battle-log h2 {margin:0.5em -8px;padding:4px 8px;border:1px solid #AAAAAA;background:#E0E7EA;border-left:0;border-right:0;font-family:Verdana, sans-serif;font-size:13pt;} .battle-log .chat {vertical-align:middle;padding:3px 0 3px 0;font-size:8pt;} .battle-log .chat strong {color:#40576A;} .battle-log .chat em {padding:1px 4px 1px 3px;color:#000000;font-style:normal;} .chat.mine {background:rgba(0,0,0,0.05);margin-left:-8px;margin-right:-8px;padding-left:8px;padding-right:8px;} .spoiler {color:#BBBBBB;background:#BBBBBB;padding:0px 3px;} .spoiler:hover, .spoiler:active, .spoiler-shown {color:#000000;background:#E2E2E2;padding:0px 3px;} .spoiler a {color:#BBBBBB;} .spoiler:hover a, .spoiler:active a, .spoiler-shown a {color:#2288CC;} .chat code, .chat .spoiler:hover code, .chat .spoiler:active code, .chat .spoiler-shown code {border:1px solid #C0C0C0;background:#EEEEEE;color:black;padding:0 2px;} .chat .spoiler code {border:1px solid #CCCCCC;background:#CCCCCC;color:#CCCCCC;} .battle-log .rated {padding:3px 4px;} .battle-log .rated strong {color:white;background:#89A;padding:1px 4px;border-radius:4px;} .spacer {margin-top:0.5em;} .message-announce {background:#6688AA;color:white;padding:1px 4px 2px;} .message-announce a, .broadcast-green a, .broadcast-blue a, .broadcast-red a {color:#DDEEFF;} .broadcast-green {background-color:#559955;color:white;padding:2px 4px;} .broadcast-blue {background-color:#6688AA;color:white;padding:2px 4px;} .infobox {border:1px solid #6688AA;padding:2px 4px;} .infobox-limited {max-height:200px;overflow:auto;overflow-x:hidden;} .broadcast-red {background-color:#AA5544;color:white;padding:2px 4px;} .message-learn-canlearn {font-weight:bold;color:#228822;text-decoration:underline;} .message-learn-cannotlearn {font-weight:bold;color:#CC2222;text-decoration:underline;} .message-effect-weak {font-weight:bold;color:#CC2222;} .message-effect-resist {font-weight:bold;color:#6688AA;} .message-effect-immune {font-weight:bold;color:#666666;} .message-learn-list {margin-top:0;margin-bottom:0;} .message-throttle-notice, .message-error {color:#992222;} .message-overflow, .chat small.message-overflow {font-size:0pt;} .message-overflow::before {font-size:9pt;content:'...';} .subtle {color:#3A4A66;}
</style>
<div class="wrapper replay-wrapper" style="max-width:1180px;margin:0 auto">
<input type="hidden" name="replayid" value="pu-588903823" />
<div class="battle"></div><div class="battle-log"></div><div class="replay-controls"></div><div class="replay-controls-2"></div>
<h1 style="font-weight:normal;text-align:center"><strong>PU</strong><br /><a href="http://pokemonshowdown.com/users/dracohax" class="subtle" target="_blank">dracohax</a> vs. <a href="http://pokemonshowdown.com/users/275p" class="subtle" target="_blank">275p</a></h1>
<script type="text/plain" class="battle-log-data">|j|dracohax
|j|275p
|player|p1|dracohax|262
|teamsize|p1|6
|player|p2|275p|69
|teamsize|p2|6
|gametype|singles
|gen|6
|tier|PU
|seed|33021,17515,49569,64277
|rule|Sleep Clause Mod: Limit one foe put to sleep
|rule|Species Clause: Limit one of each Pokémon
|rule|OHKO Clause: OHKO moves are banned
|rule|Moody Clause: Moody is banned
|rule|Evasion Moves Clause: Evasion moves are banned
|rule|Endless Battle Clause: Forcing endless battles is banned
|rule|HP Percentage Mod: HP is shown in percentages
|clearpoke
|poke|p1|Muk, M|item
|poke|p1|Probopass, M|item
|poke|p1|Leafeon, M|item
|poke|p1|Vullaby, F|item
|poke|p1|Clefairy, F|item
|poke|p1|Mr. Mime, M|item
|poke|p2|Prinplup, M|item
|poke|p2|Beartic, F|item
|poke|p2|Emolga, M|item
|poke|p2|Ledian, M|item
|poke|p2|Banette, F|item
|poke|p2|Spinda, M|item
|rule|Swagger Clause: Swagger is banned
|rule|Baton Pass Clause: Limit one Baton Passer, can't pass Spe and other stats simultaneously
|teampreview
|c|☆275p|glhf
|choice|team 5, team 2, team 3, team 4, team 1, team 6|team 6, team 2, team 3, team 4, team 5, team 1
|
|start
|switch|p1a: Clefairy|Clefairy, F|344\/344
|switch|p2a: I`m Nr.1|Spinda, M|324\/324
|turn|1
|choice|move thunderwave|switch 6
|
|switch|p2a: Prinplup|Prinplup, M|332\/332
|move|p1a: Clefairy|Thunder Wave|p2a: Prinplup
|-status|p2a: Prinplup|par
|
|upkeep
|turn|2
|inactive|Battle timer is ON: inactive players will automatically lose when time's up. (requested by 275p)
|choice|move stealthrock|move stealthrock
|
|move|p1a: Clefairy|Stealth Rock|p2a: Prinplup
|-sidestart|p2: 275p|move: Stealth Rock
|move|p2a: Prinplup|Stealth Rock|p1a: Clefairy
|-sidestart|p1: dracohax|move: Stealth Rock
|
|upkeep
|turn|3
|choice|switch 3|move stealthrock
|
|switch|p1a: Leafeon|Leafeon, M|271\/271
|-damage|p1a: Leafeon|238\/271|[from] Stealth Rock
|cant|p2a: Prinplup|par
|
|upkeep
|turn|4
|c|☆dracohax|!dt leafeon
|c|~|\/data-pokemon Leafeon
|raw|<font size="1"><font color="#686868">Dex#:<\/font> 470&nbsp;|&ThickSpace;<font color="#686868">Gen:<\/font> 4&nbsp;|&ThickSpace;<font color="#686868">Height:<\/font> 1 m&nbsp;|&ThickSpace;<font color="#686868">Weight:<\/font> 25.5 kg <em>(60 BP)<\/em>&nbsp;|&ThickSpace;<font color="#686868">Dex Colour:<\/font> Green&nbsp;|&ThickSpace;<font color="#686868">Egg Group(s):<\/font> Field&nbsp;|&ThickSpace;<font color="#686868">Does Not Evolve<\/font><\/font>
|choice|move swordsdance|move raindance
|
|move|p1a: Leafeon|Swords Dance|p1a: Leafeon
|-boost|p1a: Leafeon|atk|2
|move|p2a: Prinplup|Rain Dance|p2a: Prinplup
|-weather|RainDance
|
|-weather|RainDance|[upkeep]
|upkeep
|turn|5
|choice|move knockoff|move scald
|
|move|p1a: Leafeon|Knock Off|p2a: Prinplup
|-damage|p2a: Prinplup|148\/332 par
|-enditem|p2a: Prinplup|Eviolite|[from] move: Knock Off|[of] p1a: Leafeon
|cant|p2a: Prinplup|par
|
|-weather|RainDance|[upkeep]
|upkeep
|turn|6
|choice|move knockoff|move scald
|
|move|p1a: Leafeon|Knock Off|p2a: Prinplup
|-damage|p2a: Prinplup|0 fnt
|faint|p2a: Prinplup
|
|-weather|RainDance|[upkeep]
|upkeep
|choice||switch 2
|
|switch|p2a: Beartic|Beartic, F|331\/331
|-damage|p2a: Beartic|249\/331|[from] Stealth Rock
|turn|7
|choice|move knockoff|move icepunch
|
|move|p2a: Beartic|Ice Punch|p1a: Leafeon
|-supereffective|p1a: Leafeon
|-crit|p1a: Leafeon
|-enditem|p1a: Leafeon|Yache Berry|[eat]
|-enditem|p1a: Leafeon|Yache Berry|[weaken]
|-damage|p1a: Leafeon|67\/271
|move|p1a: Leafeon|Knock Off|p2a: Beartic
|-damage|p2a: Beartic|12\/331
|-enditem|p2a: Beartic|Leftovers|[from] move: Knock Off|[of] p1a: Leafeon
|
|-weather|RainDance|[upkeep]
|upkeep
|turn|8
|choice|switch 5|move brickbreak
|
|switch|p1a: Muk|Muk, M|414\/414
|-damage|p1a: Muk|363\/414|[from] Stealth Rock
|move|p2a: Beartic|Brick Break|p1a: Muk
|-resisted|p1a: Muk
|-damage|p1a: Muk|307\/414
|
|-weather|none
|-heal|p1a: Muk|332\/414|[from] item: Black Sludge
|upkeep
|turn|9
|choice|move curse|move icepunch
|
|move|p2a: Beartic|Ice Punch|p1a: Muk
|-damage|p1a: Muk|158\/414
|move|p1a: Muk|Curse|p1a: Muk
|-unboost|p1a: Muk|spe|1
|-boost|p1a: Muk|atk|1
|-boost|p1a: Muk|def|1
|
|-heal|p1a: Muk|183\/414|[from] item: Black Sludge
|upkeep
|turn|10
|choice|move rest|move icepunch
|
|move|p2a: Beartic|Ice Punch|p1a: Muk
|-damage|p1a: Muk|80\/414
|move|p1a: Muk|Rest|p1a: Muk
|-status|p1a: Muk|slp
|-heal|p1a: Muk|414\/414 slp|[silent]
|-status|p1a: Muk|slp|[from] move: Rest
|
|upkeep
|turn|11
|choice|move sleeptalk|switch 6
|
|switch|p2a: I`m Nr.1|Spinda, M|324\/324
|-damage|p2a: I`m Nr.1|284\/324|[from] Stealth Rock
|cant|p1a: Muk|slp
|move|p1a: Muk|Sleep Talk|p1a: Muk
|move|p1a: Muk|Rest|p1a: Muk|[from]Sleep Talk
|-fail|p1a: Muk
|
|upkeep
|turn|12
|choice|move sleeptalk|move superpower
|
|move|p2a: I`m Nr.1|Superpower|p1a: Muk
|-resisted|p1a: Muk
|-damage|p1a: Muk|376\/414 slp
|-boost|p2a: I`m Nr.1|atk|1
|-boost|p2a: I`m Nr.1|def|1
|cant|p1a: Muk|slp
|move|p1a: Muk|Sleep Talk|p1a: Muk
|move|p1a: Muk|Rest|p1a: Muk|[from]Sleep Talk
|-fail|p1a: Muk
|
|-heal|p1a: Muk|401\/414 slp|[from] item: Black Sludge
|upkeep
|turn|13
|choice|move sleeptalk|move superpower
|
|move|p2a: I`m Nr.1|Superpower|p1a: Muk
|-resisted|p1a: Muk
|-damage|p1a: Muk|343\/414 slp
|-boost|p2a: I`m Nr.1|atk|1
|-boost|p2a: I`m Nr.1|def|1
|-curestatus|p1a: Muk|slp|[msg]
|move|p1a: Muk|Sleep Talk|p1a: Muk
|-fail|p1a: Muk
|
|-heal|p1a: Muk|368\/414|[from] item: Black Sludge
|upkeep
|turn|14
|choice|move poisonjab|move superpower
|
|move|p2a: I`m Nr.1|Superpower|p1a: Muk
|-resisted|p1a: Muk
|-damage|p1a: Muk|294\/414
|-boost|p2a: I`m Nr.1|atk|1
|-boost|p2a: I`m Nr.1|def|1
|move|p1a: Muk|Poison Jab|p2a: I`m Nr.1
|-damage|p2a: I`m Nr.1|187\/324
|-status|p2a: I`m Nr.1|psn
|
|-heal|p1a: Muk|319\/414|[from] item: Black Sludge
|-damage|p2a: I`m Nr.1|147\/324 psn|[from] psn
|upkeep
|turn|15
|choice|move curse|move zenheadbutt
|
|move|p2a: I`m Nr.1|Zen Headbutt|p1a: Muk
|-supereffective|p1a: Muk
|-damage|p1a: Muk|57\/414
|move|p1a: Muk|Curse|p1a: Muk
|-unboost|p1a: Muk|spe|1
|-boost|p1a: Muk|atk|1
|-boost|p1a: Muk|def|1
|
|-heal|p1a: Muk|82\/414|[from] item: Black Sludge
|-damage|p2a: I`m Nr.1|107\/324 psn|[from] psn
|upkeep
|turn|16
|choice|move rest|move return
|
|move|p2a: I`m Nr.1|Return|p1a: Muk
|-damage|p1a: Muk|0 fnt
|faint|p1a: Muk
|
|-damage|p2a: I`m Nr.1|67\/324 psn|[from] psn
|upkeep
|choice|switch 6|
|
|switch|p1a: Mr. Mime|Mr. Mime, M|221\/221
|-damage|p1a: Mr. Mime|194\/221|[from] Stealth Rock
|turn|17
|choice|move psychic|move suckerpunch
|
|move|p2a: I`m Nr.1|Sucker Punch|p1a: Mr. Mime
|-damage|p1a: Mr. Mime|0 fnt
|faint|p1a: Mr. Mime
|
|-damage|p2a: I`m Nr.1|27\/324 psn|[from] psn
|upkeep
|choice|switch 3|
|
|switch|p1a: Clefairy|Clefairy, F|344\/344
|turn|18
|choice|move softboiled|move return
|
|move|p2a: I`m Nr.1|Return|p1a: Clefairy
|-damage|p1a: Clefairy|0 fnt
|faint|p1a: Clefairy
|
|-damage|p2a: I`m Nr.1|0 fnt|[from] psn
|upkeep
|faint|p2a: I`m Nr.1
|choice|switch 2|switch 5
|
|switch|p2a: Puppet|Banette, F|332\/332
|switch|p1a: Probopass|Probopass, M|304\/304
|-damage|p2a: Puppet|291\/332|[from] Stealth Rock
|-damage|p1a: Probopass|285\/304|[from] Stealth Rock
|-item|p1a: Probopass|Air Balloon
|turn|19
|choice|move flashcannon|move willowisp
|
|move|p2a: Puppet|Will-O-Wisp|p1a: Probopass
|-status|p1a: Probopass|brn
|move|p1a: Probopass|Flash Cannon|p2a: Puppet
|-damage|p2a: Puppet|194\/332
|
|-heal|p2a: Puppet|214\/332|[from] item: Leftovers
|-damage|p1a: Probopass|247\/304 brn|[from] brn
|upkeep
|turn|20
|choice|move flashcannon|move shadowsneak
|
|move|p2a: Puppet|Shadow Sneak|p1a: Probopass
|-damage|p1a: Probopass|205\/304 brn
|-enditem|p1a: Probopass|Air Balloon
|move|p1a: Probopass|Flash Cannon|p2a: Puppet
|-damage|p2a: Puppet|112\/332
|
|-heal|p2a: Puppet|132\/332|[from] item: Leftovers
|-damage|p1a: Probopass|167\/304 brn|[from] brn
|upkeep
|turn|21
|choice|move flashcannon|switch 4
|
|switch|p2a: Bugsy|Ledian, M|289\/289
|-damage|p2a: Bugsy|145\/289|[from] Stealth Rock
|move|p1a: Probopass|Flash Cannon|p2a: Bugsy
|-damage|p2a: Bugsy|54\/289
|
|-damage|p1a: Probopass|129\/304 brn|[from] brn
|upkeep
|turn|22
|choice|move voltswitch|move lightscreen
|
|move|p2a: Bugsy|Light Screen|p2a: Bugsy
|-sidestart|p2: 275p|move: Light Screen
|move|p1a: Probopass|Volt Switch|p2a: Bugsy
|-supereffective|p2a: Bugsy
|-damage|p2a: Bugsy|0 fnt
|faint|p2a: Bugsy
|choice|switch 4|
|
|switch|p1a: Vullaby|Vullaby, F|343\/343
|-damage|p1a: Vullaby|258\/343|[from] Stealth Rock
|
|upkeep
|choice||switch 3
|
|switch|p2a: Emolga|Emolga, M|251\/251
|-damage|p2a: Emolga|189\/251|[from] Stealth Rock
|turn|23
|choice|move foulplay|move voltswitch
|
|move|p2a: Emolga|Volt Switch|p1a: Vullaby
|-supereffective|p1a: Vullaby
|-damage|p1a: Vullaby|37\/343
|-damage|p2a: Emolga|164\/251|[from] item: Life Orb
|choice||switch 6
|
|switch|p2a: Beartic|Beartic, F|12\/331
|-damage|p2a: Beartic|0 fnt|[from] Stealth Rock
|faint|p2a: Beartic
|move|p1a: Vullaby|Foul Play|p2: Beartic|[notarget]
|-notarget
|
|upkeep
|choice||switch 6
|
|switch|p2a: Emolga|Emolga, M|164\/251
|-damage|p2a: Emolga|102\/251|[from] Stealth Rock
|turn|24
|choice|move roost|move airslash
|
|move|p2a: Emolga|Air Slash|p1a: Vullaby
|-damage|p1a: Vullaby|0 fnt
|-damage|p2a: Emolga|77\/251|[from] item: Life Orb
|faint|p1a: Vullaby
|
|upkeep
|choice|switch 4|
|
|switch|p1a: Probopass|Probopass, M|129\/304 brn
|-damage|p1a: Probopass|110\/304 brn|[from] Stealth Rock
|turn|25
|choice|move flashcannon|move thunderbolt
|
|move|p2a: Emolga|Thunderbolt|p1a: Probopass
|-damage|p1a: Probopass|0 fnt
|-damage|p2a: Emolga|52\/251|[from] item: Life Orb
|faint|p1a: Probopass
|
|upkeep
|choice|switch 5|
|
|switch|p1a: Leafeon|Leafeon, M|67\/271
|-damage|p1a: Leafeon|34\/271|[from] Stealth Rock
|turn|26
|j|kutti
|choice|move knockoff|move airslash
|
|move|p1a: Leafeon|Knock Off|p2a: Emolga
|-damage|p2a: Emolga|0 fnt
|-enditem|p2a: Emolga|Life Orb|[from] move: Knock Off|[of] p1a: Leafeon
|faint|p2a: Emolga
|
|upkeep
|choice||switch 4
|
|switch|p2a: Puppet|Banette, F|132\/332
|-damage|p2a: Puppet|91\/332|[from] Stealth Rock
|turn|27
|choice|move leafblade|move shadowsneak
|
|move|p2a: Puppet|Shadow Sneak|p1a: Leafeon
|-damage|p1a: Leafeon|0 fnt
|faint|p1a: Leafeon
|
|win|275p
|c|☆275p|gg
|l|dracohax</script>
</div>
<div class="battle-log battle-log-inline"><div class="inner"><div class="battle-options"></div><div class="inner"><div class="chat"><small>dracohax joined.</small></div><div class="chat"><small>275p joined.</small></div><div class=""><small>Format:</small> <br><strong>PU</strong></div><div class=""><small><em>Sleep Clause Mod:</em> Limit one foe put to sleep</small></div><div class=""><small><em>Species Clause:</em> Limit one of each Pokémon</small></div><div class=""><small><em>OHKO Clause:</em> OHKO moves are banned</small></div><div class=""><small><em>Moody Clause:</em> Moody is banned</small></div><div class=""><small><em>Evasion Moves Clause:</em> Evasion moves are banned</small></div><div class=""><small><em>Endless Battle Clause:</em> Forcing endless battles is banned</small></div><div class=""><small><em>HP Percentage Mod:</em> HP is shown in percentages</small></div><div class=""><small><em>Swagger Clause:</em> Swagger is banned</small></div><div class=""><small><em>Baton Pass Clause:</em> Limit one Baton Passer, can't pass Spe and other stats simultaneously</small></div><div class="chat battle-history"><strong>dracohax's team:</strong> <em style="color:#445566;display:block;">Muk / Probopass / Leafeon / Vullaby / Clefairy / Mr. Mime</em></div><div class="chat battle-history"><strong>275p's team:</strong> <em style="color:#445566;display:block;">Prinplup / Beartic / Emolga / Ledian / Banette / Spinda</em></div><div class="chat chatmessage-275p"><strong style="color:hsl(274,54%,55.25357618933063%)"><small>☆</small><span class="username" data-name="275p">275p</span>:</strong> <em>glhf</em></div><div class="spacer battle-history"><br></div><div class="battle-history">Battle started between dracohax and 275p!<br></div><div class="spacer battle-history"><br></div><div class="battle-history">Go! <strong>Clefairy</strong>!<br></div><div class="spacer battle-history"><br></div><div class="battle-history">275p sent out I`m Nr.1 (<strong>Spinda</strong>)!<br></div><div class="spacer battle-history"><br></div><h2 class="battle-history">Turn 1</h2><div class="spacer battle-history"><br></div><div class="battle-history">275p withdrew I`m Nr.1!<br></div><div class="battle-history">275p sent out <strong>Prinplup</strong>!<br></div><div class="spacer battle-history"><br></div><div class="battle-history">Clefairy used <strong>Thunder Wave</strong>!<br></div><div class="battle-history"><small>The opposing Prinplup is paralyzed! It may be unable to move!</small><br></div><div class="spacer battle-history"><br></div><h2 class="battle-history">Turn 2</h2><div class="chat message-error">Battle timer is ON: inactive players will automatically lose when time's up. (requested by 275p)</div><div class="spacer battle-history"><br></div><div class="battle-history">Clefairy used <strong>Stealth Rock</strong>!<br></div><div class="battle-history"><small>Pointed stones float in the air around the opposing team!</small><br></div><div class="spacer battle-history"><br></div><div class="battle-history">The opposing Prinplup used <strong>Stealth Rock</strong>!<br></div><div class="battle-history"><small>Pointed stones float in the air around your team!</small><br></div><div class="spacer battle-history"><br></div><h2 class="battle-history">Turn 3</h2><div class="spacer battle-history"><br></div><div class="battle-history">Clefairy, come back!<br></div><div class="battle-history">Go! <strong>Leafeon</strong>!<br></div><div class="battle-history"><small>Pointed stones dug into Leafeon!</small><br></div><div class="spacer battle-history"><br></div><div class="battle-history">The opposing Prinplup is paralyzed! It can't move!<br></div><div class="spacer battle-history"><br></div><h2 class="battle-history">Turn 4</h2><div class="chat chatmessage-dracohax"><strong style="color:hsl(227,87%,56.797115354607755%)"><small>☆</small><span class="username" data-name="dracohax">dracohax</span>:</strong> <em>!dt leafeon</em></div><div class="chat message-error">[outdated code no longer supported]</div><div class="chat"><font size="1"><font color="#686868">Dex#:</font> 470&nbsp;|  <font color="#686868">Gen:</font> 4&nbsp;|  <font color="#686868">Height:</font> 1 m&nbsp;|  <font color="#686868">Weight:</font> 25.5 kg <em>(60 BP)</em>&nbsp;|  <font color="#686868">Dex Colour:</font> Green&nbsp;|  <font color="#686868">Egg Group(s):</font> Field&nbsp;|  <font color="#686868">Does Not Evolve</font></font></div><div class="spacer battle-history"><br></div><div class="battle-history">Leafeon used <strong>Swords Dance</strong>!<br></div><div class="battle-history"><small>Leafeon's Attack rose sharply!</small><br></div><div class="spacer battle-history"><br></div><div class="battle-history">The opposing Prinplup used <strong>Rain Dance</strong>!<br></div><div class="battle-history"><small>It started to rain!</small><br></div><div class="spacer battle-history"><br></div><div class="battle-history"><small>(Rain continues to fall!)</small><br></div><div class="spacer battle-history"><br></div><h2 class="battle-history">Turn 5</h2><div class="spacer battle-history"><br></div><div class="battle-history">Leafeon used <strong>Knock Off</strong>!<br></div><div class="battle-history"><small>(The opposing Prinplup lost <abbr title="−184/332">55.4%</abbr> of its health!)</small><br></div><div class="battle-history"><small>Leafeon knocked off the opposing Prinplup's Eviolite!</small><br></div><div class="spacer battle-history"><br></div><div class="battle-history">The opposing Prinplup is paralyzed! It can't move!<br></div><div class="spacer battle-history"><br></div><div class="battle-history"><small>(Rain continues to fall!)</small><br></div><div class="spacer battle-history"><br></div><h2 class="battle-history">Turn 6</h2><div class="spacer battle-history"><br></div><div class="battle-history">Leafeon used <strong>Knock Off</strong>!<br></div><div class="battle-history"><small>(The opposing Prinplup lost <abbr title="−148/332">44.6%</abbr> of its health!)</small><br></div><div class="spacer battle-history"><br></div><div class="battle-history">The opposing Prinplup fainted!<br></div><div class="spacer battle-history"><br></div><div class="battle-history"><small>(Rain continues to fall!)</small><br></div><div class="spacer battle-history"><br></div><div class="battle-history">275p sent out <strong>Beartic</strong>!<br></div><div class="battle-history"><small>Pointed stones dug into the opposing Beartic!</small><br></div><div class="spacer battle-history"><br></div><h2 class="battle-history">Turn 7</h2><div class="spacer battle-history"><br></div><div class="battle-history">The opposing Beartic used <strong>Ice Punch</strong>!<br></div><div class="battle-history"><small>It's super effective!</small><br></div><div class="battle-history"><small>A critical hit!</small><br></div><div class="battle-history"><small>Leafeon ate its Yache Berry!</small><br></div><div class="battle-history"><small>The Yache Berry weakened the damage to Leafeon!</small><br></div><div class="battle-history"><small>(Leafeon lost <abbr title="−171/271">63.1%</abbr> of its health!)</small><br></div><div class="spacer battle-history"><br></div><div class="battle-history">Leafeon used <strong>Knock Off</strong>!<br></div><div class="battle-history"><small>(The opposing Beartic lost <abbr title="−237/331">71.6%</abbr> of its health!)</small><br></div><div class="battle-history"><small>Leafeon knocked off the opposing Beartic's Leftovers!</small><br></div><div class="spacer battle-history"><br></div><div class="battle-history"><small>(Rain continues to fall!)</small><br></div><div class="spacer battle-history"><br></div><h2 class="battle-history">Turn 8</h2><div class="spacer battle-history"><br></div><div class="battle-history">Leafeon, come back!<br></div><div class="battle-history">Go! <strong>Muk</strong>!<br></div><div class="battle-history"><small>Pointed stones dug into Muk!</small><br></div><div class="spacer battle-history"><br></div><div class="battle-history">The opposing Beartic used <strong>Brick Break</strong>!<br></div><div class="battle-history"><small>It's not very effective...</small><br></div><div class="battle-history"><small>(Muk lost <abbr title="−56/414">13.5%</abbr> of its health!)</small><br></div><div class="spacer battle-history"><br></div><div class="battle-history"><small>The rain stopped.</small><br></div><div class="battle-history"><small>Muk restored a little HP using its Black Sludge!</small><br></div><div class="spacer battle-history"><br></div><h2 class="battle-history">Turn 9</h2><div class="spacer battle-history"><br></div><div class="battle-history">The opposing Beartic used <strong>Ice Punch</strong>!<br></div><div class="battle-history"><small>(Muk lost <abbr title="−174/414">42.0%</abbr> of its health!)</small><br></div><div class="spacer battle-history"><br></div><div class="battle-history">Muk used <strong>Curse</strong>!<br></div><div class="battle-history"><small>Muk's Speed fell!</small><br></div><div class="battle-history"><small>Muk's Attack rose!</small><br></div><div class="battle-history"><small>Muk's Defense rose!</small><br></div><div class="spacer battle-history"><br></div><div class="battle-history"><small>Muk restored a little HP using its Black Sludge!</small><br></div><div class="spacer battle-history"><br></div><h2 class="battle-history">Turn 10</h2><div class="spacer battle-history"><br></div><div class="battle-history">The opposing Beartic used <strong>Ice Punch</strong>!<br></div><div class="battle-history"><small>(Muk lost <abbr title="−103/414">24.9%</abbr> of its health!)</small><br></div><div class="spacer battle-history"><br></div><div class="battle-history">Muk used <strong>Rest</strong>!<br></div><div class="battle-history"><small>Muk fell asleep!</small><br></div><div class="battle-history"><small>Muk slept and became healthy!</small><br></div><div class="spacer battle-history"><br></div><h2 class="battle-history">Turn 11</h2><div class="spacer battle-history"><br></div><div class="battle-history">275p withdrew Beartic!<br></div><div class="battle-history">275p sent out I`m Nr.1 (<strong>Spinda</strong>)!<br></div><div class="battle-history"><small>Pointed stones dug into the opposing I`m Nr.1!</small><br></div><div class="spacer battle-history"><br></div><div class="battle-history">Muk is fast asleep.<br></div><div class="spacer battle-history"><br></div><div class="battle-history">Muk used <strong>Sleep Talk</strong>!<br></div><div class="spacer battle-history"><br></div><div class="battle-history">Muk used <strong>Rest</strong>!<br></div><div class="battle-history"><small>But it failed!</small><br></div><div class="spacer battle-history"><br></div><h2 class="battle-history">Turn 12</h2><div class="spacer battle-history"><br></div><div class="battle-history">The opposing I`m Nr.1 used <strong>Superpower</strong>!<br></div><div class="battle-history"><small>It's not very effective...</small><br></div><div class="battle-history"><small>(Muk lost <abbr title="−38/414">9.2%</abbr> of its health!)</small><br></div><div class="battle-history"><small>The opposing I`m Nr.1's Attack rose!</small><br></div><div class="battle-history"><small>The opposing I`m Nr.1's Defense rose!</small><br></div><div class="spacer battle-history"><br></div><div class="battle-history">Muk is fast asleep.<br></div><div class="spacer battle-history"><br></div><div class="battle-history">Muk used <strong>Sleep Talk</strong>!<br></div><div class="spacer battle-history"><br></div><div class="battle-history">Muk used <strong>Rest</strong>!<br></div><div class="battle-history"><small>But it failed!</small><br></div><div class="spacer battle-history"><br></div><div class="battle-history"><small>Muk restored a little HP using its Black Sludge!</small><br></div><div class="spacer battle-history"><br></div><h2 class="battle-history">Turn 13</h2><div class="spacer battle-history"><br></div><div class="battle-history">The opposing I`m Nr.1 used <strong>Superpower</strong>!<br></div><div class="battle-history"><small>It's not very effective...</small><br></div><div class="battle-history"><small>(Muk lost <abbr title="−58/414">14.0%</abbr> of its health!)</small><br></div><div class="battle-history"><small>The opposing I`m Nr.1's Attack rose!</small><br></div><div class="battle-history"><small>The opposing I`m Nr.1's Defense rose!</small><br></div><div class="battle-history"><small>Muk woke up!</small><br></div><div class="spacer battle-history"><br></div><div class="battle-history">Muk used <strong>Sleep Talk</strong>!<br></div><div class="battle-history"><small>But it failed!</small><br></div><div class="spacer battle-history"><br></div><div class="battle-history"><small>Muk restored a little HP using its Black Sludge!</small><br></div><div class="spacer battle-history"><br></div><h2 class="battle-history">Turn 14</h2><div class="spacer battle-history"><br></div><div class="battle-history">The opposing I`m Nr.1 used <strong>Superpower</strong>!<br></div><div class="battle-history"><small>It's not very effective...</small><br></div><div class="battle-history"><small>(Muk lost <abbr title="−74/414">17.9%</abbr> of its health!)</small><br></div><div class="battle-history"><small>The opposing I`m Nr.1's Attack rose!</small><br></div><div class="battle-history"><small>The opposing I`m Nr.1's Defense rose!</small><br></div><div class="spacer battle-history"><br></div><div class="battle-history">Muk used <strong>Poison Jab</strong>!<br></div><div class="battle-history"><small>(The opposing I`m Nr.1 lost <abbr title="−97/324">29.9%</abbr> of its health!)</small><br></div><div class="battle-history"><small>The opposing I`m Nr.1 was poisoned!</small><br></div><div class="spacer battle-history"><br></div><div class="battle-history"><small>Muk restored a little HP using its Black Sludge!</small><br></div><div class="battle-history"><small>The opposing I`m Nr.1 was hurt by poison!</small><br></div><div class="spacer battle-history"><br></div><h2 class="battle-history">Turn 15</h2><div class="spacer battle-history"><br></div><div class="battle-history">The opposing I`m Nr.1 used <strong>Zen Headbutt</strong>!<br></div><div class="battle-history"><small>It's super effective!</small><br></div><div class="battle-history"><small>(Muk lost <abbr title="−262/414">63.3%</abbr> of its health!)</small><br></div><div class="spacer battle-history"><br></div><div class="battle-history">Muk used <strong>Curse</strong>!<br></div><div class="battle-history"><small>Muk's Speed fell!</small><br></div><div class="battle-history"><small>Muk's Attack rose!</small><br></div><div class="battle-history"><small>Muk's Defense rose!</small><br></div><div class="spacer battle-history"><br></div><div class="battle-history"><small>Muk restored a little HP using its Black Sludge!</small><br></div><div class="battle-history"><small>The opposing I`m Nr.1 was hurt by poison!</small><br></div><div class="spacer battle-history"><br></div><h2 class="battle-history">Turn 16</h2><div class="spacer battle-history"><br></div><div class="battle-history">The opposing I`m Nr.1 used <strong>Return</strong>!<br></div><div class="battle-history"><small>(Muk lost <abbr title="−82/414">19.8%</abbr> of its health!)</small><br></div><div class="spacer battle-history"><br></div><div class="battle-history">Muk fainted!<br></div><div class="spacer battle-history"><br></div><div class="battle-history"><small>The opposing I`m Nr.1 was hurt by poison!</small><br></div><div class="spacer battle-history"><br></div><div class="battle-history">Go! <strong>Mr. Mime</strong>!<br></div><div class="battle-history"><small>Pointed stones dug into Mr. Mime!</small><br></div><div class="spacer battle-history"><br></div><h2 class="battle-history">Turn 17</h2><div class="spacer battle-history"><br></div><div class="battle-history">The opposing I`m Nr.1 used <strong>Sucker Punch</strong>!<br></div><div class="battle-history"><small>(Mr. Mime lost <abbr title="−194/221">87.8%</abbr> of its health!)</small><br></div><div class="spacer battle-history"><br></div><div class="battle-history">Mr. Mime fainted!<br></div><div class="spacer battle-history"><br></div><div class="battle-history"><small>The opposing I`m Nr.1 was hurt by poison!</small><br></div><div class="spacer battle-history"><br></div><div class="battle-history">Go! <strong>Clefairy</strong>!<br></div><div class="spacer battle-history"><br></div><h2 class="battle-history">Turn 18</h2><div class="spacer battle-history"><br></div><div class="battle-history">The opposing I`m Nr.1 used <strong>Return</strong>!<br></div><div class="battle-history"><small>(Clefairy lost <abbr title="−344/344">100%</abbr> of its health!)</small><br></div><div class="spacer battle-history"><br></div><div class="battle-history">Clefairy fainted!<br></div><div class="spacer battle-history"><br></div><div class="battle-history"><small>The opposing I`m Nr.1 was hurt by poison!</small><br></div><div class="spacer battle-history"><br></div><div class="battle-history">The opposing I`m Nr.1 fainted!<br></div><div class="spacer battle-history"><br></div><div class="battle-history">275p sent out Puppet (<strong>Banette</strong>)!<br></div><div class="spacer battle-history"><br></div><div class="battle-history">Go! <strong>Probopass</strong>!<br></div><div class="battle-history"><small>Pointed stones dug into the opposing Puppet!</small><br></div><div class="battle-history"><small>Pointed stones dug into Probopass!</small><br></div><div class="battle-history"><small>Probopass floats in the air with its Air Balloon!</small><br></div><div class="spacer battle-history"><br></div><h2 class="battle-history">Turn 19</h2><div class="spacer battle-history"><br></div><div class="battle-history">The opposing Puppet used <strong>Will-O-Wisp</strong>!<br></div><div class="battle-history"><small>Probopass was burned!</small><br></div><div class="spacer battle-history"><br></div><div class="battle-history">Probopass used <strong>Flash Cannon</strong>!<br></div><div class="battle-history"><small>(The opposing Puppet lost <abbr title="−97/332">29.2%</abbr> of its health!)</small><br></div><div class="spacer battle-history"><br></div><div class="battle-history"><small>The opposing Puppet restored a little HP using its Leftovers!</small><br></div><div class="battle-history"><small>Probopass was hurt by its burn!</small><br></div><div class="spacer battle-history"><br></div><h2 class="battle-history">Turn 20</h2><div class="spacer battle-history"><br></div><div class="battle-history">The opposing Puppet used <strong>Shadow Sneak</strong>!<br></div><div class="battle-history"><small>(Probopass lost <abbr title="−42/304">13.8%</abbr> of its health!)</small><br></div><div class="battle-history"><small>Probopass's Air Balloon popped!</small><br></div><div class="spacer battle-history"><br></div><div class="battle-history">Probopass used <strong>Flash Cannon</strong>!<br></div><div class="battle-history"><small>(The opposing Puppet lost <abbr title="−102/332">30.7%</abbr> of its health!)</small><br></div><div class="spacer battle-history"><br></div><div class="battle-history"><small>The opposing Puppet restored a little HP using its Leftovers!</small><br></div><div class="battle-history"><small>Probopass was hurt by its burn!</small><br></div><div class="spacer battle-history"><br></div><h2 class="battle-history">Turn 21</h2><div class="spacer battle-history"><br></div><div class="battle-history">275p withdrew Puppet!<br></div><div class="battle-history">275p sent out Bugsy (<strong>Ledian</strong>)!<br></div><div class="battle-history"><small>Pointed stones dug into the opposing Bugsy!</small><br></div><div class="spacer battle-history"><br></div><div class="battle-history">Probopass used <strong>Flash Cannon</strong>!<br></div><div class="battle-history"><small>(The opposing Bugsy lost <abbr title="−91/289">31.5%</abbr> of its health!)</small><br></div><div class="spacer battle-history"><br></div><div class="battle-history"><small>Probopass was hurt by its burn!</small><br></div><div class="spacer battle-history"><br></div><h2 class="battle-history">Turn 22</h2><div class="spacer battle-history"><br></div><div class="battle-history">The opposing Bugsy used <strong>Light Screen</strong>!<br></div><div class="battle-history"><small>Light Screen made the opposing team stronger against special moves!</small><br></div><div class="spacer battle-history"><br></div><div class="battle-history">Probopass used <strong>Volt Switch</strong>!<br></div><div class="battle-history"><small>It's super effective!</small><br></div><div class="battle-history"><small>(The opposing Bugsy lost <abbr title="−54/289">18.7%</abbr> of its health!)</small><br></div><div class="spacer battle-history"><br></div><div class="battle-history">The opposing Bugsy fainted!<br></div><div class="spacer battle-history"><br></div><div class="battle-history">Probopass went back to dracohax!<br></div><div class="battle-history">Go! <strong>Vullaby</strong>!<br></div><div class="battle-history"><small>Pointed stones dug into Vullaby!</small><br></div><div class="spacer battle-history"><br></div><div class="battle-history">275p sent out <strong>Emolga</strong>!<br></div><div class="battle-history"><small>Pointed stones dug into the opposing Emolga!</small><br></div><div class="spacer battle-history"><br></div><h2 class="battle-history">Turn 23</h2><div class="spacer battle-history"><br></div><div class="battle-history">The opposing Emolga used <strong>Volt Switch</strong>!<br></div><div class="battle-history"><small>It's super effective!</small><br></div><div class="battle-history"><small>(Vullaby lost <abbr title="−221/343">64.4%</abbr> of its health!)</small><br></div><div class="battle-history"><small>The opposing Emolga lost some of its HP!</small><br></div><div class="spacer battle-history"><br></div><div class="battle-history">The opposing Emolga went back to 275p!<br></div><div class="battle-history">275p sent out <strong>Beartic</strong>!<br></div><div class="battle-history"><small>Pointed stones dug into the opposing Beartic!</small><br></div><div class="spacer battle-history"><br></div><div class="battle-history">The opposing Beartic fainted!<br></div><div class="battle-history">Vullaby used <strong>Foul Play</strong>!<br></div><div class="battle-history"><small>But there was no target...</small><br></div><div class="spacer battle-history"><br></div><div class="battle-history">275p sent out <strong>Emolga</strong>!<br></div><div class="battle-history"><small>Pointed stones dug into the opposing Emolga!</small><br></div><div class="spacer battle-history"><br></div><h2 class="battle-history">Turn 24</h2><div class="spacer battle-history"><br></div><div class="battle-history">The opposing Emolga used <strong>Air Slash</strong>!<br></div><div class="battle-history"><small>(Vullaby lost <abbr title="−37/343">10.8%</abbr> of its health!)</small><br></div><div class="battle-history"><small>The opposing Emolga lost some of its HP!</small><br></div><div class="spacer battle-history"><br></div><div class="battle-history">Vullaby fainted!<br></div><div class="spacer battle-history"><br></div><div class="battle-history">Go! <strong>Probopass</strong>!<br></div><div class="battle-history"><small>Pointed stones dug into Probopass!</small><br></div><div class="spacer battle-history"><br></div><h2 class="battle-history">Turn 25</h2><div class="spacer battle-history"><br></div><div class="battle-history">The opposing Emolga used <strong>Thunderbolt</strong>!<br></div><div class="battle-history"><small>(Probopass lost <abbr title="−110/304">36.2%</abbr> of its health!)</small><br></div><div class="battle-history"><small>The opposing Emolga lost some of its HP!</small><br></div><div class="spacer battle-history"><br></div><div class="battle-history">Probopass fainted!<br></div><div class="spacer battle-history"><br></div><div class="battle-history">Go! <strong>Leafeon</strong>!<br></div><div class="battle-history"><small>Pointed stones dug into Leafeon!</small><br></div><div class="spacer battle-history"><br></div><h2 class="battle-history">Turn 26</h2><div class="chat"><small>kutti joined.</small></div><div class="spacer battle-history"><br></div><div class="battle-history">Leafeon used <strong>Knock Off</strong>!<br></div><div class="battle-history"><small>(The opposing Emolga lost <abbr title="−52/251">20.7%</abbr> of its health!)</small><br></div><div class="battle-history"><small>Leafeon knocked off the opposing Emolga's Life Orb!</small><br></div><div class="spacer battle-history"><br></div><div class="battle-history">The opposing Emolga fainted!<br></div><div class="spacer battle-history"><br></div><div class="battle-history">275p sent out Puppet (<strong>Banette</strong>)!<br></div><div class="battle-history"><small>Pointed stones dug into the opposing Puppet!</small><br></div><div class="spacer battle-history"><br></div><h2 class="battle-history">Turn 27</h2><div class="spacer battle-history"><br></div><div class="battle-history">The opposing Puppet used <strong>Shadow Sneak</strong>!<br></div><div class="battle-history"><small>(Leafeon lost <abbr title="−34/271">12.5%</abbr> of its health!)</small><br></div><div class="spacer battle-history"><br></div><div class="battle-history">Leafeon fainted!<br></div><div class="spacer battle-history"><br></div><div class="battle-history"><strong>275p</strong> won the battle!<br></div><div class="chat chatmessage-275p"><strong style="color:hsl(274,54%,55.25357618933063%)"><small>☆</small><span class="username" data-name="275p">275p</span>:</strong> <em>gg</em></div><div class="chat"><small>dracohax left.</small></div></div><div class="inner-preempt"></div></div></div>
</div>
<script>
let daily = Math.floor(Date.now()/1000/60/60/24);document.write('<script src="https://play.pokemonshowdown.com/js/replay-embed.js?version'+daily+'"></'+'script>');
</script>
