<!DOCTYPE html>
<meta charset="utf-8" />
<!-- version 1 -->
<title>PU replay: Based Loser vs. bugsy thug</title>
<style>
html,body {font-family:Verdana, sans-serif;font-size:10pt;margin:0;padding:0;}body{padding:12px 0;} .battle-log {font-family:Verdana, sans-serif;font-size:10pt;} .battle-log-inline {border:1px solid #AAAAAA;background:#EEF2F5;color:black;max-width:640px;margin:0 auto 80px;padding-bottom:5px;} .battle-log .inner {padding:4px 8px 0px 8px;} .battle-log .inner-preempt {padding:0 8px 4px 8px;} .battle-log .inner-after {margin-top:0.5em;} .battle-log h2 {margin:0.5em -8px;padding:4px 8px;border:1px solid #AAAAAA;background:#E0E7EA;border-left:0;border-right:0;font-family:Verdana, sans-serif;font-size:13pt;} .battle-log .chat {vertical-align:middle;padding:3px 0 3px 0;font-size:8pt;} .battle-log .chat strong {color:#40576A;} .battle-log .chat em {padding:1px 4px 1px 3px;color:#000000;font-style:normal;} .chat.mine {background:rgba(0,0,0,0.05);margin-left:-8px;margin-right:-8px;padding-left:8px;padding-right:8px;} .spoiler {color:#BBBBBB;background:#BBBBBB;padding:0px 3px;} .spoiler:hover, .spoiler:active, .spoiler-shown {color:#000000;background:#E2E2E2;padding:0px 3px;} .spoiler a {color:#BBBBBB;} .spoiler:hover a, .spoiler:active a, .spoiler-shown a {color:#2288CC;} .chat code, .chat .spoiler:hover code, .chat .spoiler:active code, .chat .spoiler-shown code {border:1px solid #C0C0C0;background:#EEEEEE;color:black;padding:0 2px;} .chat .spoiler code {border:1px solid #CCCCCC;background:#CCCCCC;color:#CCCCCC;} .battle-log .rated {padding:3px 4px;} .battle-log .rated strong {color:white;background:#89A;padding:1px 4px;border-radius:4px;} .spacer {margin-top:0.5em;} .message-announce {background:#6688AA;color:white;padding:1px 4px 2px;} .message-announce a, .broadcast-green a, .broadcast-blue a, .broadcast-red a {color:#DDEEFF;} .broadcast-green {background-color:#559955;color:white;padding:2px 4px;} .broadcast-blue {background-color:#6688AA;color:white;padding:2px 4px;} .infobox {border:1px solid #6688AA;padding:2px 4px;} .infobox-limited {max-height:200px;overflow:auto;overflow-x:hidden;} .broadcast-red {background-color:#AA5544;color:white;padding:2px 4px;} .message-learn-canlearn {font-weight:bold;color:#228822;text-decoration:underline;} .message-learn-cannotlearn {font-weight:bold;color:#CC2222;text-decoration:underline;} .message-effect-weak {font-weight:bold;color:#CC2222;} .message-effect-resist {font-weight:bold;color:#6688AA;} .message-effect-immune {font-weight:bold;color:#666666;} .message-learn-list {margin-top:0;margin-bottom:0;} .message-throttle-notice, .message-error {color:#992222;} .message-overflow, .chat small.message-overflow {font-size:0pt;} .message-overflow::before {font-size:9pt;content:'...';} .subtle {color:#3A4A66;}
</style>
<div class="wrapper replay-wrapper" style="max-width:1180px;margin:0 auto">
<input type="hidden" name="replayid" value="pu-573160990" />
<div class="battle"></div><div class="battle-log"></div><div class="replay-controls"></div><div class="replay-controls-2"></div>
<h1 style="font-weight:normal;text-align:center"><strong>PU</strong><br /><a href="http://pokemonshowdown.com/users/basedloser" class="subtle" target="_blank">Based Loser</a> vs. <a href="http://pokemonshowdown.com/users/bugsythug" class="subtle" target="_blank">bugsy thug</a></h1>
<script type="text/plain" class="battle-log-data">|j|Based Loser
|j|bugsy thug
|player|p1|Based Loser|168
|player|p2|bugsy thug|285
|gametype|singles
|gen|6
|tier|PU
|seed|58875,50895,39867,19081
|rule|Sleep Clause Mod: Limit one foe put to sleep
|rule|Species Clause: Limit one of each Pokémon
|rule|OHKO Clause: OHKO moves are banned
|rule|Moody Clause: Moody is banned
|rule|Evasion Moves Clause: Evasion moves are banned
|rule|Endless Battle Clause: Forcing endless battles is banned
|rule|HP Percentage Mod: HP is shown in percentages
|clearpoke
|poke|p1|Monferno, F|item
|poke|p1|Grumpig, M|item
|poke|p1|Rotom-Frost|item
|poke|p1|Gourgeist-*, M|item
|poke|p1|Golem, F|item
|poke|p1|Lumineon, F|item
|poke|p2|Beedrill, F, shiny|item
|poke|p2|Bibarel, F|item
|poke|p2|Articuno|item
|poke|p2|Mightyena, F|item
|poke|p2|Lumineon, F|item
|poke|p2|Crustle, M|item
|rule|Swagger Clause: Swagger is banned
|rule|Baton Pass Clause: Limit one Baton Passer, can't pass Spe and other stats simultaneously
|teampreview
|choice|team 3, team 2, team 1, team 4, team 5, team 6|team 1, team 2, team 3, team 4, team 5, team 6
|
|start
|switch|p1a: Rotom|Rotom-Frost|241\/241
|switch|p2a: Beedrill|Beedrill, F, shiny|272\/272
|turn|1
|choice|move voltswitch|move uturn
|
|move|p1a: Rotom|Volt Switch|p2a: Beedrill
|-damage|p2a: Beedrill|142\/272
|choice|switch 6|
|
|switch|p1a: Lumineon|Lumineon, F|331\/331
|move|p2a: Beedrill|U-turn|p1a: Lumineon
|-damage|p1a: Lumineon|252\/331
|inactive|Battle timer is ON: inactive players will automatically lose when time's up. (requested by Based Loser)
|choice||switch 2
|
|switch|p2a: Bibarel|Bibarel, F|362\/362
|
|-heal|p1a: Lumineon|272\/331|[from] item: Leftovers
|upkeep
|turn|2
|choice|move uturn|move amnesia
|
|move|p1a: Lumineon|U-turn|p2a: Bibarel
|-crit|p2a: Bibarel
|-damage|p2a: Bibarel|288\/362
|choice|switch 6|
|
|switch|p1a: Rotom|Rotom-Frost|241\/241
|move|p2a: Bibarel|Amnesia|p2a: Bibarel
|-boost|p2a: Bibarel|spd|4
|
|upkeep
|turn|3
|choice|move thunderbolt|switch 2
|
|switch|p2a: Beedrill|Beedrill, F, shiny|142\/272
|move|p1a: Rotom|Thunderbolt|p2a: Beedrill
|-damage|p2a: Beedrill|0 fnt
|faint|p2a: Beedrill
|
|upkeep
|choice||switch 6
|
|switch|p2a: Crustle|Crustle, M|281\/281
|turn|4
|choice|switch 6|move shellsmash
|
|switch|p1a: Lumineon|Lumineon, F|272\/331
|move|p2a: Crustle|Shell Smash|p2a: Crustle
|-unboost|p2a: Crustle|def|1
|-unboost|p2a: Crustle|spd|1
|-boost|p2a: Crustle|atk|2
|-boost|p2a: Crustle|spa|2
|-boost|p2a: Crustle|spe|2
|
|-heal|p1a: Lumineon|292\/331|[from] item: Leftovers
|upkeep
|turn|5
|choice|move scald|move xscissor
|
|move|p2a: Crustle|X-Scissor|p1a: Lumineon
|-damage|p1a: Lumineon|97\/331
|move|p1a: Lumineon|Scald|p2a: Crustle
|-supereffective|p2a: Crustle
|-ability|p2a: Crustle|Sturdy
|-damage|p2a: Crustle|1\/281
|-enditem|p2a: Crustle|Weakness Policy
|-boost|p2a: Crustle|atk|2
|-boost|p2a: Crustle|spa|2
|-status|p2a: Crustle|brn
|
|-heal|p1a: Lumineon|117\/331|[from] item: Leftovers
|-damage|p2a: Crustle|0 fnt|[from] brn
|upkeep
|faint|p2a: Crustle
|choice||switch 2
|
|switch|p2a: Bibarel|Bibarel, F|288\/362
|turn|6
|choice|move uturn|move amnesia
|
|move|p1a: Lumineon|U-turn|p2a: Bibarel
|-damage|p2a: Bibarel|239\/362
|choice|switch 6|
|
|switch|p1a: Rotom|Rotom-Frost|241\/241
|move|p2a: Bibarel|Amnesia|p2a: Bibarel
|-boost|p2a: Bibarel|spd|4
|
|upkeep
|turn|7
|choice|move thunderbolt|move return
|
|move|p1a: Rotom|Thunderbolt|p2a: Bibarel
|-supereffective|p2a: Bibarel
|-damage|p2a: Bibarel|129\/362
|move|p2a: Bibarel|Return|p1a: Rotom
|-damage|p1a: Rotom|135\/241
|
|upkeep
|turn|8
|choice|move thunderbolt|move return
|
|move|p1a: Rotom|Thunderbolt|p2a: Bibarel
|-supereffective|p2a: Bibarel
|-damage|p2a: Bibarel|21\/362
|move|p2a: Bibarel|Return|p1a: Rotom
|-damage|p1a: Rotom|38\/241
|
|upkeep
|turn|9
|choice|switch 4|move aquatail
|
|switch|p1a: Gourgeist|Gourgeist-Super, M|351\/351
|-item|p2a: Bibarel|Chesto Berry|[from] ability: Frisk|[of] p1a: Gourgeist|[identify]
|move|p2a: Bibarel|Aqua Tail|p1a: Gourgeist
|-resisted|p1a: Gourgeist
|-damage|p1a: Gourgeist|320\/351
|
|-heal|p1a: Gourgeist|341\/351|[from] item: Leftovers
|upkeep
|turn|10
|choice|move foulplay|switch 4
|
|switch|p2a: Mightyena|Mightyena, F|282\/282
|move|p1a: Gourgeist|Foul Play|p2a: Mightyena
|-resisted|p2a: Mightyena
|-damage|p2a: Mightyena|220\/282
|
|-heal|p1a: Gourgeist|351\/351|[from] item: Leftovers
|upkeep
|turn|11
|choice|move willowisp|move crunch
|
|move|p2a: Mightyena|Crunch|p1a: Gourgeist
|-supereffective|p1a: Gourgeist
|-damage|p1a: Gourgeist|164\/351
|-damage|p2a: Mightyena|192\/282|[from] item: Life Orb
|move|p1a: Gourgeist|Will-O-Wisp|p2a: Mightyena
|-status|p2a: Mightyena|brn
|
|-heal|p1a: Gourgeist|185\/351|[from] item: Leftovers
|-damage|p2a: Mightyena|157\/282 brn|[from] brn
|upkeep
|turn|12
|choice|move synthesis|move crunch
|
|move|p2a: Mightyena|Crunch|p1a: Gourgeist
|-supereffective|p1a: Gourgeist
|-damage|p1a: Gourgeist|90\/351
|-damage|p2a: Mightyena|129\/282 brn|[from] item: Life Orb
|move|p1a: Gourgeist|Synthesis|p1a: Gourgeist
|-heal|p1a: Gourgeist|265\/351
|
|-heal|p1a: Gourgeist|286\/351|[from] item: Leftovers
|-damage|p2a: Mightyena|94\/282 brn|[from] brn
|upkeep
|turn|13
|choice|move leechseed|switch 3
|
|switch|p2a: Articuno|Articuno|384\/384
|-ability|p2a: Articuno|Pressure
|move|p1a: Gourgeist|Leech Seed|p2a: Articuno
|-start|p2a: Articuno|move: Leech Seed
|
|-heal|p1a: Gourgeist|307\/351|[from] item: Leftovers
|-damage|p2a: Articuno|336\/384|[from] Leech Seed|[of] p1a: Gourgeist
|-heal|p1a: Gourgeist|351\/351|[silent]
|upkeep
|turn|14
|choice|switch 2|move toxic
|
|switch|p1a: Grumpig|Grumpig, M|321\/321
|move|p2a: Articuno|Toxic|p1a: Grumpig
|-status|p1a: Grumpig|tox
|
|-heal|p2a: Articuno|360\/384|[from] item: Leftovers
|-damage|p2a: Articuno|312\/384|[from] Leech Seed|[of] p1a: Grumpig
|-damage|p1a: Grumpig|301\/321 tox|[from] psn
|upkeep
|turn|15
|choice|move focusblast|switch 3
|
|switch|p2a: Mightyena|Mightyena, F|94\/282 brn
|move|p1a: Grumpig|Focus Blast|p2a: Mightyena|[miss]
|-miss|p1a: Grumpig|p2a: Mightyena
|
|-damage|p1a: Grumpig|261\/321 tox|[from] psn
|-damage|p2a: Mightyena|59\/282 brn|[from] brn
|upkeep
|turn|16
|choice|move focusblast|move crunch
|
|move|p1a: Grumpig|Focus Blast|p2a: Mightyena
|-supereffective|p2a: Mightyena
|-damage|p2a: Mightyena|0 fnt
|faint|p2a: Mightyena
|
|-damage|p1a: Grumpig|201\/321 tox|[from] psn
|upkeep
|choice||switch 4
|
|switch|p2a: Bibarel|Bibarel, F|21\/362
|turn|17
|choice|move psychic|move return
|
|move|p1a: Grumpig|Psychic|p2a: Bibarel
|-damage|p2a: Bibarel|0 fnt
|faint|p2a: Bibarel
|
|-damage|p1a: Grumpig|121\/321 tox|[from] psn
|upkeep
|choice||switch 5
|
|switch|p2a: Lumineon|Lumineon, F|342\/342
|turn|18
|choice|switch 6|move scald
|
|switch|p1a: Lumineon|Lumineon, F|117\/331
|move|p2a: Lumineon|Scald|p1a: Lumineon
|-ability|p1a: Lumineon|Storm Drain|boost
|-boost|p1a: Lumineon|spa|1
|
|-heal|p1a: Lumineon|137\/331|[from] item: Leftovers
|upkeep
|turn|19
|choice|move hiddenpower|move tailwind
|
|move|p2a: Lumineon|Tailwind|p2a: Lumineon
|-sidestart|p2: bugsy thug|move: Tailwind
|move|p1a: Lumineon|Hidden Power|p2a: Lumineon
|-supereffective|p2a: Lumineon
|-damage|p2a: Lumineon|214\/342
|
|-heal|p2a: Lumineon|235\/342|[from] item: Leftovers
|-heal|p1a: Lumineon|157\/331|[from] item: Leftovers
|upkeep
|turn|20
|choice|move hiddenpower|switch 3
|
|switch|p2a: Articuno|Articuno|312\/384
|-ability|p2a: Articuno|Pressure
|move|p1a: Lumineon|Hidden Power|p2a: Articuno
|-supereffective|p2a: Articuno
|-damage|p2a: Articuno|240\/384
|
|-heal|p2a: Articuno|264\/384|[from] item: Leftovers
|-heal|p1a: Lumineon|177\/331|[from] item: Leftovers
|upkeep
|turn|21
|choice|move scald|move substitute
|
|move|p2a: Articuno|Substitute|p2a: Articuno
|-start|p2a: Articuno|Substitute
|-damage|p2a: Articuno|168\/384
|move|p1a: Lumineon|Scald|p2a: Articuno
|-activate|p2a: Articuno|move: Substitute|[damage]
|
|-heal|p2a: Articuno|192\/384|[from] item: Leftovers
|-heal|p1a: Lumineon|197\/331|[from] item: Leftovers
|upkeep
|turn|22
|choice|move hiddenpower|move freezedry
|
|move|p2a: Articuno|Freeze-Dry|p1a: Lumineon
|-supereffective|p1a: Lumineon
|-damage|p1a: Lumineon|3\/331
|move|p1a: Lumineon|Hidden Power|p2a: Articuno
|-supereffective|p2a: Articuno
|-end|p2a: Articuno|Substitute
|
|-heal|p2a: Articuno|216\/384|[from] item: Leftovers
|-heal|p1a: Lumineon|23\/331|[from] item: Leftovers
|-sideend|p2: bugsy thug|move: Tailwind
|upkeep
|turn|23
|choice|move hiddenpower|move roost
|
|move|p1a: Lumineon|Hidden Power|p2a: Articuno
|-supereffective|p2a: Articuno
|-damage|p2a: Articuno|140\/384
|move|p2a: Articuno|Roost|p2a: Articuno
|-heal|p2a: Articuno|332\/384
|
|-heal|p1a: Lumineon|43\/331|[from] item: Leftovers
|-heal|p2a: Articuno|356\/384|[from] item: Leftovers
|upkeep
|turn|24
|choice|move hiddenpower|move substitute
|
|move|p1a: Lumineon|Hidden Power|p2a: Articuno
|-supereffective|p2a: Articuno
|-damage|p2a: Articuno|276\/384
|move|p2a: Articuno|Substitute|p2a: Articuno
|-start|p2a: Articuno|Substitute
|-damage|p2a: Articuno|180\/384
|
|-heal|p1a: Lumineon|63\/331|[from] item: Leftovers
|-heal|p2a: Articuno|204\/384|[from] item: Leftovers
|upkeep
|turn|25
|choice|move hiddenpower|move freezedry
|
|move|p1a: Lumineon|Hidden Power|p2a: Articuno
|-supereffective|p2a: Articuno
|-activate|p2a: Articuno|move: Substitute|[damage]
|move|p2a: Articuno|Freeze-Dry|p1a: Lumineon
|-supereffective|p1a: Lumineon
|-damage|p1a: Lumineon|0 fnt
|faint|p1a: Lumineon
|
|-heal|p2a: Articuno|228\/384|[from] item: Leftovers
|upkeep
|choice|switch 4|
|
|switch|p1a: Rotom|Rotom-Frost|38\/241
|turn|26
|choice|move voltswitch|move freezedry
|
|move|p1a: Rotom|Volt Switch|p2a: Articuno
|-supereffective|p2a: Articuno
|-end|p2a: Articuno|Substitute
|choice|switch 3|
|
|switch|p1a: Monferno|Monferno, F|269\/269
|move|p2a: Articuno|Freeze-Dry|p1a: Monferno
|-resisted|p1a: Monferno
|-damage|p1a: Monferno|221\/269
|
|-heal|p2a: Articuno|252\/384|[from] item: Leftovers
|upkeep
|turn|27
|choice|move firepunch|move roost
|
|move|p1a: Monferno|Fire Punch|p2a: Articuno
|-supereffective|p2a: Articuno
|-damage|p2a: Articuno|30\/384
|move|p2a: Articuno|Roost|p2a: Articuno
|-heal|p2a: Articuno|222\/384
|
|-heal|p2a: Articuno|246\/384|[from] item: Leftovers
|upkeep
|turn|28
|choice|move swordsdance|switch 3
|
|switch|p2a: Lumineon|Lumineon, F|235\/342
|move|p1a: Monferno|Swords Dance|p1a: Monferno
|-boost|p1a: Monferno|atk|2
|
|-heal|p2a: Lumineon|256\/342|[from] item: Leftovers
|upkeep
|turn|29
|choice|switch 2|move protect
|
|switch|p1a: Gourgeist|Gourgeist-Super, M|351\/351
|-item|p2a: Lumineon|Leftovers|[from] ability: Frisk|[of] p1a: Gourgeist|[identify]
|move|p2a: Lumineon|Protect|p2a: Lumineon
|-fail|p2a: Lumineon
|
|-heal|p2a: Lumineon|277\/342|[from] item: Leftovers
|upkeep
|turn|30
|choice|move leechseed|move tailwind
|
|move|p2a: Lumineon|Tailwind|p2a: Lumineon
|-sidestart|p2: bugsy thug|move: Tailwind
|move|p1a: Gourgeist|Leech Seed|p2a: Lumineon
|-start|p2a: Lumineon|move: Leech Seed
|
|-heal|p2a: Lumineon|298\/342|[from] item: Leftovers
|-damage|p2a: Lumineon|256\/342|[from] Leech Seed|[of] p1a: Gourgeist
|upkeep
|turn|31
|choice|move willowisp|switch 3
|
|switch|p2a: Articuno|Articuno|246\/384
|-ability|p2a: Articuno|Pressure
|move|p1a: Gourgeist|Will-O-Wisp|p2a: Articuno
|-status|p2a: Articuno|brn
|
|-heal|p2a: Articuno|270\/384 brn|[from] item: Leftovers
|-damage|p2a: Articuno|222\/384 brn|[from] brn
|upkeep
|turn|32
|choice|switch 2|move substitute
|
|switch|p1a: Monferno|Monferno, F|221\/269
|move|p2a: Articuno|Substitute|p2a: Articuno
|-start|p2a: Articuno|Substitute
|-damage|p2a: Articuno|126\/384 brn
|
|-heal|p2a: Articuno|150\/384 brn|[from] item: Leftovers
|-damage|p2a: Articuno|102\/384 brn|[from] brn
|upkeep
|turn|33
|choice|move swordsdance|move roost
|
|move|p2a: Articuno|Roost|p2a: Articuno
|-heal|p2a: Articuno|294\/384 brn
|move|p1a: Monferno|Swords Dance|p1a: Monferno
|-boost|p1a: Monferno|atk|2
|
|-heal|p2a: Articuno|318\/384 brn|[from] item: Leftovers
|-damage|p2a: Articuno|270\/384 brn|[from] brn
|-sideend|p2: bugsy thug|move: Tailwind
|upkeep
|turn|34
|choice|move swordsdance|move toxic
|
|move|p1a: Monferno|Swords Dance|p1a: Monferno
|-boost|p1a: Monferno|atk|2
|move|p2a: Articuno|Toxic|p1a: Monferno
|-status|p1a: Monferno|tox
|
|-heal|p2a: Articuno|294\/384 brn|[from] item: Leftovers
|-damage|p1a: Monferno|205\/269 tox|[from] psn
|-damage|p2a: Articuno|246\/384 brn|[from] brn
|upkeep
|turn|35
|choice|move firepunch|move freezedry
|
|move|p1a: Monferno|Fire Punch|p2a: Articuno
|-supereffective|p2a: Articuno
|-end|p2a: Articuno|Substitute
|move|p2a: Articuno|Freeze-Dry|p1a: Monferno
|-resisted|p1a: Monferno
|-damage|p1a: Monferno|160\/269 tox
|
|-heal|p2a: Articuno|270\/384 brn|[from] item: Leftovers
|-damage|p1a: Monferno|128\/269 tox|[from] psn
|-damage|p2a: Articuno|222\/384 brn|[from] brn
|upkeep
|turn|36
|c|☆Based Loser|gg
|c|☆bugsy thug|gg
|choice|move closecombat|switch 3
|
|switch|p2a: Lumineon|Lumineon, F|256\/342
|move|p1a: Monferno|Close Combat|p2a: Lumineon
|-damage|p2a: Lumineon|0 fnt
|-unboost|p1a: Monferno|def|1
|-unboost|p1a: Monferno|spd|1
|faint|p2a: Lumineon
|
|-damage|p1a: Monferno|80\/269 tox|[from] psn
|upkeep
|choice||switch 3
|
|switch|p2a: Articuno|Articuno|222\/384 brn
|-ability|p2a: Articuno|Pressure
|turn|37
|choice|move firepunch|move freezedry
|
|move|p1a: Monferno|Fire Punch|p2a: Articuno
|-supereffective|p2a: Articuno
|-damage|p2a: Articuno|0 fnt
|faint|p2a: Articuno
|
|win|Based Loser
|l|bugsy thug</script>
</div>
<div class="battle-log battle-log-inline"><div class="inner"><div class="battle-options"></div><div class="inner"><div class="chat"><small>Based Loser joined.</small></div><div class="chat"><small>bugsy thug joined.</small></div><div class=""><small>Format:</small> <br><strong>PU</strong></div><div class=""><small><em>Sleep Clause Mod:</em> Limit one foe put to sleep</small></div><div class=""><small><em>Species Clause:</em> Limit one of each Pokémon</small></div><div class=""><small><em>OHKO Clause:</em> OHKO moves are banned</small></div><div class=""><small><em>Moody Clause:</em> Moody is banned</small></div><div class=""><small><em>Evasion Moves Clause:</em> Evasion moves are banned</small></div><div class=""><small><em>Endless Battle Clause:</em> Forcing endless battles is banned</small></div><div class=""><small><em>HP Percentage Mod:</em> HP is shown in percentages</small></div><div class=""><small><em>Swagger Clause:</em> Swagger is banned</small></div><div class=""><small><em>Baton Pass Clause:</em> Limit one Baton Passer, can't pass Spe and other stats simultaneously</small></div><div class="chat battle-history"><strong>Based Loser's team:</strong> <em style="color:#445566;display:block;">Monferno / Grumpig / Rotom-Frost / Gourgeist-* / Golem / Lumineon</em></div><div class="chat battle-history"><strong>bugsy thug's team:</strong> <em style="color:#445566;display:block;">Beedrill / Bibarel / Articuno / Mightyena / Lumineon / Crustle</em></div><div class="spacer battle-history"><br></div><div class="battle-history">Battle started between Based Loser and bugsy thug!<br></div><div class="spacer battle-history"><br></div><div class="battle-history">Go! Rotom (<strong>Rotom-Frost</strong>)!<br></div><div class="spacer battle-history"><br></div><div class="battle-history">bugsy thug sent out <strong>Beedrill</strong>!<br></div><div class="spacer battle-history"><br></div><h2 class="battle-history">Turn 1</h2><div class="spacer battle-history"><br></div><div class="battle-history">Rotom used <strong>Volt Switch</strong>!<br></div><div class="battle-history"><small>(The opposing Beedrill lost <abbr title="−130/272">47.8%</abbr> of its health!)</small><br></div><div class="spacer battle-history"><br></div><div class="battle-history">Rotom went back to Based Loser!<br></div><div class="battle-history">Go! <strong>Lumineon</strong>!<br></div><div class="spacer battle-history"><br></div><div class="battle-history">The opposing Beedrill used <strong>U-turn</strong>!<br></div><div class="battle-history"><small>(Lumineon lost <abbr title="−79/331">23.9%</abbr> of its health!)</small><br></div><div class="chat message-error">Battle timer is ON: inactive players will automatically lose when time's up. (requested by Based Loser)</div><div class="spacer battle-history"><br></div><div class="battle-history">The opposing Beedrill went back to bugsy thug!<br></div><div class="battle-history">bugsy thug sent out <strong>Bibarel</strong>!<br></div><div class="spacer battle-history"><br></div><div class="battle-history"><small>Lumineon restored a little HP using its Leftovers!</small><br></div><div class="spacer battle-history"><br></div><h2 class="battle-history">Turn 2</h2><div class="spacer battle-history"><br></div><div class="battle-history">Lumineon used <strong>U-turn</strong>!<br></div><div class="battle-history"><small>A critical hit!</small><br></div><div class="battle-history"><small>(The opposing Bibarel lost <abbr title="−74/362">20.4%</abbr> of its health!)</small><br></div><div class="spacer battle-history"><br></div><div class="battle-history">Lumineon went back to Based Loser!<br></div><div class="battle-history">Go! Rotom (<strong>Rotom-Frost</strong>)!<br></div><div class="spacer battle-history"><br></div><div class="battle-history">The opposing Bibarel used <strong>Amnesia</strong>!<br></div><div class="battle-history"><small>The opposing Bibarel's Special Defense rose drastically!</small><br></div><div class="spacer battle-history"><br></div><h2 class="battle-history">Turn 3</h2><div class="spacer battle-history"><br></div><div class="battle-history">bugsy thug withdrew Bibarel!<br></div><div class="battle-history">bugsy thug sent out <strong>Beedrill</strong>!<br></div><div class="spacer battle-history"><br></div><div class="battle-history">Rotom used <strong>Thunderbolt</strong>!<br></div><div class="battle-history"><small>(The opposing Beedrill lost <abbr title="−142/272">52.2%</abbr> of its health!)</small><br></div><div class="spacer battle-history"><br></div><div class="battle-history">The opposing Beedrill fainted!<br></div><div class="spacer battle-history"><br></div><div class="battle-history">bugsy thug sent out <strong>Crustle</strong>!<br></div><div class="spacer battle-history"><br></div><h2 class="battle-history">Turn 4</h2><div class="spacer battle-history"><br></div><div class="battle-history">Rotom, come back!<br></div><div class="battle-history">Go! <strong>Lumineon</strong>!<br></div><div class="spacer battle-history"><br></div><div class="battle-history">The opposing Crustle used <strong>Shell Smash</strong>!<br></div><div class="battle-history"><small>The opposing Crustle's Defense fell!</small><br></div><div class="battle-history"><small>The opposing Crustle's Special Defense fell!</small><br></div><div class="battle-history"><small>The opposing Crustle's Attack rose sharply!</small><br></div><div class="battle-history"><small>The opposing Crustle's Special Attack rose sharply!</small><br></div><div class="battle-history"><small>The opposing Crustle's Speed rose sharply!</small><br></div><div class="spacer battle-history"><br></div><div class="battle-history"><small>Lumineon restored a little HP using its Leftovers!</small><br></div><div class="spacer battle-history"><br></div><h2 class="battle-history">Turn 5</h2><div class="spacer battle-history"><br></div><div class="battle-history">The opposing Crustle used <strong>X-Scissor</strong>!<br></div><div class="battle-history"><small>(Lumineon lost <abbr title="−195/331">58.9%</abbr> of its health!)</small><br></div><div class="spacer battle-history"><br></div><div class="battle-history">Lumineon used <strong>Scald</strong>!<br></div><div class="battle-history"><small>It's super effective!</small><br></div><div class="battle-history"><small>[The opposing Crustle's Sturdy]</small><br><small>The opposing Crustle endured the hit!</small><br></div><div class="battle-history"><small>(The opposing Crustle lost <abbr title="−280/281">99.6%</abbr> of its health!)</small><br></div><div class="battle-history"><small>(The opposing Crustle used its Weakness Policy!)</small><br></div><div class="battle-history"><small>The opposing Crustle's Attack rose sharply!</small><br></div><div class="battle-history"><small>The opposing Crustle's Special Attack rose sharply!</small><br></div><div class="battle-history"><small>The opposing Crustle was burned!</small><br></div><div class="spacer battle-history"><br></div><div class="battle-history"><small>Lumineon restored a little HP using its Leftovers!</small><br></div><div class="battle-history"><small>The opposing Crustle was hurt by its burn!</small><br></div><div class="spacer battle-history"><br></div><div class="battle-history">The opposing Crustle fainted!<br></div><div class="spacer battle-history"><br></div><div class="battle-history">bugsy thug sent out <strong>Bibarel</strong>!<br></div><div class="spacer battle-history"><br></div><h2 class="battle-history">Turn 6</h2><div class="spacer battle-history"><br></div><div class="battle-history">Lumineon used <strong>U-turn</strong>!<br></div><div class="battle-history"><small>(The opposing Bibarel lost <abbr title="−49/362">13.5%</abbr> of its health!)</small><br></div><div class="spacer battle-history"><br></div><div class="battle-history">Lumineon went back to Based Loser!<br></div><div class="battle-history">Go! Rotom (<strong>Rotom-Frost</strong>)!<br></div><div class="spacer battle-history"><br></div><div class="battle-history">The opposing Bibarel used <strong>Amnesia</strong>!<br></div><div class="battle-history"><small>The opposing Bibarel's Special Defense rose drastically!</small><br></div><div class="spacer battle-history"><br></div><h2 class="battle-history">Turn 7</h2><div class="spacer battle-history"><br></div><div class="battle-history">Rotom used <strong>Thunderbolt</strong>!<br></div><div class="battle-history"><small>It's super effective!</small><br></div><div class="battle-history"><small>(The opposing Bibarel lost <abbr title="−110/362">30.4%</abbr> of its health!)</small><br></div><div class="spacer battle-history"><br></div><div class="battle-history">The opposing Bibarel used <strong>Return</strong>!<br></div><div class="battle-history"><small>(Rotom lost <abbr title="−106/241">44.0%</abbr> of its health!)</small><br></div><div class="spacer battle-history"><br></div><h2 class="battle-history">Turn 8</h2><div class="spacer battle-history"><br></div><div class="battle-history">Rotom used <strong>Thunderbolt</strong>!<br></div><div class="battle-history"><small>It's super effective!</small><br></div><div class="battle-history"><small>(The opposing Bibarel lost <abbr title="−108/362">29.8%</abbr> of its health!)</small><br></div><div class="spacer battle-history"><br></div><div class="battle-history">The opposing Bibarel used <strong>Return</strong>!<br></div><div class="battle-history"><small>(Rotom lost <abbr title="−97/241">40.2%</abbr> of its health!)</small><br></div><div class="spacer battle-history"><br></div><h2 class="battle-history">Turn 9</h2><div class="spacer battle-history"><br></div><div class="battle-history">Rotom, come back!<br></div><div class="battle-history">Go! Gourgeist (<strong>Gourgeist-Super</strong>)!<br></div><div class="battle-history"><small>[Gourgeist's Frisk]</small><br><small>Gourgeist frisked the opposing Bibarel and found its Chesto Berry!</small><br></div><div class="spacer battle-history"><br></div><div class="battle-history">The opposing Bibarel used <strong>Aqua Tail</strong>!<br></div><div class="battle-history"><small>It's not very effective...</small><br></div><div class="battle-history"><small>(Gourgeist lost <abbr title="−31/351">8.8%</abbr> of its health!)</small><br></div><div class="spacer battle-history"><br></div><div class="battle-history"><small>Gourgeist restored a little HP using its Leftovers!</small><br></div><div class="spacer battle-history"><br></div><h2 class="battle-history">Turn 10</h2><div class="spacer battle-history"><br></div><div class="battle-history">bugsy thug withdrew Bibarel!<br></div><div class="battle-history">bugsy thug sent out <strong>Mightyena</strong>!<br></div><div class="spacer battle-history"><br></div><div class="battle-history">Gourgeist used <strong>Foul Play</strong>!<br></div><div class="battle-history"><small>It's not very effective...</small><br></div><div class="battle-history"><small>(The opposing Mightyena lost <abbr title="−62/282">22.0%</abbr> of its health!)</small><br></div><div class="spacer battle-history"><br></div><div class="battle-history"><small>Gourgeist restored a little HP using its Leftovers!</small><br></div><div class="spacer battle-history"><br></div><h2 class="battle-history">Turn 11</h2><div class="spacer battle-history"><br></div><div class="battle-history">The opposing Mightyena used <strong>Crunch</strong>!<br></div><div class="battle-history"><small>It's super effective!</small><br></div><div class="battle-history"><small>(Gourgeist lost <abbr title="−187/351">53.3%</abbr> of its health!)</small><br></div><div class="battle-history"><small>The opposing Mightyena lost some of its HP!</small><br></div><div class="spacer battle-history"><br></div><div class="battle-history">Gourgeist used <strong>Will-O-Wisp</strong>!<br></div><div class="battle-history"><small>The opposing Mightyena was burned!</small><br></div><div class="spacer battle-history"><br></div><div class="battle-history"><small>Gourgeist restored a little HP using its Leftovers!</small><br></div><div class="battle-history"><small>The opposing Mightyena was hurt by its burn!</small><br></div><div class="spacer battle-history"><br></div><h2 class="battle-history">Turn 12</h2><div class="spacer battle-history"><br></div><div class="battle-history">The opposing Mightyena used <strong>Crunch</strong>!<br></div><div class="battle-history"><small>It's super effective!</small><br></div><div class="battle-history"><small>(Gourgeist lost <abbr title="−95/351">27.1%</abbr> of its health!)</small><br></div><div class="battle-history"><small>The opposing Mightyena lost some of its HP!</small><br></div><div class="spacer battle-history"><br></div><div class="battle-history">Gourgeist used <strong>Synthesis</strong>!<br></div><div class="battle-history"><small>Gourgeist restored its HP.</small><br></div><div class="spacer battle-history"><br></div><div class="battle-history"><small>Gourgeist restored a little HP using its Leftovers!</small><br></div><div class="battle-history"><small>The opposing Mightyena was hurt by its burn!</small><br></div><div class="spacer battle-history"><br></div><h2 class="battle-history">Turn 13</h2><div class="spacer battle-history"><br></div><div class="battle-history">bugsy thug withdrew Mightyena!<br></div><div class="battle-history">bugsy thug sent out <strong>Articuno</strong>!<br></div><div class="battle-history"><small>[The opposing Articuno's Pressure]</small><br><small>The opposing Articuno is exerting its pressure!</small><br></div><div class="spacer battle-history"><br></div><div class="battle-history">Gourgeist used <strong>Leech Seed</strong>!<br></div><div class="battle-history"><small>The opposing Articuno was seeded!</small><br></div><div class="spacer battle-history"><br></div><div class="battle-history"><small>Gourgeist restored a little HP using its Leftovers!</small><br></div><div class="battle-history"><small>The opposing Articuno's health is sapped by Leech Seed!</small><br></div><div class="spacer battle-history"><br></div><h2 class="battle-history">Turn 14</h2><div class="spacer battle-history"><br></div><div class="battle-history">Gourgeist, come back!<br></div><div class="battle-history">Go! <strong>Grumpig</strong>!<br></div><div class="spacer battle-history"><br></div><div class="battle-history">The opposing Articuno used <strong>Toxic</strong>!<br></div><div class="battle-history"><small>Grumpig was badly poisoned!</small><br></div><div class="spacer battle-history"><br></div><div class="battle-history"><small>The opposing Articuno restored a little HP using its Leftovers!</small><br></div><div class="battle-history"><small>The opposing Articuno's health is sapped by Leech Seed!</small><br></div><div class="battle-history"><small>Grumpig was hurt by poison!</small><br></div><div class="spacer battle-history"><br></div><h2 class="battle-history">Turn 15</h2><div class="spacer battle-history"><br></div><div class="battle-history">bugsy thug withdrew Articuno!<br></div><div class="battle-history">bugsy thug sent out <strong>Mightyena</strong>!<br></div><div class="spacer battle-history"><br></div><div class="battle-history">Grumpig used <strong>Focus Blast</strong>!<br></div><div class="battle-history"><small>The opposing Mightyena avoided the attack!</small><br></div><div class="spacer battle-history"><br></div><div class="battle-history"><small>Grumpig was hurt by poison!</small><br></div><div class="battle-history"><small>The opposing Mightyena was hurt by its burn!</small><br></div><div class="spacer battle-history"><br></div><h2 class="battle-history">Turn 16</h2><div class="spacer battle-history"><br></div><div class="battle-history">Grumpig used <strong>Focus Blast</strong>!<br></div><div class="battle-history"><small>It's super effective!</small><br></div><div class="battle-history"><small>(The opposing Mightyena lost <abbr title="−59/282">20.9%</abbr> of its health!)</small><br></div><div class="spacer battle-history"><br></div><div class="battle-history">The opposing Mightyena fainted!<br></div><div class="spacer battle-history"><br></div><div class="battle-history"><small>Grumpig was hurt by poison!</small><br></div><div class="spacer battle-history"><br></div><div class="battle-history">bugsy thug sent out <strong>Bibarel</strong>!<br></div><div class="spacer battle-history"><br></div><h2 class="battle-history">Turn 17</h2><div class="spacer battle-history"><br></div><div class="battle-history">Grumpig used <strong>Psychic</strong>!<br></div><div class="battle-history"><small>(The opposing Bibarel lost <abbr title="−21/362">5.8%</abbr> of its health!)</small><br></div><div class="spacer battle-history"><br></div><div class="battle-history">The opposing Bibarel fainted!<br></div><div class="spacer battle-history"><br></div><div class="battle-history"><small>Grumpig was hurt by poison!</small><br></div><div class="spacer battle-history"><br></div><div class="battle-history">bugsy thug sent out <strong>Lumineon</strong>!<br></div><div class="spacer battle-history"><br></div><h2 class="battle-history">Turn 18</h2><div class="spacer battle-history"><br></div><div class="battle-history">Grumpig, come back!<br></div><div class="battle-history">Go! <strong>Lumineon</strong>!<br></div><div class="spacer battle-history"><br></div><div class="battle-history">The opposing Lumineon used <strong>Scald</strong>!<br></div><div class="battle-history"><small>[Lumineon's Storm Drain]</small><br></div><div class="battle-history"><small>Lumineon's Special Attack rose!</small><br></div><div class="spacer battle-history"><br></div><div class="battle-history"><small>Lumineon restored a little HP using its Leftovers!</small><br></div><div class="spacer battle-history"><br></div><h2 class="battle-history">Turn 19</h2><div class="spacer battle-history"><br></div><div class="battle-history">The opposing Lumineon used <strong>Tailwind</strong>!<br></div><div class="battle-history"><small>The Tailwind blew from behind the opposing team!</small><br></div><div class="spacer battle-history"><br></div><div class="battle-history">Lumineon used <strong>Hidden Power</strong>!<br></div><div class="battle-history"><small>It's super effective!</small><br></div><div class="battle-history"><small>(The opposing Lumineon lost <abbr title="−128/342">37.4%</abbr> of its health!)</small><br></div><div class="spacer battle-history"><br></div><div class="battle-history"><small>The opposing Lumineon restored a little HP using its Leftovers!</small><br></div><div class="battle-history"><small>Lumineon restored a little HP using its Leftovers!</small><br></div><div class="spacer battle-history"><br></div><h2 class="battle-history">Turn 20</h2><div class="spacer battle-history"><br></div><div class="battle-history">bugsy thug withdrew Lumineon!<br></div><div class="battle-history">bugsy thug sent out <strong>Articuno</strong>!<br></div><div class="battle-history"><small>[The opposing Articuno's Pressure]</small><br><small>The opposing Articuno is exerting its pressure!</small><br></div><div class="spacer battle-history"><br></div><div class="battle-history">Lumineon used <strong>Hidden Power</strong>!<br></div><div class="battle-history"><small>It's super effective!</small><br></div><div class="battle-history"><small>(The opposing Articuno lost <abbr title="−72/384">18.8%</abbr> of its health!)</small><br></div><div class="spacer battle-history"><br></div><div class="battle-history"><small>The opposing Articuno restored a little HP using its Leftovers!</small><br></div><div class="battle-history"><small>Lumineon restored a little HP using its Leftovers!</small><br></div><div class="spacer battle-history"><br></div><h2 class="battle-history">Turn 21</h2><div class="spacer battle-history"><br></div><div class="battle-history">The opposing Articuno used <strong>Substitute</strong>!<br></div><div class="battle-history"><small>The opposing Articuno put in a substitute!</small><br></div><div class="battle-history"><small>(The opposing Articuno lost <abbr title="−96/384">25%</abbr> of its health!)</small><br></div><div class="spacer battle-history"><br></div><div class="battle-history">Lumineon used <strong>Scald</strong>!<br></div><div class="battle-history"><small>The substitute took damage for the opposing Articuno!</small><br></div><div class="spacer battle-history"><br></div><div class="battle-history"><small>The opposing Articuno restored a little HP using its Leftovers!</small><br></div><div class="battle-history"><small>Lumineon restored a little HP using its Leftovers!</small><br></div><div class="spacer battle-history"><br></div><h2 class="battle-history">Turn 22</h2><div class="spacer battle-history"><br></div><div class="battle-history">The opposing Articuno used <strong>Freeze-Dry</strong>!<br></div><div class="battle-history"><small>It's super effective!</small><br></div><div class="battle-history"><small>(Lumineon lost <abbr title="−194/331">58.6%</abbr> of its health!)</small><br></div><div class="spacer battle-history"><br></div><div class="battle-history">Lumineon used <strong>Hidden Power</strong>!<br></div><div class="battle-history"><small>It's super effective!</small><br></div><div class="battle-history"><small>The opposing Articuno's substitute faded!</small><br></div><div class="spacer battle-history"><br></div><div class="battle-history"><small>The opposing Articuno restored a little HP using its Leftovers!</small><br></div><div class="battle-history"><small>Lumineon restored a little HP using its Leftovers!</small><br></div><div class="battle-history"><small>The opposing team's Tailwind petered out!</small><br></div><div class="spacer battle-history"><br></div><h2 class="battle-history">Turn 23</h2><div class="spacer battle-history"><br></div><div class="battle-history">Lumineon used <strong>Hidden Power</strong>!<br></div><div class="battle-history"><small>It's super effective!</small><br></div><div class="battle-history"><small>(The opposing Articuno lost <abbr title="−76/384">19.8%</abbr> of its health!)</small><br></div><div class="spacer battle-history"><br></div><div class="battle-history">The opposing Articuno used <strong>Roost</strong>!<br></div><div class="battle-history"><small>The opposing Articuno restored its HP.</small><br></div><div class="spacer battle-history"><br></div><div class="battle-history"><small>Lumineon restored a little HP using its Leftovers!</small><br></div><div class="battle-history"><small>The opposing Articuno restored a little HP using its Leftovers!</small><br></div><div class="spacer battle-history"><br></div><h2 class="battle-history">Turn 24</h2><div class="spacer battle-history"><br></div><div class="battle-history">Lumineon used <strong>Hidden Power</strong>!<br></div><div class="battle-history"><small>It's super effective!</small><br></div><div class="battle-history"><small>(The opposing Articuno lost <abbr title="−80/384">20.8%</abbr> of its health!)</small><br></div><div class="spacer battle-history"><br></div><div class="battle-history">The opposing Articuno used <strong>Substitute</strong>!<br></div><div class="battle-history"><small>The opposing Articuno put in a substitute!</small><br></div><div class="battle-history"><small>(The opposing Articuno lost <abbr title="−96/384">25%</abbr> of its health!)</small><br></div><div class="spacer battle-history"><br></div><div class="battle-history"><small>Lumineon restored a little HP using its Leftovers!</small><br></div><div class="battle-history"><small>The opposing Articuno restored a little HP using its Leftovers!</small><br></div><div class="spacer battle-history"><br></div><h2 class="battle-history">Turn 25</h2><div class="spacer battle-history"><br></div><div class="battle-history">Lumineon used <strong>Hidden Power</strong>!<br></div><div class="battle-history"><small>It's super effective!</small><br></div><div class="battle-history"><small>The substitute took damage for the opposing Articuno!</small><br></div><div class="spacer battle-history"><br></div><div class="battle-history">The opposing Articuno used <strong>Freeze-Dry</strong>!<br></div><div class="battle-history"><small>It's super effective!</small><br></div><div class="battle-history"><small>(Lumineon lost <abbr title="−63/331">19.0%</abbr> of its health!)</small><br></div><div class="spacer battle-history"><br></div><div class="battle-history">Lumineon fainted!<br></div><div class="spacer battle-history"><br></div><div class="battle-history"><small>The opposing Articuno restored a little HP using its Leftovers!</small><br></div><div class="spacer battle-history"><br></div><div class="battle-history">Go! Rotom (<strong>Rotom-Frost</strong>)!<br></div><div class="spacer battle-history"><br></div><h2 class="battle-history">Turn 26</h2><div class="spacer battle-history"><br></div><div class="battle-history">Rotom used <strong>Volt Switch</strong>!<br></div><div class="battle-history"><small>It's super effective!</small><br></div><div class="battle-history"><small>The opposing Articuno's substitute faded!</small><br></div><div class="spacer battle-history"><br></div><div class="battle-history">Rotom went back to Based Loser!<br></div><div class="battle-history">Go! <strong>Monferno</strong>!<br></div><div class="spacer battle-history"><br></div><div class="battle-history">The opposing Articuno used <strong>Freeze-Dry</strong>!<br></div><div class="battle-history"><small>It's not very effective...</small><br></div><div class="battle-history"><small>(Monferno lost <abbr title="−48/269">17.8%</abbr> of its health!)</small><br></div><div class="spacer battle-history"><br></div><div class="battle-history"><small>The opposing Articuno restored a little HP using its Leftovers!</small><br></div><div class="spacer battle-history"><br></div><h2 class="battle-history">Turn 27</h2><div class="spacer battle-history"><br></div><div class="battle-history">Monferno used <strong>Fire Punch</strong>!<br></div><div class="battle-history"><small>It's super effective!</small><br></div><div class="battle-history"><small>(The opposing Articuno lost <abbr title="−222/384">57.8%</abbr> of its health!)</small><br></div><div class="spacer battle-history"><br></div><div class="battle-history">The opposing Articuno used <strong>Roost</strong>!<br></div><div class="battle-history"><small>The opposing Articuno restored its HP.</small><br></div><div class="spacer battle-history"><br></div><div class="battle-history"><small>The opposing Articuno restored a little HP using its Leftovers!</small><br></div><div class="spacer battle-history"><br></div><h2 class="battle-history">Turn 28</h2><div class="spacer battle-history"><br></div><div class="battle-history">bugsy thug withdrew Articuno!<br></div><div class="battle-history">bugsy thug sent out <strong>Lumineon</strong>!<br></div><div class="spacer battle-history"><br></div><div class="battle-history">Monferno used <strong>Swords Dance</strong>!<br></div><div class="battle-history"><small>Monferno's Attack rose sharply!</small><br></div><div class="spacer battle-history"><br></div><div class="battle-history"><small>The opposing Lumineon restored a little HP using its Leftovers!</small><br></div><div class="spacer battle-history"><br></div><h2 class="battle-history">Turn 29</h2><div class="spacer battle-history"><br></div><div class="battle-history">Monferno, come back!<br></div><div class="battle-history">Go! Gourgeist (<strong>Gourgeist-Super</strong>)!<br></div><div class="battle-history"><small>[Gourgeist's Frisk]</small><br><small>Gourgeist frisked the opposing Lumineon and found its Leftovers!</small><br></div><div class="spacer battle-history"><br></div><div class="battle-history">The opposing Lumineon used <strong>Protect</strong>!<br></div><div class="battle-history"><small>But it failed!</small><br></div><div class="spacer battle-history"><br></div><div class="battle-history"><small>The opposing Lumineon restored a little HP using its Leftovers!</small><br></div><div class="spacer battle-history"><br></div><h2 class="battle-history">Turn 30</h2><div class="spacer battle-history"><br></div><div class="battle-history">The opposing Lumineon used <strong>Tailwind</strong>!<br></div><div class="battle-history"><small>The Tailwind blew from behind the opposing team!</small><br></div><div class="spacer battle-history"><br></div><div class="battle-history">Gourgeist used <strong>Leech Seed</strong>!<br></div><div class="battle-history"><small>The opposing Lumineon was seeded!</small><br></div><div class="spacer battle-history"><br></div><div class="battle-history"><small>The opposing Lumineon restored a little HP using its Leftovers!</small><br></div><div class="battle-history"><small>The opposing Lumineon's health is sapped by Leech Seed!</small><br></div><div class="spacer battle-history"><br></div><h2 class="battle-history">Turn 31</h2><div class="spacer battle-history"><br></div><div class="battle-history">bugsy thug withdrew Lumineon!<br></div><div class="battle-history">bugsy thug sent out <strong>Articuno</strong>!<br></div><div class="battle-history"><small>[The opposing Articuno's Pressure]</small><br><small>The opposing Articuno is exerting its pressure!</small><br></div><div class="spacer battle-history"><br></div><div class="battle-history">Gourgeist used <strong>Will-O-Wisp</strong>!<br></div><div class="battle-history"><small>The opposing Articuno was burned!</small><br></div><div class="spacer battle-history"><br></div><div class="battle-history"><small>The opposing Articuno restored a little HP using its Leftovers!</small><br></div><div class="battle-history"><small>The opposing Articuno was hurt by its burn!</small><br></div><div class="spacer battle-history"><br></div><h2 class="battle-history">Turn 32</h2><div class="spacer battle-history"><br></div><div class="battle-history">Gourgeist, come back!<br></div><div class="battle-history">Go! <strong>Monferno</strong>!<br></div><div class="spacer battle-history"><br></div><div class="battle-history">The opposing Articuno used <strong>Substitute</strong>!<br></div><div class="battle-history"><small>The opposing Articuno put in a substitute!</small><br></div><div class="battle-history"><small>(The opposing Articuno lost <abbr title="−96/384">25%</abbr> of its health!)</small><br></div><div class="spacer battle-history"><br></div><div class="battle-history"><small>The opposing Articuno restored a little HP using its Leftovers!</small><br></div><div class="battle-history"><small>The opposing Articuno was hurt by its burn!</small><br></div><div class="spacer battle-history"><br></div><h2 class="battle-history">Turn 33</h2><div class="spacer battle-history"><br></div><div class="battle-history">The opposing Articuno used <strong>Roost</strong>!<br></div><div class="battle-history"><small>The opposing Articuno restored its HP.</small><br></div><div class="spacer battle-history"><br></div><div class="battle-history">Monferno used <strong>Swords Dance</strong>!<br></div><div class="battle-history"><small>Monferno's Attack rose sharply!</small><br></div><div class="spacer battle-history"><br></div><div class="battle-history"><small>The opposing Articuno restored a little HP using its Leftovers!</small><br></div><div class="battle-history"><small>The opposing Articuno was hurt by its burn!</small><br></div><div class="battle-history"><small>The opposing team's Tailwind petered out!</small><br></div><div class="spacer battle-history"><br></div><h2 class="battle-history">Turn 34</h2><div class="spacer battle-history"><br></div><div class="battle-history">Monferno used <strong>Swords Dance</strong>!<br></div><div class="battle-history"><small>Monferno's Attack rose sharply!</small><br></div><div class="spacer battle-history"><br></div><div class="battle-history">The opposing Articuno used <strong>Toxic</strong>!<br></div><div class="battle-history"><small>Monferno was badly poisoned!</small><br></div><div class="spacer battle-history"><br></div><div class="battle-history"><small>The opposing Articuno restored a little HP using its Leftovers!</small><br></div><div class="battle-history"><small>Monferno was hurt by poison!</small><br></div><div class="battle-history"><small>The opposing Articuno was hurt by its burn!</small><br></div><div class="spacer battle-history"><br></div><h2 class="battle-history">Turn 35</h2><div class="spacer battle-history"><br></div><div class="battle-history">Monferno used <strong>Fire Punch</strong>!<br></div><div class="battle-history"><small>It's super effective!</small><br></div><div class="battle-history"><small>The opposing Articuno's substitute faded!</small><br></div><div class="spacer battle-history"><br></div><div class="battle-history">The opposing Articuno used <strong>Freeze-Dry</strong>!<br></div><div class="battle-history"><small>It's not very effective...</small><br></div><div class="battle-history"><small>(Monferno lost <abbr title="−45/269">16.7%</abbr> of its health!)</small><br></div><div class="spacer battle-history"><br></div><div class="battle-history"><small>The opposing Articuno restored a little HP using its Leftovers!</small><br></div><div class="battle-history"><small>Monferno was hurt by poison!</small><br></div><div class="battle-history"><small>The opposing Articuno was hurt by its burn!</small><br></div><div class="spacer battle-history"><br></div><h2 class="battle-history">Turn 36</h2><div class="chat chatmessage-basedloser"><strong style="color:hsl(2,89%,44.31893825281939%)"><small>☆</small><span class="username" data-name="Based Loser">Based Loser</span>:</strong> <em>gg</em></div><div class="chat chatmessage-bugsythug"><strong style="color:hsl(189,56%,41%)"><small>☆</small><span class="username" data-name="bugsy thug">bugsy thug</span>:</strong> <em>gg</em></div><div class="spacer battle-history"><br></div><div class="battle-history">bugsy thug withdrew Articuno!<br></div><div class="battle-history">bugsy thug sent out <strong>Lumineon</strong>!<br></div><div class="spacer battle-history"><br></div><div class="battle-history">Monferno used <strong>Close Combat</strong>!<br></div><div class="battle-history"><small>(The opposing Lumineon lost <abbr title="−256/342">74.9%</abbr> of its health!)</small><br></div><div class="battle-history"><small>Monferno's Defense fell!</small><br></div><div class="battle-history"><small>Monferno's Special Defense fell!</small><br></div><div class="spacer battle-history"><br></div><div class="battle-history">The opposing Lumineon fainted!<br></div><div class="spacer battle-history"><br></div><div class="battle-history"><small>Monferno was hurt by poison!</small><br></div><div class="spacer battle-history"><br></div><div class="battle-history">bugsy thug sent out <strong>Articuno</strong>!<br></div><div class="battle-history"><small>[The opposing Articuno's Pressure]</small><br><small>The opposing Articuno is exerting its pressure!</small><br></div><div class="spacer battle-history"><br></div><h2 class="battle-history">Turn 37</h2><div class="spacer battle-history"><br></div><div class="battle-history">Monferno used <strong>Fire Punch</strong>!<br></div><div class="battle-history"><small>It's super effective!</small><br></div><div class="battle-history"><small>(The opposing Articuno lost <abbr title="−222/384">57.8%</abbr> of its health!)</small><br></div><div class="spacer battle-history"><br></div><div class="battle-history">The opposing Articuno fainted!<br></div><div class="spacer battle-history"><br></div><div class="battle-history"><strong>Based Loser</strong> won the battle!<br></div><div class="chat"><small>bugsy thug left.</small></div></div><div class="inner-preempt"></div></div></div>
</div>
<script>
let daily = Math.floor(Date.now()/1000/60/60/24);document.write('<script src="https://play.pokemonshowdown.com/js/replay-embed.js?version'+daily+'"></'+'script>');
</script>
