<!DOCTYPE html>
<meta charset="utf-8" />
<!-- version 1 -->
<title>PU replay: Parkzy-YouTube vs. Conor3197❤☁️</title>
<style>
html,body {font-family:Verdana, sans-serif;font-size:10pt;margin:0;padding:0;}body{padding:12px 0;} .battle-log {font-family:Verdana, sans-serif;font-size:10pt;} .battle-log-inline {border:1px solid #AAAAAA;background:#EEF2F5;color:black;max-width:640px;margin:0 auto 80px;padding-bottom:5px;} .battle-log .inner {padding:4px 8px 0px 8px;} .battle-log .inner-preempt {padding:0 8px 4px 8px;} .battle-log .inner-after {margin-top:0.5em;} .battle-log h2 {margin:0.5em -8px;padding:4px 8px;border:1px solid #AAAAAA;background:#E0E7EA;border-left:0;border-right:0;font-family:Verdana, sans-serif;font-size:13pt;} .battle-log .chat {vertical-align:middle;padding:3px 0 3px 0;font-size:8pt;} .battle-log .chat strong {color:#40576A;} .battle-log .chat em {padding:1px 4px 1px 3px;color:#000000;font-style:normal;} .chat.mine {background:rgba(0,0,0,0.05);margin-left:-8px;margin-right:-8px;padding-left:8px;padding-right:8px;} .spoiler {color:#BBBBBB;background:#BBBBBB;padding:0px 3px;} .spoiler:hover, .spoiler:active, .spoiler-shown {color:#000000;background:#E2E2E2;padding:0px 3px;} .spoiler a {color:#BBBBBB;} .spoiler:hover a, .spoiler:active a, .spoiler-shown a {color:#2288CC;} .chat code, .chat .spoiler:hover code, .chat .spoiler:active code, .chat .spoiler-shown code {border:1px solid #C0C0C0;background:#EEEEEE;color:black;padding:0 2px;} .chat .spoiler code {border:1px solid #CCCCCC;background:#CCCCCC;color:#CCCCCC;} .battle-log .rated {padding:3px 4px;} .battle-log .rated strong {color:white;background:#89A;padding:1px 4px;border-radius:4px;} .spacer {margin-top:0.5em;} .message-announce {background:#6688AA;color:white;padding:1px 4px 2px;} .message-announce a, .broadcast-green a, .broadcast-blue a, .broadcast-red a {color:#DDEEFF;} .broadcast-green {background-color:#559955;color:white;padding:2px 4px;} .broadcast-blue {background-color:#6688AA;color:white;padding:2px 4px;} .infobox {border:1px solid #6688AA;padding:2px 4px;} .infobox-limited {max-height:200px;overflow:auto;overflow-x:hidden;} .broadcast-red {background-color:#AA5544;color:white;padding:2px 4px;} .message-learn-canlearn {font-weight:bold;color:#228822;text-decoration:underline;} .message-learn-cannotlearn {font-weight:bold;color:#CC2222;text-decoration:underline;} .message-effect-weak {font-weight:bold;color:#CC2222;} .message-effect-resist {font-weight:bold;color:#6688AA;} .message-effect-immune {font-weight:bold;color:#666666;} .message-learn-list {margin-top:0;margin-bottom:0;} .message-throttle-notice, .message-error {color:#992222;} .message-overflow, .chat small.message-overflow {font-size:0pt;} .message-overflow::before {font-size:9pt;content:'...';} .subtle {color:#3A4A66;}
</style>
<div class="wrapper replay-wrapper" style="max-width:1180px;margin:0 auto">
<input type="hidden" name="replayid" value="pu-574885305" />
<div class="battle"></div><div class="battle-log"></div><div class="replay-controls"></div><div class="replay-controls-2"></div>
<h1 style="font-weight:normal;text-align:center"><strong>PU</strong><br /><a href="http://pokemonshowdown.com/users/parkzyyoutube" class="subtle" target="_blank">Parkzy-YouTube</a> vs. <a href="http://pokemonshowdown.com/users/conor3197" class="subtle" target="_blank">Conor3197❤☁️</a></h1>
<script type="text/plain" class="battle-log-data">|j|Parkzy-YouTube
|j|Conor3197❤☁️
|player|p1|Parkzy-YouTube|84
|player|p2|Conor3197❤☁️|170
|gametype|singles
|gen|6
|tier|PU
|seed|53360,40463,45501,4257
|rule|Sleep Clause Mod: Limit one foe put to sleep
|rule|Species Clause: Limit one of each Pokémon
|rule|OHKO Clause: OHKO moves are banned
|rule|Moody Clause: Moody is banned
|rule|Evasion Moves Clause: Evasion moves are banned
|rule|Endless Battle Clause: Forcing endless battles is banned
|rule|HP Percentage Mod: HP is shown in percentages
|clearpoke
|poke|p1|Hippopotas, M, shiny|item
|poke|p1|Stoutland, F, shiny|item
|poke|p1|Kingler, M, shiny|item
|poke|p1|Maractus, F, shiny|item
|poke|p1|Ampharos, F, shiny|item
|poke|p1|Cryogonal, shiny|item
|poke|p2|Politoed, F|item
|poke|p2|Golem, M|item
|poke|p2|Grumpig, F|item
|poke|p2|Altaria, F|item
|poke|p2|Armaldo, F|item
|poke|p2|Rapidash, F|item
|rule|Swagger Clause: Swagger is banned
|rule|Baton Pass Clause: Limit one Baton Passer, can't pass Spe and other stats simultaneously
|teampreview
|c|☆Conor3197❤☁️|glhf
|c|☆Parkzy-YouTube|gl
|choice|team 1, team 2, team 3, team 4, team 5, team 6|team 2, team 1, team 3, team 4, team 5, team 6
|
|start
|switch|p1a: Nikita|Hippopotas, M, shiny|340\/340
|switch|p2a: Handsome Devil|Golem, M|301\/301
|-weather|Sandstorm|[from] ability: Sand Stream|[of] p1a: Nikita
|turn|1
|j|rodrigopodolski
|choice|move stealthrock|move earthquake
|
|move|p2a: Handsome Devil|Earthquake|p1a: Nikita
|-damage|p1a: Nikita|108\/340
|move|p1a: Nikita|Stealth Rock|p2a: Handsome Devil
|-sidestart|p2: Conor3197❤☁️|move: Stealth Rock
|
|-weather|Sandstorm|[upkeep]
|upkeep
|turn|2
|choice|switch 4|move earthquake
|
|switch|p1a: Water Thirsty|Maractus, F, shiny|354\/354
|move|p2a: Handsome Devil|Earthquake|p1a: Water Thirsty
|-resisted|p1a: Water Thirsty
|-damage|p1a: Water Thirsty|178\/354
|
|-weather|Sandstorm|[upkeep]
|-damage|p1a: Water Thirsty|156\/354|[from] sandstorm
|-heal|p1a: Water Thirsty|178\/354|[from] item: Leftovers
|upkeep
|turn|3
|choice|move gigadrain|move earthquake
|
|move|p2a: Handsome Devil|Earthquake|p1a: Water Thirsty
|-resisted|p1a: Water Thirsty
|-crit|p1a: Water Thirsty
|-damage|p1a: Water Thirsty|0 fnt
|faint|p1a: Water Thirsty
|
|-weather|Sandstorm|[upkeep]
|upkeep
|c|☆Parkzy-YouTube|crit mattered i think
|choice|switch 3|
|
|switch|p1a: Cringe-ler|Kingler, M, shiny|251\/251
|turn|4
|choice|move crabhammer|switch 2
|
|switch|p2a: Grimsley|Politoed, F|321\/321
|-damage|p2a: Grimsley|281\/321|[from] Stealth Rock
|move|p1a: Cringe-ler|Crabhammer|p2a: Grimsley
|-heal|p2a: Grimsley|321\/321|[from] ability: Water Absorb|[of] p1a: Cringe-ler
|
|-weather|Sandstorm|[upkeep]
|-damage|p1a: Cringe-ler|236\/251|[from] sandstorm
|-damage|p2a: Grimsley|301\/321|[from] sandstorm
|upkeep
|turn|5
|choice|switch 6|move hydropump
|
|switch|p1a: Fodder|Cryogonal, shiny|281\/281
|move|p2a: Grimsley|Hydro Pump|p1a: Fodder
|-damage|p1a: Fodder|157\/281
|
|-weather|Sandstorm|[upkeep]
|-damage|p1a: Fodder|140\/281|[from] sandstorm
|-damage|p2a: Grimsley|281\/321|[from] sandstorm
|upkeep
|turn|6
|c|☆Parkzy-YouTube|welp golem should be at 1hp
|choice|move freezedry|switch 5
|
|switch|p2a: Clutch|Armaldo, F|354\/354
|-damage|p2a: Clutch|266\/354|[from] Stealth Rock
|move|p1a: Fodder|Freeze-Dry|p2a: Clutch
|-damage|p2a: Clutch|185\/354
|-status|p2a: Clutch|frz
|
|-weather|Sandstorm|[upkeep]
|-damage|p1a: Fodder|123\/281|[from] sandstorm
|-heal|p2a: Clutch|207\/354 frz|[from] item: Leftovers
|upkeep
|turn|7
|c|☆Conor3197❤☁️|:\/
|choice|move flashcannon|move rapidspin
|
|move|p1a: Fodder|Flash Cannon|p2a: Clutch
|-supereffective|p2a: Clutch
|-damage|p2a: Clutch|83\/354 frz
|cant|p2a: Clutch|frz
|
|-weather|Sandstorm|[upkeep]
|-damage|p1a: Fodder|106\/281|[from] sandstorm
|-heal|p2a: Clutch|105\/354 frz|[from] item: Leftovers
|upkeep
|turn|8
|c|☆Parkzy-YouTube|ok. fair is fair
|choice|move flashcannon|move rapidspin
|
|move|p1a: Fodder|Flash Cannon|p2a: Clutch
|-supereffective|p2a: Clutch
|-damage|p2a: Clutch|0 fnt
|faint|p2a: Clutch
|
|-weather|none
|upkeep
|c|☆Conor3197❤☁️|on the bright side u still break sturdy
|choice||switch 2
|
|switch|p2a: Handsome Devil|Golem, M|301\/301
|-damage|p2a: Handsome Devil|283\/301|[from] Stealth Rock
|turn|9
|j|Akir
|choice|switch 4|move stoneedge
|
|switch|p1a: Nikita|Hippopotas, M, shiny|108\/340
|-weather|Sandstorm|[from] ability: Sand Stream|[of] p1a: Nikita
|move|p2a: Handsome Devil|Stone Edge|p1a: Nikita|[miss]
|-miss|p2a: Handsome Devil|p1a: Nikita
|
|-weather|Sandstorm|[upkeep]
|upkeep
|turn|10
|l|rodrigopodolski
|choice|move earthquake|move stoneedge
|
|move|p2a: Handsome Devil|Stone Edge|p1a: Nikita
|-resisted|p1a: Nikita
|-crit|p1a: Nikita
|-damage|p1a: Nikita|0 fnt
|faint|p1a: Nikita
|
|-weather|Sandstorm|[upkeep]
|upkeep
|c|☆Parkzy-YouTube|another crit...
|choice|switch 6|
|
|switch|p1a: Cringe-ler|Kingler, M, shiny|236\/251
|turn|11
|c|☆Conor3197❤☁️|well at least stone edge has a chance to crit
|choice|move superpower|switch 5
|
|switch|p2a: Grimsley|Politoed, F|281\/321
|-damage|p2a: Grimsley|241\/321|[from] Stealth Rock
|move|p1a: Cringe-ler|Superpower|p2a: Grimsley
|-damage|p2a: Grimsley|0 fnt
|-unboost|p1a: Cringe-ler|atk|1
|-unboost|p1a: Cringe-ler|def|1
|faint|p2a: Grimsley
|
|-weather|Sandstorm|[upkeep]
|-damage|p1a: Cringe-ler|221\/251|[from] sandstorm
|upkeep
|choice||switch 3
|
|switch|p2a: Pepe Pig|Grumpig, F|301\/301
|-damage|p2a: Pepe Pig|264\/301|[from] Stealth Rock
|turn|12
|choice|switch 5|move psychic
|
|switch|p1a: Megalovania|Ampharos, F, shiny|384\/384
|move|p2a: Pepe Pig|Psychic|p1a: Megalovania
|-damage|p1a: Megalovania|254\/384
|
|-weather|Sandstorm|[upkeep]
|-damage|p2a: Pepe Pig|246\/301|[from] sandstorm
|-damage|p1a: Megalovania|230\/384|[from] sandstorm
|-heal|p1a: Megalovania|254\/384|[from] item: Leftovers
|upkeep
|turn|13
|choice|move voltswitch|switch 5
|
|switch|p2a: Handsome Devil|Golem, M|283\/301
|-damage|p2a: Handsome Devil|265\/301|[from] Stealth Rock
|move|p1a: Megalovania|Volt Switch|p2a: Handsome Devil
|-immune|p2a: Handsome Devil|[msg]
|
|-weather|Sandstorm|[upkeep]
|-damage|p1a: Megalovania|230\/384|[from] sandstorm
|-heal|p1a: Megalovania|254\/384|[from] item: Leftovers
|upkeep
|turn|14
|choice|move hiddenpower|move stoneedge
|
|move|p2a: Handsome Devil|Stone Edge|p1a: Megalovania
|-damage|p1a: Megalovania|0 fnt
|faint|p1a: Megalovania
|
|-weather|Sandstorm|[upkeep]
|upkeep
|choice|switch 5|
|
|switch|p1a: Cringe-ler|Kingler, M, shiny|221\/251
|turn|15
|choice|move crabhammer|move stoneedge
|
|move|p1a: Cringe-ler|Crabhammer|p2a: Handsome Devil
|-supereffective|p2a: Handsome Devil
|-damage|p2a: Handsome Devil|0 fnt
|faint|p2a: Handsome Devil
|
|-weather|Sandstorm|[upkeep]
|-damage|p1a: Cringe-ler|206\/251|[from] sandstorm
|upkeep
|choice||switch 6
|
|switch|p2a: blissfully|Rapidash, F|271\/271
|-damage|p2a: blissfully|204\/271|[from] Stealth Rock
|turn|16
|choice|switch 2|move wildcharge
|
|switch|p1a: Pancakes|Stoutland, F, shiny|311\/311
|move|p2a: blissfully|Wild Charge|p1a: Pancakes
|-damage|p1a: Pancakes|218\/311
|-damage|p2a: blissfully|181\/271|[from] recoil|[of] p1a: Pancakes
|
|-weather|none
|upkeep
|turn|17
|choice|move return|move willowisp
|
|move|p2a: blissfully|Will-O-Wisp|p1a: Pancakes
|-status|p1a: Pancakes|brn
|move|p1a: Pancakes|Return|p2a: blissfully
|-damage|p2a: blissfully|21\/271
|-damage|p1a: Pancakes|187\/311 brn|[from] item: Life Orb
|
|-damage|p1a: Pancakes|149\/311 brn|[from] brn
|upkeep
|turn|18
|choice|move facade|move flareblitz
|
|move|p2a: blissfully|Flare Blitz|p1a: Pancakes
|-damage|p1a: Pancakes|0 fnt
|-damage|p2a: blissfully|0 fnt|[from] recoil|[of] p1a: Pancakes
|faint|p1a: Pancakes
|faint|p2a: blissfully
|
|upkeep
|choice|switch 2|switch 4
|
|switch|p1a: Cringe-ler|Kingler, M, shiny|206\/251
|switch|p2a: Beats|Altaria, F|354\/354
|-damage|p2a: Beats|266\/354|[from] Stealth Rock
|turn|19
|choice|move rockslide|move dracometeor
|
|move|p1a: Cringe-ler|Rock Slide|p2a: Beats
|-supereffective|p2a: Beats
|-damage|p2a: Beats|0 fnt
|faint|p2a: Beats
|
|upkeep
|choice||switch 5
|
|switch|p2a: Pepe Pig|Grumpig, F|246\/301
|-damage|p2a: Pepe Pig|209\/301|[from] Stealth Rock
|turn|20
|choice|switch 4|move psychic
|
|switch|p1a: Fodder|Cryogonal, shiny|106\/281
|move|p2a: Pepe Pig|Psychic|p1a: Fodder
|-damage|p1a: Fodder|49\/281
|
|upkeep
|turn|21
|choice|move freezedry|move psychic
|
|move|p2a: Pepe Pig|Psychic|p1a: Fodder
|-damage|p1a: Fodder|0 fnt
|faint|p1a: Fodder
|
|upkeep
|c|☆Parkzy-YouTube|scarfed??
|choice|switch 4|
|
|switch|p1a: Cringe-ler|Kingler, M, shiny|206\/251
|turn|22
|l|Conor3197❤☁️
|player|p2|
|inactive|Battle timer is ON: inactive players will automatically lose when time's up. (requested by Parkzy-YouTube)
|j|Conor3197❤☁️
|player|p2|Conor3197❤☁️|170
|c|☆Conor3197❤☁️|yasss
|choice|move knockoff|move psychic
|
|move|p2a: Pepe Pig|Psychic|p1a: Cringe-ler
|-damage|p1a: Cringe-ler|0 fnt
|faint|p1a: Cringe-ler
|
|win|Conor3197❤☁️</script>
</div>
<div class="battle-log battle-log-inline"><div class="inner"><div class="battle-options"></div><div class="inner"><div class="chat"><small>Parkzy-YouTube joined.</small></div><div class="chat"><small>Conor3197❤☁️ joined.</small></div><div class=""><small>Format:</small> <br><strong>PU</strong></div><div class=""><small><em>Sleep Clause Mod:</em> Limit one foe put to sleep</small></div><div class=""><small><em>Species Clause:</em> Limit one of each Pokémon</small></div><div class=""><small><em>OHKO Clause:</em> OHKO moves are banned</small></div><div class=""><small><em>Moody Clause:</em> Moody is banned</small></div><div class=""><small><em>Evasion Moves Clause:</em> Evasion moves are banned</small></div><div class=""><small><em>Endless Battle Clause:</em> Forcing endless battles is banned</small></div><div class=""><small><em>HP Percentage Mod:</em> HP is shown in percentages</small></div><div class=""><small><em>Swagger Clause:</em> Swagger is banned</small></div><div class=""><small><em>Baton Pass Clause:</em> Limit one Baton Passer, can't pass Spe and other stats simultaneously</small></div><div class="chat battle-history"><strong>Parkzy-YouTube's team:</strong> <em style="color:#445566;display:block;">Hippopotas / Stoutland / Kingler / Maractus / Ampharos / Cryogonal</em></div><div class="chat battle-history"><strong>Conor3197❤☁️'s team:</strong> <em style="color:#445566;display:block;">Politoed / Golem / Grumpig / Altaria / Armaldo / Rapidash</em></div><div class="chat chatmessage-conor3197"><strong style="color:hsl(265,42%,57.476014254075196%)"><small>☆</small><span class="username" data-name="Conor3197❤☁️">Conor3197❤☁️</span>:</strong> <em>glhf</em></div><div class="chat chatmessage-parkzyyoutube"><strong style="color:hsl(112,88%,30%)"><small>☆</small><span class="username" data-name="Parkzy-YouTube">Parkzy-YouTube</span>:</strong> <em>gl</em></div><div class="spacer battle-history"><br></div><div class="battle-history">Battle started between Parkzy-YouTube and Conor3197❤☁️!<br></div><div class="spacer battle-history"><br></div><div class="battle-history">Go! Nikita (<strong>Hippopotas</strong>)!<br></div><div class="spacer battle-history"><br></div><div class="battle-history">Conor3197❤☁️ sent out Handsome Devil (<strong>Golem</strong>)!<br></div><div class="battle-history"><small>[Nikita's Sand Stream]</small><br><small>A sandstorm kicked up!</small><br></div><div class="spacer battle-history"><br></div><h2 class="battle-history">Turn 1</h2><div class="chat"><small>rodrigopodolski joined.</small></div><div class="spacer battle-history"><br></div><div class="battle-history">The opposing Handsome Devil used <strong>Earthquake</strong>!<br></div><div class="battle-history"><small>(Nikita lost <abbr title="−232/340">68.2%</abbr> of its health!)</small><br></div><div class="spacer battle-history"><br></div><div class="battle-history">Nikita used <strong>Stealth Rock</strong>!<br></div><div class="battle-history"><small>Pointed stones float in the air around the opposing team!</small><br></div><div class="spacer battle-history"><br></div><div class="battle-history"><small>The sandstorm is raging.</small><br></div><div class="spacer battle-history"><br></div><h2 class="battle-history">Turn 2</h2><div class="spacer battle-history"><br></div><div class="battle-history">Nikita, come back!<br></div><div class="battle-history">Go! Water Thirsty (<strong>Maractus</strong>)!<br></div><div class="spacer battle-history"><br></div><div class="battle-history">The opposing Handsome Devil used <strong>Earthquake</strong>!<br></div><div class="battle-history"><small>It's not very effective...</small><br></div><div class="battle-history"><small>(Water Thirsty lost <abbr title="−176/354">49.7%</abbr> of its health!)</small><br></div><div class="spacer battle-history"><br></div><div class="battle-history"><small>The sandstorm is raging.</small><br></div><div class="battle-history"><small>Water Thirsty is buffeted by the sandstorm!</small><br></div><div class="battle-history"><small>Water Thirsty restored a little HP using its Leftovers!</small><br></div><div class="spacer battle-history"><br></div><h2 class="battle-history">Turn 3</h2><div class="spacer battle-history"><br></div><div class="battle-history">The opposing Handsome Devil used <strong>Earthquake</strong>!<br></div><div class="battle-history"><small>It's not very effective...</small><br></div><div class="battle-history"><small>A critical hit!</small><br></div><div class="battle-history"><small>(Water Thirsty lost <abbr title="−178/354">50.3%</abbr> of its health!)</small><br></div><div class="spacer battle-history"><br></div><div class="battle-history">Water Thirsty fainted!<br></div><div class="spacer battle-history"><br></div><div class="battle-history"><small>The sandstorm is raging.</small><br></div><div class="chat chatmessage-parkzyyoutube"><strong style="color:hsl(112,88%,30%)"><small>☆</small><span class="username" data-name="Parkzy-YouTube">Parkzy-YouTube</span>:</strong> <em>crit mattered i think</em></div><div class="spacer battle-history"><br></div><div class="battle-history">Go! Cringe-ler (<strong>Kingler</strong>)!<br></div><div class="spacer battle-history"><br></div><h2 class="battle-history">Turn 4</h2><div class="spacer battle-history"><br></div><div class="battle-history">Conor3197❤☁️ withdrew Handsome Devil!<br></div><div class="battle-history">Conor3197❤☁️ sent out Grimsley (<strong>Politoed</strong>)!<br></div><div class="battle-history"><small>Pointed stones dug into the opposing Grimsley!</small><br></div><div class="spacer battle-history"><br></div><div class="battle-history">Cringe-ler used <strong>Crabhammer</strong>!<br></div><div class="battle-history"><small>[The opposing Grimsley's Water Absorb]</small><br><small>The opposing Grimsley restored its HP.</small><br></div><div class="spacer battle-history"><br></div><div class="battle-history"><small>The sandstorm is raging.</small><br></div><div class="battle-history"><small>Cringe-ler is buffeted by the sandstorm!</small><br></div><div class="battle-history"><small>The opposing Grimsley is buffeted by the sandstorm!</small><br></div><div class="spacer battle-history"><br></div><h2 class="battle-history">Turn 5</h2><div class="spacer battle-history"><br></div><div class="battle-history">Cringe-ler, come back!<br></div><div class="battle-history">Go! Fodder (<strong>Cryogonal</strong>)!<br></div><div class="spacer battle-history"><br></div><div class="battle-history">The opposing Grimsley used <strong>Hydro Pump</strong>!<br></div><div class="battle-history"><small>(Fodder lost <abbr title="−124/281">44.1%</abbr> of its health!)</small><br></div><div class="spacer battle-history"><br></div><div class="battle-history"><small>The sandstorm is raging.</small><br></div><div class="battle-history"><small>Fodder is buffeted by the sandstorm!</small><br></div><div class="battle-history"><small>The opposing Grimsley is buffeted by the sandstorm!</small><br></div><div class="spacer battle-history"><br></div><h2 class="battle-history">Turn 6</h2><div class="chat chatmessage-parkzyyoutube"><strong style="color:hsl(112,88%,30%)"><small>☆</small><span class="username" data-name="Parkzy-YouTube">Parkzy-YouTube</span>:</strong> <em>welp golem should be at 1hp</em></div><div class="spacer battle-history"><br></div><div class="battle-history">Conor3197❤☁️ withdrew Grimsley!<br></div><div class="battle-history">Conor3197❤☁️ sent out Clutch (<strong>Armaldo</strong>)!<br></div><div class="battle-history"><small>Pointed stones dug into the opposing Clutch!</small><br></div><div class="spacer battle-history"><br></div><div class="battle-history">Fodder used <strong>Freeze-Dry</strong>!<br></div><div class="battle-history"><small>(The opposing Clutch lost <abbr title="−81/354">22.9%</abbr> of its health!)</small><br></div><div class="battle-history"><small>The opposing Clutch was frozen solid!</small><br></div><div class="spacer battle-history"><br></div><div class="battle-history"><small>The sandstorm is raging.</small><br></div><div class="battle-history"><small>Fodder is buffeted by the sandstorm!</small><br></div><div class="battle-history"><small>The opposing Clutch restored a little HP using its Leftovers!</small><br></div><div class="spacer battle-history"><br></div><h2 class="battle-history">Turn 7</h2><div class="chat chatmessage-conor3197"><strong style="color:hsl(265,42%,57.476014254075196%)"><small>☆</small><span class="username" data-name="Conor3197❤☁️">Conor3197❤☁️</span>:</strong> <em>:/</em></div><div class="spacer battle-history"><br></div><div class="battle-history">Fodder used <strong>Flash Cannon</strong>!<br></div><div class="battle-history"><small>It's super effective!</small><br></div><div class="battle-history"><small>(The opposing Clutch lost <abbr title="−124/354">35.0%</abbr> of its health!)</small><br></div><div class="spacer battle-history"><br></div><div class="battle-history">The opposing Clutch is frozen solid!<br></div><div class="spacer battle-history"><br></div><div class="battle-history"><small>The sandstorm is raging.</small><br></div><div class="battle-history"><small>Fodder is buffeted by the sandstorm!</small><br></div><div class="battle-history"><small>The opposing Clutch restored a little HP using its Leftovers!</small><br></div><div class="spacer battle-history"><br></div><h2 class="battle-history">Turn 8</h2><div class="chat chatmessage-parkzyyoutube"><strong style="color:hsl(112,88%,30%)"><small>☆</small><span class="username" data-name="Parkzy-YouTube">Parkzy-YouTube</span>:</strong> <em>ok. fair is fair</em></div><div class="spacer battle-history"><br></div><div class="battle-history">Fodder used <strong>Flash Cannon</strong>!<br></div><div class="battle-history"><small>It's super effective!</small><br></div><div class="battle-history"><small>(The opposing Clutch lost <abbr title="−105/354">29.7%</abbr> of its health!)</small><br></div><div class="spacer battle-history"><br></div><div class="battle-history">The opposing Clutch fainted!<br></div><div class="spacer battle-history"><br></div><div class="battle-history"><small>The sandstorm subsided.</small><br></div><div class="chat chatmessage-conor3197"><strong style="color:hsl(265,42%,57.476014254075196%)"><small>☆</small><span class="username" data-name="Conor3197❤☁️">Conor3197❤☁️</span>:</strong> <em>on the bright side u still break sturdy</em></div><div class="spacer battle-history"><br></div><div class="battle-history">Conor3197❤☁️ sent out Handsome Devil (<strong>Golem</strong>)!<br></div><div class="battle-history"><small>Pointed stones dug into the opposing Handsome Devil!</small><br></div><div class="spacer battle-history"><br></div><h2 class="battle-history">Turn 9</h2><div class="chat"><small>Akir joined.</small></div><div class="spacer battle-history"><br></div><div class="battle-history">Fodder, come back!<br></div><div class="battle-history">Go! Nikita (<strong>Hippopotas</strong>)!<br></div><div class="battle-history"><small>[Nikita's Sand Stream]</small><br><small>A sandstorm kicked up!</small><br></div><div class="spacer battle-history"><br></div><div class="battle-history">The opposing Handsome Devil used <strong>Stone Edge</strong>!<br></div><div class="battle-history"><small>Nikita avoided the attack!</small><br></div><div class="spacer battle-history"><br></div><div class="battle-history"><small>The sandstorm is raging.</small><br></div><div class="spacer battle-history"><br></div><h2 class="battle-history">Turn 10</h2><div class="chat"><small>rodrigopodolski left.</small></div><div class="spacer battle-history"><br></div><div class="battle-history">The opposing Handsome Devil used <strong>Stone Edge</strong>!<br></div><div class="battle-history"><small>It's not very effective...</small><br></div><div class="battle-history"><small>A critical hit!</small><br></div><div class="battle-history"><small>(Nikita lost <abbr title="−108/340">31.8%</abbr> of its health!)</small><br></div><div class="spacer battle-history"><br></div><div class="battle-history">Nikita fainted!<br></div><div class="spacer battle-history"><br></div><div class="battle-history"><small>The sandstorm is raging.</small><br></div><div class="chat chatmessage-parkzyyoutube"><strong style="color:hsl(112,88%,30%)"><small>☆</small><span class="username" data-name="Parkzy-YouTube">Parkzy-YouTube</span>:</strong> <em>another crit...</em></div><div class="spacer battle-history"><br></div><div class="battle-history">Go! Cringe-ler (<strong>Kingler</strong>)!<br></div><div class="spacer battle-history"><br></div><h2 class="battle-history">Turn 11</h2><div class="chat chatmessage-conor3197"><strong style="color:hsl(265,42%,57.476014254075196%)"><small>☆</small><span class="username" data-name="Conor3197❤☁️">Conor3197❤☁️</span>:</strong> <em>well at least stone edge has a chance to crit</em></div><div class="spacer battle-history"><br></div><div class="battle-history">Conor3197❤☁️ withdrew Handsome Devil!<br></div><div class="battle-history">Conor3197❤☁️ sent out Grimsley (<strong>Politoed</strong>)!<br></div><div class="battle-history"><small>Pointed stones dug into the opposing Grimsley!</small><br></div><div class="spacer battle-history"><br></div><div class="battle-history">Cringe-ler used <strong>Superpower</strong>!<br></div><div class="battle-history"><small>(The opposing Grimsley lost <abbr title="−241/321">75.1%</abbr> of its health!)</small><br></div><div class="battle-history"><small>Cringe-ler's Attack fell!</small><br></div><div class="battle-history"><small>Cringe-ler's Defense fell!</small><br></div><div class="spacer battle-history"><br></div><div class="battle-history">The opposing Grimsley fainted!<br></div><div class="spacer battle-history"><br></div><div class="battle-history"><small>The sandstorm is raging.</small><br></div><div class="battle-history"><small>Cringe-ler is buffeted by the sandstorm!</small><br></div><div class="spacer battle-history"><br></div><div class="battle-history">Conor3197❤☁️ sent out Pepe Pig (<strong>Grumpig</strong>)!<br></div><div class="battle-history"><small>Pointed stones dug into the opposing Pepe Pig!</small><br></div><div class="spacer battle-history"><br></div><h2 class="battle-history">Turn 12</h2><div class="spacer battle-history"><br></div><div class="battle-history">Cringe-ler, come back!<br></div><div class="battle-history">Go! Megalovania (<strong>Ampharos</strong>)!<br></div><div class="spacer battle-history"><br></div><div class="battle-history">The opposing Pepe Pig used <strong>Psychic</strong>!<br></div><div class="battle-history"><small>(Megalovania lost <abbr title="−130/384">33.9%</abbr> of its health!)</small><br></div><div class="spacer battle-history"><br></div><div class="battle-history"><small>The sandstorm is raging.</small><br></div><div class="battle-history"><small>The opposing Pepe Pig is buffeted by the sandstorm!</small><br></div><div class="battle-history"><small>Megalovania is buffeted by the sandstorm!</small><br></div><div class="battle-history"><small>Megalovania restored a little HP using its Leftovers!</small><br></div><div class="spacer battle-history"><br></div><h2 class="battle-history">Turn 13</h2><div class="spacer battle-history"><br></div><div class="battle-history">Conor3197❤☁️ withdrew Pepe Pig!<br></div><div class="battle-history">Conor3197❤☁️ sent out Handsome Devil (<strong>Golem</strong>)!<br></div><div class="battle-history"><small>Pointed stones dug into the opposing Handsome Devil!</small><br></div><div class="spacer battle-history"><br></div><div class="battle-history">Megalovania used <strong>Volt Switch</strong>!<br></div><div class="battle-history"><small>It doesn't affect the opposing Handsome Devil...</small><br></div><div class="spacer battle-history"><br></div><div class="battle-history"><small>The sandstorm is raging.</small><br></div><div class="battle-history"><small>Megalovania is buffeted by the sandstorm!</small><br></div><div class="battle-history"><small>Megalovania restored a little HP using its Leftovers!</small><br></div><div class="spacer battle-history"><br></div><h2 class="battle-history">Turn 14</h2><div class="spacer battle-history"><br></div><div class="battle-history">The opposing Handsome Devil used <strong>Stone Edge</strong>!<br></div><div class="battle-history"><small>(Megalovania lost <abbr title="−254/384">66.1%</abbr> of its health!)</small><br></div><div class="spacer battle-history"><br></div><div class="battle-history">Megalovania fainted!<br></div><div class="spacer battle-history"><br></div><div class="battle-history"><small>The sandstorm is raging.</small><br></div><div class="spacer battle-history"><br></div><div class="battle-history">Go! Cringe-ler (<strong>Kingler</strong>)!<br></div><div class="spacer battle-history"><br></div><h2 class="battle-history">Turn 15</h2><div class="spacer battle-history"><br></div><div class="battle-history">Cringe-ler used <strong>Crabhammer</strong>!<br></div><div class="battle-history"><small>It's super effective!</small><br></div><div class="battle-history"><small>(The opposing Handsome Devil lost <abbr title="−265/301">88.0%</abbr> of its health!)</small><br></div><div class="spacer battle-history"><br></div><div class="battle-history">The opposing Handsome Devil fainted!<br></div><div class="spacer battle-history"><br></div><div class="battle-history"><small>The sandstorm is raging.</small><br></div><div class="battle-history"><small>Cringe-ler is buffeted by the sandstorm!</small><br></div><div class="spacer battle-history"><br></div><div class="battle-history">Conor3197❤☁️ sent out blissfully (<strong>Rapidash</strong>)!<br></div><div class="battle-history"><small>Pointed stones dug into the opposing blissfully!</small><br></div><div class="spacer battle-history"><br></div><h2 class="battle-history">Turn 16</h2><div class="spacer battle-history"><br></div><div class="battle-history">Cringe-ler, come back!<br></div><div class="battle-history">Go! Pancakes (<strong>Stoutland</strong>)!<br></div><div class="spacer battle-history"><br></div><div class="battle-history">The opposing blissfully used <strong>Wild Charge</strong>!<br></div><div class="battle-history"><small>(Pancakes lost <abbr title="−93/311">29.9%</abbr> of its health!)</small><br></div><div class="battle-history"><small>The opposing blissfully is damaged by the recoil!</small><br></div><div class="spacer battle-history"><br></div><div class="battle-history"><small>The sandstorm subsided.</small><br></div><div class="spacer battle-history"><br></div><h2 class="battle-history">Turn 17</h2><div class="spacer battle-history"><br></div><div class="battle-history">The opposing blissfully used <strong>Will-O-Wisp</strong>!<br></div><div class="battle-history"><small>Pancakes was burned!</small><br></div><div class="spacer battle-history"><br></div><div class="battle-history">Pancakes used <strong>Return</strong>!<br></div><div class="battle-history"><small>(The opposing blissfully lost <abbr title="−160/271">59.0%</abbr> of its health!)</small><br></div><div class="battle-history"><small>Pancakes lost some of its HP!</small><br></div><div class="spacer battle-history"><br></div><div class="battle-history"><small>Pancakes was hurt by its burn!</small><br></div><div class="spacer battle-history"><br></div><h2 class="battle-history">Turn 18</h2><div class="spacer battle-history"><br></div><div class="battle-history">The opposing blissfully used <strong>Flare Blitz</strong>!<br></div><div class="battle-history"><small>(Pancakes lost <abbr title="−149/311">47.9%</abbr> of its health!)</small><br></div><div class="battle-history"><small>The opposing blissfully is damaged by the recoil!</small><br></div><div class="spacer battle-history"><br></div><div class="battle-history">Pancakes fainted!<br></div><div class="battle-history">The opposing blissfully fainted!<br></div><div class="spacer battle-history"><br></div><div class="battle-history">Go! Cringe-ler (<strong>Kingler</strong>)!<br></div><div class="spacer battle-history"><br></div><div class="battle-history">Conor3197❤☁️ sent out Beats (<strong>Altaria</strong>)!<br></div><div class="battle-history"><small>Pointed stones dug into the opposing Beats!</small><br></div><div class="spacer battle-history"><br></div><h2 class="battle-history">Turn 19</h2><div class="spacer battle-history"><br></div><div class="battle-history">Cringe-ler used <strong>Rock Slide</strong>!<br></div><div class="battle-history"><small>It's super effective!</small><br></div><div class="battle-history"><small>(The opposing Beats lost <abbr title="−266/354">75.1%</abbr> of its health!)</small><br></div><div class="spacer battle-history"><br></div><div class="battle-history">The opposing Beats fainted!<br></div><div class="spacer battle-history"><br></div><div class="battle-history">Conor3197❤☁️ sent out Pepe Pig (<strong>Grumpig</strong>)!<br></div><div class="battle-history"><small>Pointed stones dug into the opposing Pepe Pig!</small><br></div><div class="spacer battle-history"><br></div><h2 class="battle-history">Turn 20</h2><div class="spacer battle-history"><br></div><div class="battle-history">Cringe-ler, come back!<br></div><div class="battle-history">Go! Fodder (<strong>Cryogonal</strong>)!<br></div><div class="spacer battle-history"><br></div><div class="battle-history">The opposing Pepe Pig used <strong>Psychic</strong>!<br></div><div class="battle-history"><small>(Fodder lost <abbr title="−57/281">20.3%</abbr> of its health!)</small><br></div><div class="spacer battle-history"><br></div><h2 class="battle-history">Turn 21</h2><div class="spacer battle-history"><br></div><div class="battle-history">The opposing Pepe Pig used <strong>Psychic</strong>!<br></div><div class="battle-history"><small>(Fodder lost <abbr title="−49/281">17.4%</abbr> of its health!)</small><br></div><div class="spacer battle-history"><br></div><div class="battle-history">Fodder fainted!<br></div><div class="chat chatmessage-parkzyyoutube"><strong style="color:hsl(112,88%,30%)"><small>☆</small><span class="username" data-name="Parkzy-YouTube">Parkzy-YouTube</span>:</strong> <em>scarfed??</em></div><div class="spacer battle-history"><br></div><div class="battle-history">Go! Cringe-ler (<strong>Kingler</strong>)!<br></div><div class="spacer battle-history"><br></div><h2 class="battle-history">Turn 22</h2><div class="chat"><small>Conor3197❤☁️ left.</small></div><div class="chat message-error">Battle timer is ON: inactive players will automatically lose when time's up. (requested by Parkzy-YouTube)</div><div class="chat"><small>Conor3197❤☁️ joined.</small></div><div class="chat chatmessage-conor3197"><strong style="color:hsl(265,42%,57.476014254075196%)"><small>☆</small><span class="username" data-name="Conor3197❤☁️">Conor3197❤☁️</span>:</strong> <em>yasss</em></div><div class="spacer battle-history"><br></div><div class="battle-history">The opposing Pepe Pig used <strong>Psychic</strong>!<br></div><div class="battle-history"><small>(Cringe-ler lost <abbr title="−206/251">82.1%</abbr> of its health!)</small><br></div><div class="spacer battle-history"><br></div><div class="battle-history">Cringe-ler fainted!<br></div><div class="spacer battle-history"><br></div><div class="battle-history"><strong>Conor3197❤☁️</strong> won the battle!<br></div></div><div class="inner-preempt"></div></div></div>
</div>
<script>
let daily = Math.floor(Date.now()/1000/60/60/24);document.write('<script src="https://play.pokemonshowdown.com/js/replay-embed.js?version'+daily+'"></'+'script>');
</script>
