<!DOCTYPE html>
<meta charset="utf-8" />
<!-- version 1 -->
<title>PU replay: UberSkitty vs. Ash KetchumGamer</title>
<style>
html,body {font-family:Verdana, sans-serif;font-size:10pt;margin:0;padding:0;}body{padding:12px 0;} .battle-log {font-family:Verdana, sans-serif;font-size:10pt;} .battle-log-inline {border:1px solid #AAAAAA;background:#EEF2F5;color:black;max-width:640px;margin:0 auto 80px;padding-bottom:5px;} .battle-log .inner {padding:4px 8px 0px 8px;} .battle-log .inner-preempt {padding:0 8px 4px 8px;} .battle-log .inner-after {margin-top:0.5em;} .battle-log h2 {margin:0.5em -8px;padding:4px 8px;border:1px solid #AAAAAA;background:#E0E7EA;border-left:0;border-right:0;font-family:Verdana, sans-serif;font-size:13pt;} .battle-log .chat {vertical-align:middle;padding:3px 0 3px 0;font-size:8pt;} .battle-log .chat strong {color:#40576A;} .battle-log .chat em {padding:1px 4px 1px 3px;color:#000000;font-style:normal;} .chat.mine {background:rgba(0,0,0,0.05);margin-left:-8px;margin-right:-8px;padding-left:8px;padding-right:8px;} .spoiler {color:#BBBBBB;background:#BBBBBB;padding:0px 3px;} .spoiler:hover, .spoiler:active, .spoiler-shown {color:#000000;background:#E2E2E2;padding:0px 3px;} .spoiler a {color:#BBBBBB;} .spoiler:hover a, .spoiler:active a, .spoiler-shown a {color:#2288CC;} .chat code, .chat .spoiler:hover code, .chat .spoiler:active code, .chat .spoiler-shown code {border:1px solid #C0C0C0;background:#EEEEEE;color:black;padding:0 2px;} .chat .spoiler code {border:1px solid #CCCCCC;background:#CCCCCC;color:#CCCCCC;} .battle-log .rated {padding:3px 4px;} .battle-log .rated strong {color:white;background:#89A;padding:1px 4px;border-radius:4px;} .spacer {margin-top:0.5em;} .message-announce {background:#6688AA;color:white;padding:1px 4px 2px;} .message-announce a, .broadcast-green a, .broadcast-blue a, .broadcast-red a {color:#DDEEFF;} .broadcast-green {background-color:#559955;color:white;padding:2px 4px;} .broadcast-blue {background-color:#6688AA;color:white;padding:2px 4px;} .infobox {border:1px solid #6688AA;padding:2px 4px;} .infobox-limited {max-height:200px;overflow:auto;overflow-x:hidden;} .broadcast-red {background-color:#AA5544;color:white;padding:2px 4px;} .message-learn-canlearn {font-weight:bold;color:#228822;text-decoration:underline;} .message-learn-cannotlearn {font-weight:bold;color:#CC2222;text-decoration:underline;} .message-effect-weak {font-weight:bold;color:#CC2222;} .message-effect-resist {font-weight:bold;color:#6688AA;} .message-effect-immune {font-weight:bold;color:#666666;} .message-learn-list {margin-top:0;margin-bottom:0;} .message-throttle-notice, .message-error {color:#992222;} .message-overflow, .chat small.message-overflow {font-size:0pt;} .message-overflow::before {font-size:9pt;content:'...';} .subtle {color:#3A4A66;}
</style>
<div class="wrapper replay-wrapper" style="max-width:1180px;margin:0 auto">
<input type="hidden" name="replayid" value="pu-556378366" />
<div class="battle"></div><div class="battle-log"></div><div class="replay-controls"></div><div class="replay-controls-2"></div>
<h1 style="font-weight:normal;text-align:center"><strong>PU</strong><br /><a href="http://pokemonshowdown.com/users/uberskitty" class="subtle" target="_blank">UberSkitty</a> vs. <a href="http://pokemonshowdown.com/users/ashketchumgamer" class="subtle" target="_blank">Ash KetchumGamer</a></h1>
<script type="text/plain" class="battle-log-data">|j|UberSkitty
|j|Ash KetchumGamer
|player|p1|UberSkitty|23
|player|p2|Ash KetchumGamer|167
|gametype|singles
|gen|6
|tier|PU
|seed|61310,16501,36458,25525
|rule|Sleep Clause Mod: Limit one foe put to sleep
|rule|Species Clause: Limit one of each Pokémon
|rule|OHKO Clause: OHKO moves are banned
|rule|Moody Clause: Moody is banned
|rule|Evasion Moves Clause: Evasion moves are banned
|rule|Endless Battle Clause: Forcing endless battles is banned
|rule|HP Percentage Mod: HP is shown in percentages
|clearpoke
|poke|p1|Ninjask, M|item
|poke|p1|Probopass, M|item
|poke|p1|Lumineon, F|item
|poke|p1|Camerupt, F|item
|poke|p1|Leafeon, M|item
|poke|p1|Mr. Mime, F|item
|poke|p2|Kricketune, M|item
|poke|p2|Marowak, M|item
|poke|p2|Camerupt, M|item
|poke|p2|Ursaring, F|item
|poke|p2|Misdreavus, F|item
|poke|p2|Luxray, M|item
|rule|Swagger Clause: Swagger is banned
|rule|Baton Pass Clause: Limit one Baton Passer, can't pass Spe and other stats simultaneously
|teampreview
|choice|team 1, team 2, team 3, team 4, team 5, team 6|team 1, team 2, team 3, team 4, team 5, team 6
|
|start
|switch|p1a: Buzz Buzz 2.0|Ninjask, M|263\/263
|switch|p2a: Kricketune|Kricketune, M|295\/295
|turn|1
|choice|move uturn|move stickyweb
|
|move|p1a: Buzz Buzz 2.0|U-turn|p2a: Kricketune
|-damage|p2a: Kricketune|42\/295
|choice|switch 5|
|
|switch|p1a: Foxy|Leafeon, M|271\/271
|move|p2a: Kricketune|Sticky Web|p1a: Foxy
|-sidestart|p1: UberSkitty|move: Sticky Web
|
|upkeep
|turn|2
|j|LuckyRyu
|choice|move knockoff|move endeavor
|
|move|p1a: Foxy|Knock Off|p2a: Kricketune
|-damage|p2a: Kricketune|0 fnt
|-enditem|p2a: Kricketune|Focus Sash|[from] move: Knock Off|[of] p1a: Foxy
|faint|p2a: Kricketune
|
|upkeep
|j|Chrisloud
|choice||switch 3
|
|switch|p2a: Camerupt|Camerupt, M|281\/281
|turn|3
|c| Chrisloud|skitty this aquad
|choice|switch 3|move eruption
|
|switch|p1a: Beautifish|Lumineon, F|341\/341
|-activate|p1a: Beautifish|move: Sticky Web
|-unboost|p1a: Beautifish|spe|1
|move|p2a: Camerupt|Eruption|p1a: Beautifish
|-resisted|p1a: Beautifish
|-damage|p1a: Beautifish|150\/341
|
|-heal|p1a: Beautifish|171\/341|[from] item: Leftovers
|upkeep
|turn|4
|choice|switch 4|move eruption
|
|switch|p1a: NURDDD|Camerupt, F|344\/344
|-activate|p1a: NURDDD|move: Sticky Web
|-unboost|p1a: NURDDD|spe|1
|move|p2a: Camerupt|Eruption|p1a: NURDDD
|-resisted|p1a: NURDDD
|-damage|p1a: NURDDD|197\/344
|
|-heal|p1a: NURDDD|218\/344|[from] item: Leftovers
|upkeep
|turn|5
|choice|switch 4|switch 4
|
|switch|p2a: Ursaring|Ursaring, F|321\/321
|switch|p1a: Beautifish|Lumineon, F|171\/341
|-activate|p1a: Beautifish|move: Sticky Web
|-unboost|p1a: Beautifish|spe|1
|
|-heal|p1a: Beautifish|192\/341|[from] item: Leftovers
|-status|p2a: Ursaring|brn|[from] item: Flame Orb
|upkeep
|turn|6
|c| Chrisloud|skity
|c| Chrisloud|join my match
|choice|switch 2|move facade
|
|switch|p1a: Shave Me|Probopass, M|287\/287
|-activate|p1a: Shave Me|move: Sticky Web
|-unboost|p1a: Shave Me|spe|1
|move|p2a: Ursaring|Facade|p1a: Shave Me
|-resisted|p1a: Shave Me
|-damage|p1a: Shave Me|219\/287
|
|-heal|p1a: Shave Me|236\/287|[from] item: Leftovers
|-damage|p2a: Ursaring|281\/321 brn|[from] brn
|upkeep
|turn|7
|j|dewgon
|j|Vlayzer
|choice|switch 5|move facade
|
|switch|p1a: Buzz Buzz 2.0|Ninjask, M|263\/263
|move|p2a: Ursaring|Facade|p1a: Buzz Buzz 2.0
|-damage|p1a: Buzz Buzz 2.0|0 fnt
|faint|p1a: Buzz Buzz 2.0
|
|-damage|p2a: Ursaring|241\/321 brn|[from] brn
|upkeep
|c|☆Ash KetchumGamer|?
|choice|switch 6|
|
|switch|p1a: I'm a Woman|Mr. Mime, F|221\/221
|-activate|p1a: I'm a Woman|move: Sticky Web
|-unboost|p1a: I'm a Woman|spe|1
|turn|8
|choice|move psychic|move facade
|
|move|p1a: I'm a Woman|Psychic|p2a: Ursaring
|-damage|p2a: Ursaring|75\/321 brn
|move|p2a: Ursaring|Facade|p1a: I'm a Woman
|-damage|p1a: I'm a Woman|0 fnt
|faint|p1a: I'm a Woman
|
|-damage|p2a: Ursaring|35\/321 brn|[from] brn
|upkeep
|choice|switch 5|
|
|switch|p1a: Shave Me|Probopass, M|236\/287
|-activate|p1a: Shave Me|move: Sticky Web
|-unboost|p1a: Shave Me|spe|1
|turn|9
|c| dewgon|dont be coming in here with that ? nonsense
|choice|move earthpower|move closecombat
|
|move|p2a: Ursaring|Close Combat|p1a: Shave Me
|-supereffective|p1a: Shave Me
|-damage|p1a: Shave Me|0 fnt
|-unboost|p2a: Ursaring|def|1
|-unboost|p2a: Ursaring|spd|1
|faint|p1a: Shave Me
|
|-damage|p2a: Ursaring|0 fnt|[from] brn
|upkeep
|faint|p2a: Ursaring
|c|☆UberSkitty|smh
|choice|switch 4|switch 4
|
|switch|p2a: Camerupt|Camerupt, M|281\/281
|switch|p1a: NURDDD|Camerupt, F|218\/344
|-activate|p1a: NURDDD|move: Sticky Web
|-unboost|p1a: NURDDD|spe|1
|turn|10
|choice|switch 3|move earthpower
|
|switch|p1a: Foxy|Leafeon, M|271\/271
|-activate|p1a: Foxy|move: Sticky Web
|-unboost|p1a: Foxy|spe|1
|move|p2a: Camerupt|Earth Power|p1a: Foxy
|-resisted|p1a: Foxy
|-damage|p1a: Foxy|129\/271
|
|upkeep
|turn|11
|l|dewgon
|choice|move leafblade|move earthpower
|
|move|p1a: Foxy|Leaf Blade|p2a: Camerupt
|-damage|p2a: Camerupt|82\/281
|move|p2a: Camerupt|Earth Power|p1a: Foxy
|-resisted|p1a: Foxy
|-damage|p1a: Foxy|0 fnt
|faint|p1a: Foxy
|
|upkeep
|choice|switch 2|
|
|switch|p1a: Beautifish|Lumineon, F|192\/341
|-activate|p1a: Beautifish|move: Sticky Web
|-unboost|p1a: Beautifish|spe|1
|turn|12
|choice|move scald|move earthpower
|
|move|p2a: Camerupt|Earth Power|p1a: Beautifish
|-damage|p1a: Beautifish|0 fnt
|faint|p1a: Beautifish
|
|upkeep
|c|☆UberSkitty|welp
|c|☆UberSkitty|gg
|choice|switch 3|
|
|switch|p1a: NURDDD|Camerupt, F|218\/344
|-activate|p1a: NURDDD|move: Sticky Web
|-unboost|p1a: NURDDD|spe|1
|turn|13
|choice|move earthpower|move earthpower
|
|move|p2a: Camerupt|Earth Power|p1a: NURDDD
|-supereffective|p1a: NURDDD
|-crit|p1a: NURDDD
|-damage|p1a: NURDDD|0 fnt
|faint|p1a: NURDDD
|
|win|Ash KetchumGamer
|l|Ash KetchumGamer
|l|UberSkitty
|j|Ash KetchumGamer</script>
</div>
<div class="battle-log battle-log-inline"><div class="inner"><div class="battle-options"></div><div class="inner"><div class="chat"><small>UberSkitty joined.</small></div><div class="chat"><small>Ash KetchumGamer joined.</small></div><div class=""><small>Format:</small> <br><strong>PU</strong></div><div class=""><small><em>Sleep Clause Mod:</em> Limit one foe put to sleep</small></div><div class=""><small><em>Species Clause:</em> Limit one of each Pokémon</small></div><div class=""><small><em>OHKO Clause:</em> OHKO moves are banned</small></div><div class=""><small><em>Moody Clause:</em> Moody is banned</small></div><div class=""><small><em>Evasion Moves Clause:</em> Evasion moves are banned</small></div><div class=""><small><em>Endless Battle Clause:</em> Forcing endless battles is banned</small></div><div class=""><small><em>HP Percentage Mod:</em> HP is shown in percentages</small></div><div class=""><small><em>Swagger Clause:</em> Swagger is banned</small></div><div class=""><small><em>Baton Pass Clause:</em> Limit one Baton Passer, can't pass Spe and other stats simultaneously</small></div><div class="chat battle-history"><strong>UberSkitty's team:</strong> <em style="color:#445566;display:block;">Ninjask / Probopass / Lumineon / Camerupt / Leafeon / Mr. Mime</em></div><div class="chat battle-history"><strong>Ash KetchumGamer's team:</strong> <em style="color:#445566;display:block;">Kricketune / Marowak / Camerupt / Ursaring / Misdreavus / Luxray</em></div><div class="spacer battle-history"><br></div><div class="battle-history">Battle started between UberSkitty and Ash KetchumGamer!<br></div><div class="spacer battle-history"><br></div><div class="battle-history">Go! Buzz Buzz 2.0 (<strong>Ninjask</strong>)!<br></div><div class="spacer battle-history"><br></div><div class="battle-history">Ash KetchumGamer sent out <strong>Kricketune</strong>!<br></div><div class="spacer battle-history"><br></div><h2 class="battle-history">Turn 1</h2><div class="spacer battle-history"><br></div><div class="battle-history">Buzz Buzz 2.0 used <strong>U-turn</strong>!<br></div><div class="battle-history"><small>(The opposing Kricketune lost <abbr title="−253/295">85.8%</abbr> of its health!)</small><br></div><div class="spacer battle-history"><br></div><div class="battle-history">Buzz Buzz 2.0 went back to UberSkitty!<br></div><div class="battle-history">Go! Foxy (<strong>Leafeon</strong>)!<br></div><div class="spacer battle-history"><br></div><div class="battle-history">The opposing Kricketune used <strong>Sticky Web</strong>!<br></div><div class="battle-history"><small>A sticky web spreads out on the ground around your team!</small><br></div><div class="spacer battle-history"><br></div><h2 class="battle-history">Turn 2</h2><div class="chat"><small>LuckyRyu joined.</small></div><div class="spacer battle-history"><br></div><div class="battle-history">Foxy used <strong>Knock Off</strong>!<br></div><div class="battle-history"><small>(The opposing Kricketune lost <abbr title="−42/295">14.2%</abbr> of its health!)</small><br></div><div class="battle-history"><small>Foxy knocked off the opposing Kricketune's Focus Sash!</small><br></div><div class="spacer battle-history"><br></div><div class="battle-history">The opposing Kricketune fainted!<br></div><div class="chat"><small>Chrisloud joined.</small></div><div class="spacer battle-history"><br></div><div class="battle-history">Ash KetchumGamer sent out <strong>Camerupt</strong>!<br></div><div class="spacer battle-history"><br></div><h2 class="battle-history">Turn 3</h2><div class="chat chatmessage-chrisloud"><strong style="color:hsl(98,63%,38%)"><small> </small><span class="username" data-name="Chrisloud">Chrisloud</span>:</strong> <em>skitty this aquad</em></div><div class="spacer battle-history"><br></div><div class="battle-history">Foxy, come back!<br></div><div class="battle-history">Go! Beautifish (<strong>Lumineon</strong>)!<br></div><div class="battle-history"><small>Beautifish was caught in a sticky web!</small><br></div><div class="battle-history"><small>Beautifish's Speed fell!</small><br></div><div class="spacer battle-history"><br></div><div class="battle-history">The opposing Camerupt used <strong>Eruption</strong>!<br></div><div class="battle-history"><small>It's not very effective...</small><br></div><div class="battle-history"><small>(Beautifish lost <abbr title="−191/341">56.0%</abbr> of its health!)</small><br></div><div class="spacer battle-history"><br></div><div class="battle-history"><small>Beautifish restored a little HP using its Leftovers!</small><br></div><div class="spacer battle-history"><br></div><h2 class="battle-history">Turn 4</h2><div class="spacer battle-history"><br></div><div class="battle-history">Beautifish, come back!<br></div><div class="battle-history">Go! NURDDD (<strong>Camerupt</strong>)!<br></div><div class="battle-history"><small>NURDDD was caught in a sticky web!</small><br></div><div class="battle-history"><small>NURDDD's Speed fell!</small><br></div><div class="spacer battle-history"><br></div><div class="battle-history">The opposing Camerupt used <strong>Eruption</strong>!<br></div><div class="battle-history"><small>It's not very effective...</small><br></div><div class="battle-history"><small>(NURDDD lost <abbr title="−147/344">42.7%</abbr> of its health!)</small><br></div><div class="spacer battle-history"><br></div><div class="battle-history"><small>NURDDD restored a little HP using its Leftovers!</small><br></div><div class="spacer battle-history"><br></div><h2 class="battle-history">Turn 5</h2><div class="spacer battle-history"><br></div><div class="battle-history">Ash KetchumGamer withdrew Camerupt!<br></div><div class="battle-history">Ash KetchumGamer sent out <strong>Ursaring</strong>!<br></div><div class="spacer battle-history"><br></div><div class="battle-history">NURDDD, come back!<br></div><div class="battle-history">Go! Beautifish (<strong>Lumineon</strong>)!<br></div><div class="battle-history"><small>Beautifish was caught in a sticky web!</small><br></div><div class="battle-history"><small>Beautifish's Speed fell!</small><br></div><div class="spacer battle-history"><br></div><div class="battle-history"><small>Beautifish restored a little HP using its Leftovers!</small><br></div><div class="battle-history"><small>The opposing Ursaring was burned!</small><br></div><div class="spacer battle-history"><br></div><h2 class="battle-history">Turn 6</h2><div class="chat chatmessage-chrisloud"><strong style="color:hsl(98,63%,38%)"><small> </small><span class="username" data-name="Chrisloud">Chrisloud</span>:</strong> <em>skity</em></div><div class="chat chatmessage-chrisloud"><strong style="color:hsl(98,63%,38%)"><small> </small><span class="username" data-name="Chrisloud">Chrisloud</span>:</strong> <em>join my match</em></div><div class="spacer battle-history"><br></div><div class="battle-history">Beautifish, come back!<br></div><div class="battle-history">Go! Shave Me (<strong>Probopass</strong>)!<br></div><div class="battle-history"><small>Shave Me was caught in a sticky web!</small><br></div><div class="battle-history"><small>Shave Me's Speed fell!</small><br></div><div class="spacer battle-history"><br></div><div class="battle-history">The opposing Ursaring used <strong>Facade</strong>!<br></div><div class="battle-history"><small>It's not very effective...</small><br></div><div class="battle-history"><small>(Shave Me lost <abbr title="−68/287">23.7%</abbr> of its health!)</small><br></div><div class="spacer battle-history"><br></div><div class="battle-history"><small>Shave Me restored a little HP using its Leftovers!</small><br></div><div class="battle-history"><small>The opposing Ursaring was hurt by its burn!</small><br></div><div class="spacer battle-history"><br></div><h2 class="battle-history">Turn 7</h2><div class="chat"><small>dewgon joined.</small></div><div class="chat"><small>Vlayzer joined.</small></div><div class="spacer battle-history"><br></div><div class="battle-history">Shave Me, come back!<br></div><div class="battle-history">Go! Buzz Buzz 2.0 (<strong>Ninjask</strong>)!<br></div><div class="spacer battle-history"><br></div><div class="battle-history">The opposing Ursaring used <strong>Facade</strong>!<br></div><div class="battle-history"><small>(Buzz Buzz 2.0 lost <abbr title="−263/263">100%</abbr> of its health!)</small><br></div><div class="spacer battle-history"><br></div><div class="battle-history">Buzz Buzz 2.0 fainted!<br></div><div class="spacer battle-history"><br></div><div class="battle-history"><small>The opposing Ursaring was hurt by its burn!</small><br></div><div class="chat chatmessage-ashketchumgamer"><strong style="color:hsl(303,74%,43.23810130631459%)"><small>☆</small><span class="username" data-name="Ash KetchumGamer">Ash KetchumGamer</span>:</strong> <em>?</em></div><div class="spacer battle-history"><br></div><div class="battle-history">Go! I'm a Woman (<strong>Mr. Mime</strong>)!<br></div><div class="battle-history"><small>I'm a Woman was caught in a sticky web!</small><br></div><div class="battle-history"><small>I'm a Woman's Speed fell!</small><br></div><div class="spacer battle-history"><br></div><h2 class="battle-history">Turn 8</h2><div class="spacer battle-history"><br></div><div class="battle-history">I'm a Woman used <strong>Psychic</strong>!<br></div><div class="battle-history"><small>(The opposing Ursaring lost <abbr title="−166/321">51.7%</abbr> of its health!)</small><br></div><div class="spacer battle-history"><br></div><div class="battle-history">The opposing Ursaring used <strong>Facade</strong>!<br></div><div class="battle-history"><small>(I'm a Woman lost <abbr title="−221/221">100%</abbr> of its health!)</small><br></div><div class="spacer battle-history"><br></div><div class="battle-history">I'm a Woman fainted!<br></div><div class="spacer battle-history"><br></div><div class="battle-history"><small>The opposing Ursaring was hurt by its burn!</small><br></div><div class="spacer battle-history"><br></div><div class="battle-history">Go! Shave Me (<strong>Probopass</strong>)!<br></div><div class="battle-history"><small>Shave Me was caught in a sticky web!</small><br></div><div class="battle-history"><small>Shave Me's Speed fell!</small><br></div><div class="spacer battle-history"><br></div><h2 class="battle-history">Turn 9</h2><div class="chat chatmessage-dewgon"><strong style="color:hsl(130,70%,31%)"><small> </small><span class="username" data-name="dewgon">dewgon</span>:</strong> <em>dont be coming in here with that ? nonsense</em></div><div class="spacer battle-history"><br></div><div class="battle-history">The opposing Ursaring used <strong>Close Combat</strong>!<br></div><div class="battle-history"><small>It's super effective!</small><br></div><div class="battle-history"><small>(Shave Me lost <abbr title="−236/287">82.2%</abbr> of its health!)</small><br></div><div class="battle-history"><small>The opposing Ursaring's Defense fell!</small><br></div><div class="battle-history"><small>The opposing Ursaring's Special Defense fell!</small><br></div><div class="spacer battle-history"><br></div><div class="battle-history">Shave Me fainted!<br></div><div class="spacer battle-history"><br></div><div class="battle-history"><small>The opposing Ursaring was hurt by its burn!</small><br></div><div class="spacer battle-history"><br></div><div class="battle-history">The opposing Ursaring fainted!<br></div><div class="chat chatmessage-uberskitty"><strong style="color:hsl(74,64%,33%)"><small>☆</small><span class="username" data-name="UberSkitty">UberSkitty</span>:</strong> <em>smh</em></div><div class="spacer battle-history"><br></div><div class="battle-history">Ash KetchumGamer sent out <strong>Camerupt</strong>!<br></div><div class="spacer battle-history"><br></div><div class="battle-history">Go! NURDDD (<strong>Camerupt</strong>)!<br></div><div class="battle-history"><small>NURDDD was caught in a sticky web!</small><br></div><div class="battle-history"><small>NURDDD's Speed fell!</small><br></div><div class="spacer battle-history"><br></div><h2 class="battle-history">Turn 10</h2><div class="spacer battle-history"><br></div><div class="battle-history">NURDDD, come back!<br></div><div class="battle-history">Go! Foxy (<strong>Leafeon</strong>)!<br></div><div class="battle-history"><small>Foxy was caught in a sticky web!</small><br></div><div class="battle-history"><small>Foxy's Speed fell!</small><br></div><div class="spacer battle-history"><br></div><div class="battle-history">The opposing Camerupt used <strong>Earth Power</strong>!<br></div><div class="battle-history"><small>It's not very effective...</small><br></div><div class="battle-history"><small>(Foxy lost <abbr title="−142/271">52.4%</abbr> of its health!)</small><br></div><div class="spacer battle-history"><br></div><h2 class="battle-history">Turn 11</h2><div class="chat"><small>dewgon left.</small></div><div class="spacer battle-history"><br></div><div class="battle-history">Foxy used <strong>Leaf Blade</strong>!<br></div><div class="battle-history"><small>(The opposing Camerupt lost <abbr title="−199/281">70.8%</abbr> of its health!)</small><br></div><div class="spacer battle-history"><br></div><div class="battle-history">The opposing Camerupt used <strong>Earth Power</strong>!<br></div><div class="battle-history"><small>It's not very effective...</small><br></div><div class="battle-history"><small>(Foxy lost <abbr title="−129/271">47.6%</abbr> of its health!)</small><br></div><div class="spacer battle-history"><br></div><div class="battle-history">Foxy fainted!<br></div><div class="spacer battle-history"><br></div><div class="battle-history">Go! Beautifish (<strong>Lumineon</strong>)!<br></div><div class="battle-history"><small>Beautifish was caught in a sticky web!</small><br></div><div class="battle-history"><small>Beautifish's Speed fell!</small><br></div><div class="spacer battle-history"><br></div><h2 class="battle-history">Turn 12</h2><div class="spacer battle-history"><br></div><div class="battle-history">The opposing Camerupt used <strong>Earth Power</strong>!<br></div><div class="battle-history"><small>(Beautifish lost <abbr title="−192/341">56.3%</abbr> of its health!)</small><br></div><div class="spacer battle-history"><br></div><div class="battle-history">Beautifish fainted!<br></div><div class="chat chatmessage-uberskitty"><strong style="color:hsl(74,64%,33%)"><small>☆</small><span class="username" data-name="UberSkitty">UberSkitty</span>:</strong> <em>welp</em></div><div class="chat chatmessage-uberskitty"><strong style="color:hsl(74,64%,33%)"><small>☆</small><span class="username" data-name="UberSkitty">UberSkitty</span>:</strong> <em>gg</em></div><div class="spacer battle-history"><br></div><div class="battle-history">Go! NURDDD (<strong>Camerupt</strong>)!<br></div><div class="battle-history"><small>NURDDD was caught in a sticky web!</small><br></div><div class="battle-history"><small>NURDDD's Speed fell!</small><br></div><div class="spacer battle-history"><br></div><h2 class="battle-history">Turn 13</h2><div class="spacer battle-history"><br></div><div class="battle-history">The opposing Camerupt used <strong>Earth Power</strong>!<br></div><div class="battle-history"><small>It's super effective!</small><br></div><div class="battle-history"><small>A critical hit!</small><br></div><div class="battle-history"><small>(NURDDD lost <abbr title="−218/344">63.4%</abbr> of its health!)</small><br></div><div class="spacer battle-history"><br></div><div class="battle-history">NURDDD fainted!<br></div><div class="spacer battle-history"><br></div><div class="battle-history"><strong>Ash KetchumGamer</strong> won the battle!<br></div><div class="chat"><small>Ash KetchumGamer left.</small></div><div class="chat"><small>UberSkitty left.</small></div><div class="chat"><small>Ash KetchumGamer joined.</small></div></div><div class="inner-preempt"></div></div></div>
</div>
<script>
let daily = Math.floor(Date.now()/1000/60/60/24);document.write('<script src="https://play.pokemonshowdown.com/js/replay-embed.js?version'+daily+'"></'+'script>');
</script>
