<!DOCTYPE html>
<meta charset="utf-8" />
<!-- version 1 -->
<title>PU replay: shxdowgengar vs. TROLLMYtrain</title>
<style>
html,body {font-family:Verdana, sans-serif;font-size:10pt;margin:0;padding:0;}body{padding:12px 0;} .battle-log {font-family:Verdana, sans-serif;font-size:10pt;} .battle-log-inline {border:1px solid #AAAAAA;background:#EEF2F5;color:black;max-width:640px;margin:0 auto 80px;padding-bottom:5px;} .battle-log .inner {padding:4px 8px 0px 8px;} .battle-log .inner-preempt {padding:0 8px 4px 8px;} .battle-log .inner-after {margin-top:0.5em;} .battle-log h2 {margin:0.5em -8px;padding:4px 8px;border:1px solid #AAAAAA;background:#E0E7EA;border-left:0;border-right:0;font-family:Verdana, sans-serif;font-size:13pt;} .battle-log .chat {vertical-align:middle;padding:3px 0 3px 0;font-size:8pt;} .battle-log .chat strong {color:#40576A;} .battle-log .chat em {padding:1px 4px 1px 3px;color:#000000;font-style:normal;} .chat.mine {background:rgba(0,0,0,0.05);margin-left:-8px;margin-right:-8px;padding-left:8px;padding-right:8px;} .spoiler {color:#BBBBBB;background:#BBBBBB;padding:0px 3px;} .spoiler:hover, .spoiler:active, .spoiler-shown {color:#000000;background:#E2E2E2;padding:0px 3px;} .spoiler a {color:#BBBBBB;} .spoiler:hover a, .spoiler:active a, .spoiler-shown a {color:#2288CC;} .chat code, .chat .spoiler:hover code, .chat .spoiler:active code, .chat .spoiler-shown code {border:1px solid #C0C0C0;background:#EEEEEE;color:black;padding:0 2px;} .chat .spoiler code {border:1px solid #CCCCCC;background:#CCCCCC;color:#CCCCCC;} .battle-log .rated {padding:3px 4px;} .battle-log .rated strong {color:white;background:#89A;padding:1px 4px;border-radius:4px;} .spacer {margin-top:0.5em;} .message-announce {background:#6688AA;color:white;padding:1px 4px 2px;} .message-announce a, .broadcast-green a, .broadcast-blue a, .broadcast-red a {color:#DDEEFF;} .broadcast-green {background-color:#559955;color:white;padding:2px 4px;} .broadcast-blue {background-color:#6688AA;color:white;padding:2px 4px;} .infobox {border:1px solid #6688AA;padding:2px 4px;} .infobox-limited {max-height:200px;overflow:auto;overflow-x:hidden;} .broadcast-red {background-color:#AA5544;color:white;padding:2px 4px;} .message-learn-canlearn {font-weight:bold;color:#228822;text-decoration:underline;} .message-learn-cannotlearn {font-weight:bold;color:#CC2222;text-decoration:underline;} .message-effect-weak {font-weight:bold;color:#CC2222;} .message-effect-resist {font-weight:bold;color:#6688AA;} .message-effect-immune {font-weight:bold;color:#666666;} .message-learn-list {margin-top:0;margin-bottom:0;} .message-throttle-notice, .message-error {color:#992222;} .message-overflow, .chat small.message-overflow {font-size:0pt;} .message-overflow::before {font-size:9pt;content:'...';} .subtle {color:#3A4A66;}
</style>
<div class="wrapper replay-wrapper" style="max-width:1180px;margin:0 auto">
<input type="hidden" name="replayid" value="pu-559470349" />
<div class="battle"></div><div class="battle-log"></div><div class="replay-controls"></div><div class="replay-controls-2"></div>
<h1 style="font-weight:normal;text-align:center"><strong>PU</strong><br /><a href="http://pokemonshowdown.com/users/shxdowgengar" class="subtle" target="_blank">shxdowgengar</a> vs. <a href="http://pokemonshowdown.com/users/trollmytrain" class="subtle" target="_blank">TROLLMYtrain</a></h1>
<script type="text/plain" class="battle-log-data">|j|shxdowgengar
|j|TROLLMYtrain
|player|p1|shxdowgengar|102
|player|p2|TROLLMYtrain|290
|gametype|singles
|gen|6
|tier|PU
|rated
|seed|23017,29846,16996,50646
|rule|Sleep Clause Mod: Limit one foe put to sleep
|rule|Species Clause: Limit one of each Pokémon
|rule|OHKO Clause: OHKO moves are banned
|rule|Moody Clause: Moody is banned
|rule|Evasion Moves Clause: Evasion moves are banned
|rule|Endless Battle Clause: Forcing endless battles is banned
|rule|HP Percentage Mod: HP is shown in percentages
|clearpoke
|poke|p1|Electrode, shiny|item
|poke|p1|Regice, shiny|item
|poke|p1|Muk, M, shiny|item
|poke|p1|Gothitelle, F, shiny|item
|poke|p1|Flareon, M, shiny|item
|poke|p1|Armaldo, M, shiny|item
|poke|p2|Tangela, F|item
|poke|p2|Armaldo, F|item
|poke|p2|Beheeyem, F|item
|poke|p2|Zebstrika, F|item
|poke|p2|Slaking, F|item
|poke|p2|Gorebyss, F|item
|rule|Swagger Clause: Swagger is banned
|rule|Baton Pass Clause: Limit one Baton Passer, can't pass Spe and other stats simultaneously
|teampreview
|choice|team 3, team 2, team 1, team 4, team 5, team 6|team 2, team 1, team 3, team 4, team 5, team 6
|
|start
|switch|p1a: The Gunk|Muk, M, shiny|365\/365
|switch|p2a: Armaldo|Armaldo, F|354\/354
|turn|1
|c|☆shxdowgengar|gl
|choice|move brickbreak|move stealthrock
|
|move|p1a: The Gunk|Brick Break|p2a: Armaldo
|-damage|p2a: Armaldo|273\/354
|-damage|p1a: The Gunk|329\/365|[from] item: Life Orb
|cant|p2a: Armaldo|flinch
|
|-heal|p2a: Armaldo|295\/354|[from] item: Leftovers
|upkeep
|turn|2
|choice|move gunkshot|move stealthrock
|
|move|p1a: The Gunk|Gunk Shot|p2a: Armaldo
|-resisted|p2a: Armaldo
|-damage|p2a: Armaldo|196\/354
|-status|p2a: Armaldo|psn
|-damage|p1a: The Gunk|293\/365|[from] item: Life Orb
|move|p2a: Armaldo|Stealth Rock|p1a: The Gunk
|-sidestart|p1: shxdowgengar|move: Stealth Rock
|
|-heal|p2a: Armaldo|218\/354 psn|[from] item: Leftovers
|-damage|p2a: Armaldo|174\/354 psn|[from] psn
|upkeep
|turn|3
|choice|switch 6|move stoneedge
|
|switch|p1a: Under Armor|Armaldo, M, shiny|354\/354
|-damage|p1a: Under Armor|266\/354|[from] Stealth Rock
|move|p2a: Armaldo|Stone Edge|p1a: Under Armor
|-supereffective|p1a: Under Armor
|-damage|p1a: Under Armor|0 fnt
|faint|p1a: Under Armor
|
|-heal|p2a: Armaldo|196\/354 psn|[from] item: Leftovers
|-damage|p2a: Armaldo|152\/354 psn|[from] psn
|upkeep
|choice|switch 6|
|
|switch|p1a: The Gunk|Muk, M, shiny|293\/365
|-damage|p1a: The Gunk|248\/365|[from] Stealth Rock
|turn|4
|choice|move brickbreak|move stoneedge
|
|move|p1a: The Gunk|Brick Break|p2a: Armaldo
|-damage|p2a: Armaldo|68\/354 psn
|-damage|p1a: The Gunk|212\/365|[from] item: Life Orb
|move|p2a: Armaldo|Stone Edge|p1a: The Gunk
|-damage|p1a: The Gunk|43\/365
|
|-heal|p2a: Armaldo|90\/354 psn|[from] item: Leftovers
|-damage|p2a: Armaldo|46\/354 psn|[from] psn
|upkeep
|turn|5
|choice|move gunkshot|move knockoff
|
|move|p1a: The Gunk|Gunk Shot|p2a: Armaldo
|-resisted|p2a: Armaldo
|-damage|p2a: Armaldo|0 fnt
|-damage|p1a: The Gunk|7\/365|[from] item: Life Orb
|faint|p2a: Armaldo
|
|upkeep
|choice||switch 4
|
|switch|p2a: Zebstrika|Zebstrika, F|291\/291
|turn|6
|choice|move rockslide|move voltswitch
|
|move|p2a: Zebstrika|Volt Switch|p1a: The Gunk
|-damage|p1a: The Gunk|0 fnt
|-damage|p2a: Zebstrika|262\/291|[from] item: Life Orb
|faint|p1a: The Gunk
|choice||switch 3
|
|switch|p2a: Beheeyem|Beheeyem, F|353\/353
|
|upkeep
|choice|switch 4|
|
|switch|p1a: Gypsy Lady|Gothitelle, F, shiny|293\/293
|-damage|p1a: Gypsy Lady|257\/293|[from] Stealth Rock
|turn|7
|choice|move darkpulse|move signalbeam
|
|move|p1a: Gypsy Lady|Dark Pulse|p2a: Beheeyem
|-supereffective|p2a: Beheeyem
|-damage|p2a: Beheeyem|213\/353
|-damage|p1a: Gypsy Lady|228\/293|[from] item: Life Orb
|move|p2a: Beheeyem|Signal Beam|p1a: Gypsy Lady
|-supereffective|p1a: Gypsy Lady
|-damage|p1a: Gypsy Lady|46\/293
|
|upkeep
|turn|8
|choice|move darkpulse|switch 2
|
|switch|p2a: Tangela|Tangela, F|333\/333
|move|p1a: Gypsy Lady|Dark Pulse|p2a: Tangela
|-damage|p2a: Tangela|246\/333
|-damage|p1a: Gypsy Lady|17\/293|[from] item: Life Orb
|
|upkeep
|turn|9
|choice|switch 5|move synthesis
|
|switch|p1a: Flare|Flareon, M, shiny|334\/334
|-damage|p1a: Flare|251\/334|[from] Stealth Rock
|move|p2a: Tangela|Synthesis|p2a: Tangela
|-heal|p2a: Tangela|333\/333
|
|upkeep
|turn|10
|choice|move flareblitz|switch 5
|
|switch|p2a: Slaking|Slaking, F|441\/441
|move|p1a: Flare|Flare Blitz|p2a: Slaking
|-damage|p2a: Slaking|164\/441
|-damage|p1a: Flare|160\/334|[from] recoil|[of] p2a: Slaking
|-damage|p1a: Flare|127\/334|[from] item: Life Orb
|
|upkeep
|turn|11
|choice|move superpower|move retaliate
|
|move|p2a: Slaking|Retaliate|p1a: Flare
|-damage|p1a: Flare|0 fnt
|faint|p1a: Flare
|
|upkeep
|choice|switch 2|
|
|switch|p1a: Crystal|Regice, shiny|363\/363
|-damage|p1a: Crystal|273\/363|[from] Stealth Rock
|turn|12
|choice|move thunderbolt|switch 2
|
|switch|p2a: Beheeyem|Beheeyem, F|213\/353
|move|p1a: Crystal|Thunderbolt|p2a: Beheeyem
|-damage|p2a: Beheeyem|151\/353
|
|upkeep
|turn|13
|choice|move icebeam|move psychic
|
|move|p1a: Crystal|Ice Beam|p2a: Beheeyem
|-damage|p2a: Beheeyem|54\/353
|move|p2a: Beheeyem|Psychic|p1a: Crystal
|-damage|p1a: Crystal|164\/363
|
|upkeep
|turn|14
|choice|move earthquake|move psychic
|
|move|p1a: Crystal|Earthquake|p2a: Beheeyem
|-damage|p2a: Beheeyem|0 fnt
|faint|p2a: Beheeyem
|
|upkeep
|choice||switch 3
|
|switch|p2a: Zebstrika|Zebstrika, F|262\/291
|turn|15
|choice|move earthquake|move overheat
|
|move|p2a: Zebstrika|Overheat|p1a: Crystal
|-supereffective|p1a: Crystal
|-damage|p1a: Crystal|18\/363
|-unboost|p2a: Zebstrika|spa|2
|-damage|p2a: Zebstrika|233\/291|[from] item: Life Orb
|move|p1a: Crystal|Earthquake|p2a: Zebstrika
|-supereffective|p2a: Zebstrika
|-damage|p2a: Zebstrika|121\/291
|
|upkeep
|turn|16
|choice|switch 3|move voltswitch
|
|switch|p1a: Bolt|Electrode, shiny|261\/261
|-damage|p1a: Bolt|229\/261|[from] Stealth Rock
|move|p2a: Zebstrika|Volt Switch|p1a: Bolt
|-resisted|p1a: Bolt
|-damage|p1a: Bolt|197\/261
|-damage|p2a: Zebstrika|92\/291|[from] item: Life Orb
|choice||switch 2
|
|switch|p2a: Slaking|Slaking, F|164\/441
|
|-heal|p1a: Bolt|213\/261|[from] item: Leftovers
|upkeep
|turn|17
|c|☆shxdowgengar|if you expect me to forfeit i won't
|choice|move discharge|move earthquake
|
|move|p2a: Slaking|Earthquake|p1a: Bolt
|-supereffective|p1a: Bolt
|-damage|p1a: Bolt|0 fnt
|faint|p1a: Bolt
|
|upkeep
|c|☆shxdowgengar|you can't wait me out man
|choice|switch 3|
|
|switch|p1a: Crystal|Regice, shiny|18\/363
|-damage|p1a: Crystal|0 fnt|[from] Stealth Rock
|faint|p1a: Crystal
|choice|switch 5|
|
|switch|p1a: Gypsy Lady|Gothitelle, F, shiny|17\/293
|-damage|p1a: Gypsy Lady|0 fnt|[from] Stealth Rock
|faint|p1a: Gypsy Lady
|
|win|TROLLMYtrain
|raw|shxdowgengar's rating: 1019 &rarr; <strong>1008<\/strong><br \/>(-11 for losing)
|raw|TROLLMYtrain's rating: 1082 &rarr; <strong>1105<\/strong><br \/>(+23 for winning)</script>
</div>
<div class="battle-log battle-log-inline"><div class="inner"><div class="battle-options"></div><div class="inner"><div class="chat"><small>shxdowgengar joined.</small></div><div class="chat"><small>TROLLMYtrain joined.</small></div><div class=""><small>Format:</small> <br><strong>PU</strong></div><div class="rated"><strong>Rated battle</strong></div><div class=""><small><em>Sleep Clause Mod:</em> Limit one foe put to sleep</small></div><div class=""><small><em>Species Clause:</em> Limit one of each Pokémon</small></div><div class=""><small><em>OHKO Clause:</em> OHKO moves are banned</small></div><div class=""><small><em>Moody Clause:</em> Moody is banned</small></div><div class=""><small><em>Evasion Moves Clause:</em> Evasion moves are banned</small></div><div class=""><small><em>Endless Battle Clause:</em> Forcing endless battles is banned</small></div><div class=""><small><em>HP Percentage Mod:</em> HP is shown in percentages</small></div><div class=""><small><em>Swagger Clause:</em> Swagger is banned</small></div><div class=""><small><em>Baton Pass Clause:</em> Limit one Baton Passer, can't pass Spe and other stats simultaneously</small></div><div class="chat battle-history"><strong>shxdowgengar's team:</strong> <em style="color:#445566;display:block;">Electrode / Regice / Muk / Gothitelle / Flareon / Armaldo</em></div><div class="chat battle-history"><strong>TROLLMYtrain's team:</strong> <em style="color:#445566;display:block;">Tangela / Armaldo / Beheeyem / Zebstrika / Slaking / Gorebyss</em></div><div class="spacer battle-history"><br></div><div class="battle-history">Battle started between shxdowgengar and TROLLMYtrain!<br></div><div class="spacer battle-history"><br></div><div class="battle-history">Go! The Gunk (<strong>Muk</strong>)!<br></div><div class="spacer battle-history"><br></div><div class="battle-history">TROLLMYtrain sent out <strong>Armaldo</strong>!<br></div><div class="spacer battle-history"><br></div><h2 class="battle-history">Turn 1</h2><div class="chat chatmessage-shxdowgengar"><strong style="color:hsl(242,48%,61.78211835801983%)"><small>☆</small><span class="username" data-name="shxdowgengar">shxdowgengar</span>:</strong> <em>gl</em></div><div class="spacer battle-history"><br></div><div class="battle-history">The Gunk used <strong>Brick Break</strong>!<br></div><div class="battle-history"><small>(The opposing Armaldo lost <abbr title="−81/354">22.9%</abbr> of its health!)</small><br></div><div class="battle-history"><small>The Gunk lost some of its HP!</small><br></div><div class="spacer battle-history"><br></div><div class="battle-history">The opposing Armaldo flinched and couldn't move!<br></div><div class="spacer battle-history"><br></div><div class="battle-history"><small>The opposing Armaldo restored a little HP using its Leftovers!</small><br></div><div class="spacer battle-history"><br></div><h2 class="battle-history">Turn 2</h2><div class="spacer battle-history"><br></div><div class="battle-history">The Gunk used <strong>Gunk Shot</strong>!<br></div><div class="battle-history"><small>It's not very effective...</small><br></div><div class="battle-history"><small>(The opposing Armaldo lost <abbr title="−99/354">28.0%</abbr> of its health!)</small><br></div><div class="battle-history"><small>The opposing Armaldo was poisoned!</small><br></div><div class="battle-history"><small>The Gunk lost some of its HP!</small><br></div><div class="spacer battle-history"><br></div><div class="battle-history">The opposing Armaldo used <strong>Stealth Rock</strong>!<br></div><div class="battle-history"><small>Pointed stones float in the air around your team!</small><br></div><div class="spacer battle-history"><br></div><div class="battle-history"><small>The opposing Armaldo restored a little HP using its Leftovers!</small><br></div><div class="battle-history"><small>The opposing Armaldo was hurt by poison!</small><br></div><div class="spacer battle-history"><br></div><h2 class="battle-history">Turn 3</h2><div class="spacer battle-history"><br></div><div class="battle-history">The Gunk, come back!<br></div><div class="battle-history">Go! Under Armor (<strong>Armaldo</strong>)!<br></div><div class="battle-history"><small>Pointed stones dug into Under Armor!</small><br></div><div class="spacer battle-history"><br></div><div class="battle-history">The opposing Armaldo used <strong>Stone Edge</strong>!<br></div><div class="battle-history"><small>It's super effective!</small><br></div><div class="battle-history"><small>(Under Armor lost <abbr title="−266/354">75.1%</abbr> of its health!)</small><br></div><div class="spacer battle-history"><br></div><div class="battle-history">Under Armor fainted!<br></div><div class="spacer battle-history"><br></div><div class="battle-history"><small>The opposing Armaldo restored a little HP using its Leftovers!</small><br></div><div class="battle-history"><small>The opposing Armaldo was hurt by poison!</small><br></div><div class="spacer battle-history"><br></div><div class="battle-history">Go! The Gunk (<strong>Muk</strong>)!<br></div><div class="battle-history"><small>Pointed stones dug into The Gunk!</small><br></div><div class="spacer battle-history"><br></div><h2 class="battle-history">Turn 4</h2><div class="spacer battle-history"><br></div><div class="battle-history">The Gunk used <strong>Brick Break</strong>!<br></div><div class="battle-history"><small>(The opposing Armaldo lost <abbr title="−84/354">23.7%</abbr> of its health!)</small><br></div><div class="battle-history"><small>The Gunk lost some of its HP!</small><br></div><div class="spacer battle-history"><br></div><div class="battle-history">The opposing Armaldo used <strong>Stone Edge</strong>!<br></div><div class="battle-history"><small>(The Gunk lost <abbr title="−169/365">46.3%</abbr> of its health!)</small><br></div><div class="spacer battle-history"><br></div><div class="battle-history"><small>The opposing Armaldo restored a little HP using its Leftovers!</small><br></div><div class="battle-history"><small>The opposing Armaldo was hurt by poison!</small><br></div><div class="spacer battle-history"><br></div><h2 class="battle-history">Turn 5</h2><div class="spacer battle-history"><br></div><div class="battle-history">The Gunk used <strong>Gunk Shot</strong>!<br></div><div class="battle-history"><small>It's not very effective...</small><br></div><div class="battle-history"><small>(The opposing Armaldo lost <abbr title="−46/354">13.0%</abbr> of its health!)</small><br></div><div class="battle-history"><small>The Gunk lost some of its HP!</small><br></div><div class="spacer battle-history"><br></div><div class="battle-history">The opposing Armaldo fainted!<br></div><div class="spacer battle-history"><br></div><div class="battle-history">TROLLMYtrain sent out <strong>Zebstrika</strong>!<br></div><div class="spacer battle-history"><br></div><h2 class="battle-history">Turn 6</h2><div class="spacer battle-history"><br></div><div class="battle-history">The opposing Zebstrika used <strong>Volt Switch</strong>!<br></div><div class="battle-history"><small>(The Gunk lost <abbr title="−7/365">1.9%</abbr> of its health!)</small><br></div><div class="battle-history"><small>The opposing Zebstrika lost some of its HP!</small><br></div><div class="spacer battle-history"><br></div><div class="battle-history">The Gunk fainted!<br></div><div class="spacer battle-history"><br></div><div class="battle-history">The opposing Zebstrika went back to TROLLMYtrain!<br></div><div class="battle-history">TROLLMYtrain sent out <strong>Beheeyem</strong>!<br></div><div class="spacer battle-history"><br></div><div class="battle-history">Go! Gypsy Lady (<strong>Gothitelle</strong>)!<br></div><div class="battle-history"><small>Pointed stones dug into Gypsy Lady!</small><br></div><div class="spacer battle-history"><br></div><h2 class="battle-history">Turn 7</h2><div class="spacer battle-history"><br></div><div class="battle-history">Gypsy Lady used <strong>Dark Pulse</strong>!<br></div><div class="battle-history"><small>It's super effective!</small><br></div><div class="battle-history"><small>(The opposing Beheeyem lost <abbr title="−140/353">39.7%</abbr> of its health!)</small><br></div><div class="battle-history"><small>Gypsy Lady lost some of its HP!</small><br></div><div class="spacer battle-history"><br></div><div class="battle-history">The opposing Beheeyem used <strong>Signal Beam</strong>!<br></div><div class="battle-history"><small>It's super effective!</small><br></div><div class="battle-history"><small>(Gypsy Lady lost <abbr title="−182/293">62.1%</abbr> of its health!)</small><br></div><div class="spacer battle-history"><br></div><h2 class="battle-history">Turn 8</h2><div class="spacer battle-history"><br></div><div class="battle-history">TROLLMYtrain withdrew Beheeyem!<br></div><div class="battle-history">TROLLMYtrain sent out <strong>Tangela</strong>!<br></div><div class="spacer battle-history"><br></div><div class="battle-history">Gypsy Lady used <strong>Dark Pulse</strong>!<br></div><div class="battle-history"><small>(The opposing Tangela lost <abbr title="−87/333">26.1%</abbr> of its health!)</small><br></div><div class="battle-history"><small>Gypsy Lady lost some of its HP!</small><br></div><div class="spacer battle-history"><br></div><h2 class="battle-history">Turn 9</h2><div class="spacer battle-history"><br></div><div class="battle-history">Gypsy Lady, come back!<br></div><div class="battle-history">Go! Flare (<strong>Flareon</strong>)!<br></div><div class="battle-history"><small>Pointed stones dug into Flare!</small><br></div><div class="spacer battle-history"><br></div><div class="battle-history">The opposing Tangela used <strong>Synthesis</strong>!<br></div><div class="battle-history"><small>The opposing Tangela restored its HP.</small><br></div><div class="spacer battle-history"><br></div><h2 class="battle-history">Turn 10</h2><div class="spacer battle-history"><br></div><div class="battle-history">TROLLMYtrain withdrew Tangela!<br></div><div class="battle-history">TROLLMYtrain sent out <strong>Slaking</strong>!<br></div><div class="spacer battle-history"><br></div><div class="battle-history">Flare used <strong>Flare Blitz</strong>!<br></div><div class="battle-history"><small>(The opposing Slaking lost <abbr title="−277/441">62.8%</abbr> of its health!)</small><br></div><div class="battle-history"><small>Flare is damaged by the recoil!</small><br></div><div class="battle-history"><small>Flare lost some of its HP!</small><br></div><div class="spacer battle-history"><br></div><h2 class="battle-history">Turn 11</h2><div class="spacer battle-history"><br></div><div class="battle-history">The opposing Slaking used <strong>Retaliate</strong>!<br></div><div class="battle-history"><small>(Flare lost <abbr title="−127/334">38.0%</abbr> of its health!)</small><br></div><div class="spacer battle-history"><br></div><div class="battle-history">Flare fainted!<br></div><div class="spacer battle-history"><br></div><div class="battle-history">Go! Crystal (<strong>Regice</strong>)!<br></div><div class="battle-history"><small>Pointed stones dug into Crystal!</small><br></div><div class="spacer battle-history"><br></div><h2 class="battle-history">Turn 12</h2><div class="spacer battle-history"><br></div><div class="battle-history">TROLLMYtrain withdrew Slaking!<br></div><div class="battle-history">TROLLMYtrain sent out <strong>Beheeyem</strong>!<br></div><div class="spacer battle-history"><br></div><div class="battle-history">Crystal used <strong>Thunderbolt</strong>!<br></div><div class="battle-history"><small>(The opposing Beheeyem lost <abbr title="−62/353">17.6%</abbr> of its health!)</small><br></div><div class="spacer battle-history"><br></div><h2 class="battle-history">Turn 13</h2><div class="spacer battle-history"><br></div><div class="battle-history">Crystal used <strong>Ice Beam</strong>!<br></div><div class="battle-history"><small>(The opposing Beheeyem lost <abbr title="−97/353">27.5%</abbr> of its health!)</small><br></div><div class="spacer battle-history"><br></div><div class="battle-history">The opposing Beheeyem used <strong>Psychic</strong>!<br></div><div class="battle-history"><small>(Crystal lost <abbr title="−109/363">30.0%</abbr> of its health!)</small><br></div><div class="spacer battle-history"><br></div><h2 class="battle-history">Turn 14</h2><div class="spacer battle-history"><br></div><div class="battle-history">Crystal used <strong>Earthquake</strong>!<br></div><div class="battle-history"><small>(The opposing Beheeyem lost <abbr title="−54/353">15.3%</abbr> of its health!)</small><br></div><div class="spacer battle-history"><br></div><div class="battle-history">The opposing Beheeyem fainted!<br></div><div class="spacer battle-history"><br></div><div class="battle-history">TROLLMYtrain sent out <strong>Zebstrika</strong>!<br></div><div class="spacer battle-history"><br></div><h2 class="battle-history">Turn 15</h2><div class="spacer battle-history"><br></div><div class="battle-history">The opposing Zebstrika used <strong>Overheat</strong>!<br></div><div class="battle-history"><small>It's super effective!</small><br></div><div class="battle-history"><small>(Crystal lost <abbr title="−146/363">40.2%</abbr> of its health!)</small><br></div><div class="battle-history"><small>The opposing Zebstrika's Special Attack fell harshly!</small><br></div><div class="battle-history"><small>The opposing Zebstrika lost some of its HP!</small><br></div><div class="spacer battle-history"><br></div><div class="battle-history">Crystal used <strong>Earthquake</strong>!<br></div><div class="battle-history"><small>It's super effective!</small><br></div><div class="battle-history"><small>(The opposing Zebstrika lost <abbr title="−112/291">38.5%</abbr> of its health!)</small><br></div><div class="spacer battle-history"><br></div><h2 class="battle-history">Turn 16</h2><div class="spacer battle-history"><br></div><div class="battle-history">Crystal, come back!<br></div><div class="battle-history">Go! Bolt (<strong>Electrode</strong>)!<br></div><div class="battle-history"><small>Pointed stones dug into Bolt!</small><br></div><div class="spacer battle-history"><br></div><div class="battle-history">The opposing Zebstrika used <strong>Volt Switch</strong>!<br></div><div class="battle-history"><small>It's not very effective...</small><br></div><div class="battle-history"><small>(Bolt lost <abbr title="−32/261">12.3%</abbr> of its health!)</small><br></div><div class="battle-history"><small>The opposing Zebstrika lost some of its HP!</small><br></div><div class="spacer battle-history"><br></div><div class="battle-history">The opposing Zebstrika went back to TROLLMYtrain!<br></div><div class="battle-history">TROLLMYtrain sent out <strong>Slaking</strong>!<br></div><div class="spacer battle-history"><br></div><div class="battle-history"><small>Bolt restored a little HP using its Leftovers!</small><br></div><div class="spacer battle-history"><br></div><h2 class="battle-history">Turn 17</h2><div class="chat chatmessage-shxdowgengar"><strong style="color:hsl(242,48%,61.78211835801983%)"><small>☆</small><span class="username" data-name="shxdowgengar">shxdowgengar</span>:</strong> <em>if you expect me to forfeit i won't</em></div><div class="spacer battle-history"><br></div><div class="battle-history">The opposing Slaking used <strong>Earthquake</strong>!<br></div><div class="battle-history"><small>It's super effective!</small><br></div><div class="battle-history"><small>(Bolt lost <abbr title="−213/261">81.6%</abbr> of its health!)</small><br></div><div class="spacer battle-history"><br></div><div class="battle-history">Bolt fainted!<br></div><div class="chat chatmessage-shxdowgengar"><strong style="color:hsl(242,48%,61.78211835801983%)"><small>☆</small><span class="username" data-name="shxdowgengar">shxdowgengar</span>:</strong> <em>you can't wait me out man</em></div><div class="spacer battle-history"><br></div><div class="battle-history">Go! Crystal (<strong>Regice</strong>)!<br></div><div class="battle-history"><small>Pointed stones dug into Crystal!</small><br></div><div class="spacer battle-history"><br></div><div class="battle-history">Crystal fainted!<br></div><div class="spacer battle-history"><br></div><div class="battle-history">Go! Gypsy Lady (<strong>Gothitelle</strong>)!<br></div><div class="battle-history"><small>Pointed stones dug into Gypsy Lady!</small><br></div><div class="spacer battle-history"><br></div><div class="battle-history">Gypsy Lady fainted!<br></div><div class="spacer battle-history"><br></div><div class="battle-history"><strong>TROLLMYtrain</strong> won the battle!<br></div><div class="chat">shxdowgengar's rating: 1019 → <strong>1008</strong><br>(-11 for losing)</div><div class="chat">TROLLMYtrain's rating: 1082 → <strong>1105</strong><br>(+23 for winning)</div></div><div class="inner-preempt"></div></div></div>
</div>
<script>
let daily = Math.floor(Date.now()/1000/60/60/24);document.write('<script src="https://play.pokemonshowdown.com/js/replay-embed.js?version'+daily+'"></'+'script>');
</script>
