<!DOCTYPE html>
<meta charset="utf-8" />
<!-- version 1 -->
<title>PU replay: One with Hax vs. grumpig</title>
<style>
html,body {font-family:Verdana, sans-serif;font-size:10pt;margin:0;padding:0;}body{padding:12px 0;} .battle-log {font-family:Verdana, sans-serif;font-size:10pt;} .battle-log-inline {border:1px solid #AAAAAA;background:#EEF2F5;color:black;max-width:640px;margin:0 auto 80px;padding-bottom:5px;} .battle-log .inner {padding:4px 8px 0px 8px;} .battle-log .inner-preempt {padding:0 8px 4px 8px;} .battle-log .inner-after {margin-top:0.5em;} .battle-log h2 {margin:0.5em -8px;padding:4px 8px;border:1px solid #AAAAAA;background:#E0E7EA;border-left:0;border-right:0;font-family:Verdana, sans-serif;font-size:13pt;} .battle-log .chat {vertical-align:middle;padding:3px 0 3px 0;font-size:8pt;} .battle-log .chat strong {color:#40576A;} .battle-log .chat em {padding:1px 4px 1px 3px;color:#000000;font-style:normal;} .chat.mine {background:rgba(0,0,0,0.05);margin-left:-8px;margin-right:-8px;padding-left:8px;padding-right:8px;} .spoiler {color:#BBBBBB;background:#BBBBBB;padding:0px 3px;} .spoiler:hover, .spoiler:active, .spoiler-shown {color:#000000;background:#E2E2E2;padding:0px 3px;} .spoiler a {color:#BBBBBB;} .spoiler:hover a, .spoiler:active a, .spoiler-shown a {color:#2288CC;} .chat code, .chat .spoiler:hover code, .chat .spoiler:active code, .chat .spoiler-shown code {border:1px solid #C0C0C0;background:#EEEEEE;color:black;padding:0 2px;} .chat .spoiler code {border:1px solid #CCCCCC;background:#CCCCCC;color:#CCCCCC;} .battle-log .rated {padding:3px 4px;} .battle-log .rated strong {color:white;background:#89A;padding:1px 4px;border-radius:4px;} .spacer {margin-top:0.5em;} .message-announce {background:#6688AA;color:white;padding:1px 4px 2px;} .message-announce a, .broadcast-green a, .broadcast-blue a, .broadcast-red a {color:#DDEEFF;} .broadcast-green {background-color:#559955;color:white;padding:2px 4px;} .broadcast-blue {background-color:#6688AA;color:white;padding:2px 4px;} .infobox {border:1px solid #6688AA;padding:2px 4px;} .infobox-limited {max-height:200px;overflow:auto;overflow-x:hidden;} .broadcast-red {background-color:#AA5544;color:white;padding:2px 4px;} .message-learn-canlearn {font-weight:bold;color:#228822;text-decoration:underline;} .message-learn-cannotlearn {font-weight:bold;color:#CC2222;text-decoration:underline;} .message-effect-weak {font-weight:bold;color:#CC2222;} .message-effect-resist {font-weight:bold;color:#6688AA;} .message-effect-immune {font-weight:bold;color:#666666;} .message-learn-list {margin-top:0;margin-bottom:0;} .message-throttle-notice, .message-error {color:#992222;} .message-overflow, .chat small.message-overflow {font-size:0pt;} .message-overflow::before {font-size:9pt;content:'...';} .subtle {color:#3A4A66;}
</style>
<div class="wrapper replay-wrapper" style="max-width:1180px;margin:0 auto">
<input type="hidden" name="replayid" value="pu-554506246" />
<div class="battle"></div><div class="battle-log"></div><div class="replay-controls"></div><div class="replay-controls-2"></div>
<h1 style="font-weight:normal;text-align:center"><strong>PU</strong><br /><a href="http://pokemonshowdown.com/users/onewithhax" class="subtle" target="_blank">One with Hax</a> vs. <a href="http://pokemonshowdown.com/users/grumpig" class="subtle" target="_blank">grumpig</a></h1>
<script type="text/plain" class="battle-log-data">|j|One with Hax
|j|grumpig
|player|p1|One with Hax|1
|player|p2|grumpig|5
|gametype|singles
|gen|6
|tier|PU
|rated
|seed|6043,34377,64166,2636
|rule|Sleep Clause Mod: Limit one foe put to sleep
|rule|Species Clause: Limit one of each Pokémon
|rule|OHKO Clause: OHKO moves are banned
|rule|Moody Clause: Moody is banned
|rule|Evasion Moves Clause: Evasion moves are banned
|rule|Endless Battle Clause: Forcing endless battles is banned
|rule|HP Percentage Mod: HP is shown in percentages
|clearpoke
|poke|p1|Monferno, F|item
|poke|p1|Grumpig, F|item
|poke|p1|Meditite, M|item
|poke|p1|Stunfisk, M|item
|poke|p1|Rotom-Frost|item
|poke|p1|Tangela, F|item
|poke|p2|Leafeon, M|item
|poke|p2|Dodrio, M|item
|poke|p2|Grumpig, F|item
|poke|p2|Lumineon, M|item
|poke|p2|Zebstrika, F|item
|poke|p2|Golem, M|item
|rule|Swagger Clause: Swagger is banned
|rule|Baton Pass Clause: Limit one Baton Passer, can't pass Spe and other stats simultaneously
|teampreview
|c|☆grumpig|grumpig the real mon here
|c|☆grumpig|don't even lnie
|j|PokemonMasterTJ
|c|☆grumpig|lie*
|c|☆grumpig|fuck
|choice|team 3, team 2, team 1, team 4, team 5, team 6|team 5, team 2, team 3, team 4, team 1, team 6
|
|start
|switch|p1a: Meditite|Meditite, M|211\/211
|switch|p2a: Zebstrika|Zebstrika, F|289\/289
|turn|1
|choice|move highjumpkick|switch 3
|
|switch|p2a: Grumpig|Grumpig, F|321\/321
|move|p1a: Meditite|High Jump Kick|p2a: Grumpig
|-resisted|p2a: Grumpig
|-damage|p2a: Grumpig|153\/321
|
|upkeep
|turn|2
|choice|move highjumpkick|move psychic
|
|move|p2a: Grumpig|Psychic|p1a: Meditite
|-damage|p1a: Meditite|87\/211
|move|p1a: Meditite|High Jump Kick|p2a: Grumpig
|-resisted|p2a: Grumpig
|-damage|p2a: Grumpig|0 fnt
|faint|p2a: Grumpig
|
|upkeep
|choice||switch 2
|
|switch|p2a: Dodrio|Dodrio, M|261\/261
|turn|3
|choice|switch 4|move bravebird
|
|switch|p1a: Stunfisk|Stunfisk, M|421\/421
|move|p2a: Dodrio|Brave Bird|p1a: Stunfisk
|-resisted|p1a: Stunfisk
|-damage|p1a: Stunfisk|340\/421
|-damage|p2a: Dodrio|234\/261|[from] recoil|[of] p1a: Stunfisk
|
|-heal|p1a: Stunfisk|366\/421|[from] item: Leftovers
|upkeep
|turn|4
|choice|switch 3|switch 6
|
|switch|p2a: Golem|Golem, M|363\/363
|switch|p1a: Monferno|Monferno, F|269\/269
|
|upkeep
|turn|5
|choice|move uturn|move stealthrock
|
|move|p1a: Monferno|U-turn|p2a: Golem
|-damage|p2a: Golem|303\/363
|choice|switch 6|
|
|switch|p1a: Tangela|Tangela, F|333\/333
|move|p2a: Golem|Stealth Rock|p1a: Tangela
|-sidestart|p1: One with Hax|move: Stealth Rock
|
|-heal|p2a: Golem|325\/363|[from] item: Leftovers
|upkeep
|turn|6
|choice|move knockoff|switch 3
|
|switch|p2a: Zebstrika|Zebstrika, F|289\/289
|move|p1a: Tangela|Knock Off|p2a: Zebstrika
|-damage|p2a: Zebstrika|229\/289
|-enditem|p2a: Zebstrika|Life Orb|[from] move: Knock Off|[of] p1a: Tangela
|
|upkeep
|turn|7
|choice|switch 2|move overheat
|
|switch|p1a: Grumpig|Grumpig, F|339\/339
|-damage|p1a: Grumpig|297\/339|[from] Stealth Rock
|move|p2a: Zebstrika|Overheat|p1a: Grumpig
|-damage|p1a: Grumpig|265\/339
|-unboost|p2a: Zebstrika|spa|2
|
|upkeep
|turn|8
|choice|move focusblast|move voltswitch
|
|move|p2a: Zebstrika|Volt Switch|p1a: Grumpig
|-damage|p1a: Grumpig|237\/339
|choice||switch 5
|
|switch|p2a: Leafeon|Leafeon, M|269\/269
|move|p1a: Grumpig|Focus Blast|p2a: Leafeon
|-damage|p2a: Leafeon|98\/269
|
|upkeep
|turn|9
|choice|switch 6|move knockoff
|
|switch|p1a: Monferno|Monferno, F|269\/269
|-damage|p1a: Monferno|236\/269|[from] Stealth Rock
|move|p2a: Leafeon|Knock Off|p1a: Monferno
|-resisted|p1a: Monferno
|-damage|p1a: Monferno|128\/269
|-enditem|p1a: Monferno|Choice Band|[from] move: Knock Off|[of] p2a: Leafeon
|-damage|p2a: Leafeon|72\/269|[from] item: Life Orb
|
|upkeep
|turn|10
|choice|move machpunch|move aerialace
|
|move|p1a: Monferno|Mach Punch|p2a: Leafeon
|-damage|p2a: Leafeon|20\/269
|move|p2a: Leafeon|Aerial Ace|p1a: Monferno
|-supereffective|p1a: Monferno
|-damage|p1a: Monferno|0 fnt
|-damage|p2a: Leafeon|0 fnt|[from] item: Life Orb
|faint|p1a: Monferno
|faint|p2a: Leafeon
|
|upkeep
|choice|switch 2|switch 5
|
|switch|p2a: Zebstrika|Zebstrika, F|229\/289
|switch|p1a: Tangela|Tangela, F|333\/333
|-damage|p1a: Tangela|292\/333|[from] Stealth Rock
|turn|11
|choice|move gigadrain|move voltswitch
|
|move|p2a: Zebstrika|Volt Switch|p1a: Tangela
|-resisted|p1a: Tangela
|-damage|p1a: Tangela|253\/333
|choice||switch 6
|
|switch|p2a: Dodrio|Dodrio, M|234\/261
|move|p1a: Tangela|Giga Drain|p2a: Dodrio
|-resisted|p2a: Dodrio
|-damage|p2a: Dodrio|167\/261
|-heal|p1a: Tangela|287\/333|[from] drain|[of] p2a: Dodrio
|
|upkeep
|turn|12
|choice|move knockoff|move knockoff
|
|move|p2a: Dodrio|Knock Off|p1a: Tangela
|-crit|p1a: Tangela
|-damage|p1a: Tangela|200\/333
|-enditem|p1a: Tangela|Eviolite|[from] move: Knock Off|[of] p2a: Dodrio
|move|p1a: Tangela|Knock Off|p2a: Dodrio
|-damage|p2a: Dodrio|112\/261
|-enditem|p2a: Dodrio|Choice Scarf|[from] move: Knock Off|[of] p1a: Tangela
|
|upkeep
|turn|13
|choice|switch 3|move bravebird
|
|switch|p1a: Stunfisk|Stunfisk, M|366\/421
|-damage|p1a: Stunfisk|340\/421|[from] Stealth Rock
|move|p2a: Dodrio|Brave Bird|p1a: Stunfisk
|-resisted|p1a: Stunfisk
|-damage|p1a: Stunfisk|264\/421
|-status|p2a: Dodrio|par|[from] ability: Static|[of] p1a: Stunfisk
|-damage|p2a: Dodrio|87\/261 par|[from] recoil|[of] p1a: Stunfisk
|
|-heal|p1a: Stunfisk|290\/421|[from] item: Leftovers
|upkeep
|turn|14
|choice|move stealthrock|switch 6
|
|switch|p2a: Zebstrika|Zebstrika, F|229\/289
|move|p1a: Stunfisk|Stealth Rock|p2a: Zebstrika
|-sidestart|p2: grumpig|move: Stealth Rock
|
|-heal|p1a: Stunfisk|316\/421|[from] item: Leftovers
|upkeep
|turn|15
|choice|move earthpower|move hiddenpower
|
|move|p2a: Zebstrika|Hidden Power|p1a: Stunfisk
|-supereffective|p1a: Stunfisk
|-damage|p1a: Stunfisk|218\/421
|move|p1a: Stunfisk|Earth Power|p2a: Zebstrika
|-supereffective|p2a: Zebstrika
|-damage|p2a: Zebstrika|0 fnt
|faint|p2a: Zebstrika
|
|-heal|p1a: Stunfisk|244\/421|[from] item: Leftovers
|upkeep
|choice||switch 3
|
|switch|p2a: Golem|Golem, M|325\/363
|-damage|p2a: Golem|303\/363|[from] Stealth Rock
|turn|16
|choice|switch 3|move earthquake
|
|switch|p1a: Tangela|Tangela, F|311\/333
|-damage|p1a: Tangela|270\/333|[from] Stealth Rock
|move|p2a: Golem|Earthquake|p1a: Tangela
|-resisted|p1a: Tangela
|-damage|p1a: Tangela|211\/333
|
|-heal|p2a: Golem|325\/363|[from] item: Leftovers
|upkeep
|turn|17
|choice|move gigadrain|move stoneedge
|
|move|p1a: Tangela|Giga Drain|p2a: Golem
|-supereffective|p2a: Golem
|-damage|p2a: Golem|0 fnt
|-heal|p1a: Tangela|333\/333|[from] drain|[of] p2a: Golem
|faint|p2a: Golem
|
|upkeep
|choice||switch 6
|
|switch|p2a: Dodrio|Dodrio, M|87\/261 par
|-damage|p2a: Dodrio|22\/261 par|[from] Stealth Rock
|turn|18
|choice|move gigadrain|move frustration
|
|move|p1a: Tangela|Giga Drain|p2a: Dodrio
|-resisted|p2a: Dodrio
|-crit|p2a: Dodrio
|-damage|p2a: Dodrio|0 fnt
|faint|p2a: Dodrio
|
|upkeep
|c|☆One with Hax|gg
|c|☆grumpig|gg
|choice||switch 4
|
|switch|p2a: Lumineon|Lumineon, M|341\/341
|-damage|p2a: Lumineon|299\/341|[from] Stealth Rock
|turn|19
|choice|move gigadrain|move uturn
|
|move|p2a: Lumineon|U-turn|p1a: Tangela
|-supereffective|p1a: Tangela
|-damage|p1a: Tangela|273\/333
|move|p1a: Tangela|Giga Drain|p2a: Lumineon
|-supereffective|p2a: Lumineon
|-damage|p2a: Lumineon|89\/341
|-heal|p1a: Tangela|333\/333|[from] drain|[of] p2a: Lumineon
|
|-heal|p2a: Lumineon|110\/341|[from] item: Leftovers
|upkeep
|turn|20
|choice|move gigadrain|move scald
|
|move|p2a: Lumineon|Scald|p1a: Tangela
|-resisted|p1a: Tangela
|-damage|p1a: Tangela|284\/333
|-status|p1a: Tangela|brn
|move|p1a: Tangela|Giga Drain|p2a: Lumineon
|-supereffective|p2a: Lumineon
|-damage|p2a: Lumineon|0 fnt
|-heal|p1a: Tangela|333\/333 brn|[from] drain|[of] p2a: Lumineon
|faint|p2a: Lumineon
|
|win|One with Hax
|raw|One with Hax's rating: 1056 &rarr; <strong>1082<\/strong><br \/>(+26 for winning)
|raw|grumpig's rating: 1000 &rarr; <strong>1000<\/strong><br \/>(+0 for losing)
|l|grumpig</script>
</div>
<div class="battle-log battle-log-inline"><div class="inner"><div class="battle-options"></div><div class="inner"><div class="chat"><small>One with Hax joined.</small></div><div class="chat"><small>grumpig joined.</small></div><div class=""><small>Format:</small> <br><strong>PU</strong></div><div class="rated"><strong>Rated battle</strong></div><div class=""><small><em>Sleep Clause Mod:</em> Limit one foe put to sleep</small></div><div class=""><small><em>Species Clause:</em> Limit one of each Pokémon</small></div><div class=""><small><em>OHKO Clause:</em> OHKO moves are banned</small></div><div class=""><small><em>Moody Clause:</em> Moody is banned</small></div><div class=""><small><em>Evasion Moves Clause:</em> Evasion moves are banned</small></div><div class=""><small><em>Endless Battle Clause:</em> Forcing endless battles is banned</small></div><div class=""><small><em>HP Percentage Mod:</em> HP is shown in percentages</small></div><div class=""><small><em>Swagger Clause:</em> Swagger is banned</small></div><div class=""><small><em>Baton Pass Clause:</em> Limit one Baton Passer, can't pass Spe and other stats simultaneously</small></div><div class="chat battle-history"><strong>One with Hax's team:</strong> <em style="color:#445566;display:block;">Monferno / Grumpig / Meditite / Stunfisk / Rotom-Frost / Tangela</em></div><div class="chat battle-history"><strong>grumpig's team:</strong> <em style="color:#445566;display:block;">Leafeon / Dodrio / Grumpig / Lumineon / Zebstrika / Golem</em></div><div class="chat chatmessage-grumpig"><strong style="color:hsl(64,82%,28.2709816284781%)"><small>☆</small><span class="username" data-name="grumpig">grumpig</span>:</strong> <em>grumpig the real mon here</em></div><div class="chat chatmessage-grumpig"><strong style="color:hsl(64,82%,28.2709816284781%)"><small>☆</small><span class="username" data-name="grumpig">grumpig</span>:</strong> <em>don't even lnie</em></div><div class="chat"><small>PokemonMasterTJ joined.</small></div><div class="chat chatmessage-grumpig"><strong style="color:hsl(64,82%,28.2709816284781%)"><small>☆</small><span class="username" data-name="grumpig">grumpig</span>:</strong> <em>lie*</em></div><div class="chat chatmessage-grumpig"><strong style="color:hsl(64,82%,28.2709816284781%)"><small>☆</small><span class="username" data-name="grumpig">grumpig</span>:</strong> <em>fuck</em></div><div class="spacer battle-history"><br></div><div class="battle-history">Battle started between One with Hax and grumpig!<br></div><div class="spacer battle-history"><br></div><div class="battle-history">Go! <strong>Meditite</strong>!<br></div><div class="spacer battle-history"><br></div><div class="battle-history">grumpig sent out <strong>Zebstrika</strong>!<br></div><div class="spacer battle-history"><br></div><h2 class="battle-history">Turn 1</h2><div class="spacer battle-history"><br></div><div class="battle-history">grumpig withdrew Zebstrika!<br></div><div class="battle-history">grumpig sent out <strong>Grumpig</strong>!<br></div><div class="spacer battle-history"><br></div><div class="battle-history">Meditite used <strong>High Jump Kick</strong>!<br></div><div class="battle-history"><small>It's not very effective...</small><br></div><div class="battle-history"><small>(The opposing Grumpig lost <abbr title="−168/321">52.3%</abbr> of its health!)</small><br></div><div class="spacer battle-history"><br></div><h2 class="battle-history">Turn 2</h2><div class="spacer battle-history"><br></div><div class="battle-history">The opposing Grumpig used <strong>Psychic</strong>!<br></div><div class="battle-history"><small>(Meditite lost <abbr title="−124/211">58.8%</abbr> of its health!)</small><br></div><div class="spacer battle-history"><br></div><div class="battle-history">Meditite used <strong>High Jump Kick</strong>!<br></div><div class="battle-history"><small>It's not very effective...</small><br></div><div class="battle-history"><small>(The opposing Grumpig lost <abbr title="−153/321">47.7%</abbr> of its health!)</small><br></div><div class="spacer battle-history"><br></div><div class="battle-history">The opposing Grumpig fainted!<br></div><div class="spacer battle-history"><br></div><div class="battle-history">grumpig sent out <strong>Dodrio</strong>!<br></div><div class="spacer battle-history"><br></div><h2 class="battle-history">Turn 3</h2><div class="spacer battle-history"><br></div><div class="battle-history">Meditite, come back!<br></div><div class="battle-history">Go! <strong>Stunfisk</strong>!<br></div><div class="spacer battle-history"><br></div><div class="battle-history">The opposing Dodrio used <strong>Brave Bird</strong>!<br></div><div class="battle-history"><small>It's not very effective...</small><br></div><div class="battle-history"><small>(Stunfisk lost <abbr title="−81/421">19.2%</abbr> of its health!)</small><br></div><div class="battle-history"><small>The opposing Dodrio is damaged by the recoil!</small><br></div><div class="spacer battle-history"><br></div><div class="battle-history"><small>Stunfisk restored a little HP using its Leftovers!</small><br></div><div class="spacer battle-history"><br></div><h2 class="battle-history">Turn 4</h2><div class="spacer battle-history"><br></div><div class="battle-history">grumpig withdrew Dodrio!<br></div><div class="battle-history">grumpig sent out <strong>Golem</strong>!<br></div><div class="spacer battle-history"><br></div><div class="battle-history">Stunfisk, come back!<br></div><div class="battle-history">Go! <strong>Monferno</strong>!<br></div><div class="spacer battle-history"><br></div><h2 class="battle-history">Turn 5</h2><div class="spacer battle-history"><br></div><div class="battle-history">Monferno used <strong>U-turn</strong>!<br></div><div class="battle-history"><small>(The opposing Golem lost <abbr title="−60/363">16.5%</abbr> of its health!)</small><br></div><div class="spacer battle-history"><br></div><div class="battle-history">Monferno went back to One with Hax!<br></div><div class="battle-history">Go! <strong>Tangela</strong>!<br></div><div class="spacer battle-history"><br></div><div class="battle-history">The opposing Golem used <strong>Stealth Rock</strong>!<br></div><div class="battle-history"><small>Pointed stones float in the air around your team!</small><br></div><div class="spacer battle-history"><br></div><div class="battle-history"><small>The opposing Golem restored a little HP using its Leftovers!</small><br></div><div class="spacer battle-history"><br></div><h2 class="battle-history">Turn 6</h2><div class="spacer battle-history"><br></div><div class="battle-history">grumpig withdrew Golem!<br></div><div class="battle-history">grumpig sent out <strong>Zebstrika</strong>!<br></div><div class="spacer battle-history"><br></div><div class="battle-history">Tangela used <strong>Knock Off</strong>!<br></div><div class="battle-history"><small>(The opposing Zebstrika lost <abbr title="−60/289">20.8%</abbr> of its health!)</small><br></div><div class="battle-history"><small>Tangela knocked off the opposing Zebstrika's Life Orb!</small><br></div><div class="spacer battle-history"><br></div><h2 class="battle-history">Turn 7</h2><div class="spacer battle-history"><br></div><div class="battle-history">Tangela, come back!<br></div><div class="battle-history">Go! <strong>Grumpig</strong>!<br></div><div class="battle-history"><small>Pointed stones dug into Grumpig!</small><br></div><div class="spacer battle-history"><br></div><div class="battle-history">The opposing Zebstrika used <strong>Overheat</strong>!<br></div><div class="battle-history"><small>(Grumpig lost <abbr title="−32/339">9.4%</abbr> of its health!)</small><br></div><div class="battle-history"><small>The opposing Zebstrika's Special Attack fell harshly!</small><br></div><div class="spacer battle-history"><br></div><h2 class="battle-history">Turn 8</h2><div class="spacer battle-history"><br></div><div class="battle-history">The opposing Zebstrika used <strong>Volt Switch</strong>!<br></div><div class="battle-history"><small>(Grumpig lost <abbr title="−28/339">8.3%</abbr> of its health!)</small><br></div><div class="spacer battle-history"><br></div><div class="battle-history">The opposing Zebstrika went back to grumpig!<br></div><div class="battle-history">grumpig sent out <strong>Leafeon</strong>!<br></div><div class="spacer battle-history"><br></div><div class="battle-history">Grumpig used <strong>Focus Blast</strong>!<br></div><div class="battle-history"><small>(The opposing Leafeon lost <abbr title="−171/269">63.6%</abbr> of its health!)</small><br></div><div class="spacer battle-history"><br></div><h2 class="battle-history">Turn 9</h2><div class="spacer battle-history"><br></div><div class="battle-history">Grumpig, come back!<br></div><div class="battle-history">Go! <strong>Monferno</strong>!<br></div><div class="battle-history"><small>Pointed stones dug into Monferno!</small><br></div><div class="spacer battle-history"><br></div><div class="battle-history">The opposing Leafeon used <strong>Knock Off</strong>!<br></div><div class="battle-history"><small>It's not very effective...</small><br></div><div class="battle-history"><small>(Monferno lost <abbr title="−108/269">40.1%</abbr> of its health!)</small><br></div><div class="battle-history"><small>The opposing Leafeon knocked off Monferno's Choice Band!</small><br></div><div class="battle-history"><small>The opposing Leafeon lost some of its HP!</small><br></div><div class="spacer battle-history"><br></div><h2 class="battle-history">Turn 10</h2><div class="spacer battle-history"><br></div><div class="battle-history">Monferno used <strong>Mach Punch</strong>!<br></div><div class="battle-history"><small>(The opposing Leafeon lost <abbr title="−52/269">19.3%</abbr> of its health!)</small><br></div><div class="spacer battle-history"><br></div><div class="battle-history">The opposing Leafeon used <strong>Aerial Ace</strong>!<br></div><div class="battle-history"><small>It's super effective!</small><br></div><div class="battle-history"><small>(Monferno lost <abbr title="−128/269">47.6%</abbr> of its health!)</small><br></div><div class="battle-history"><small>The opposing Leafeon lost some of its HP!</small><br></div><div class="spacer battle-history"><br></div><div class="battle-history">Monferno fainted!<br></div><div class="battle-history">The opposing Leafeon fainted!<br></div><div class="spacer battle-history"><br></div><div class="battle-history">grumpig sent out <strong>Zebstrika</strong>!<br></div><div class="spacer battle-history"><br></div><div class="battle-history">Go! <strong>Tangela</strong>!<br></div><div class="battle-history"><small>Pointed stones dug into Tangela!</small><br></div><div class="spacer battle-history"><br></div><h2 class="battle-history">Turn 11</h2><div class="spacer battle-history"><br></div><div class="battle-history">The opposing Zebstrika used <strong>Volt Switch</strong>!<br></div><div class="battle-history"><small>It's not very effective...</small><br></div><div class="battle-history"><small>(Tangela lost <abbr title="−39/333">11.7%</abbr> of its health!)</small><br></div><div class="spacer battle-history"><br></div><div class="battle-history">The opposing Zebstrika went back to grumpig!<br></div><div class="battle-history">grumpig sent out <strong>Dodrio</strong>!<br></div><div class="spacer battle-history"><br></div><div class="battle-history">Tangela used <strong>Giga Drain</strong>!<br></div><div class="battle-history"><small>It's not very effective...</small><br></div><div class="battle-history"><small>(The opposing Dodrio lost <abbr title="−67/261">25.7%</abbr> of its health!)</small><br></div><div class="battle-history"><small>The opposing Dodrio had its energy drained!</small><br></div><div class="spacer battle-history"><br></div><h2 class="battle-history">Turn 12</h2><div class="spacer battle-history"><br></div><div class="battle-history">The opposing Dodrio used <strong>Knock Off</strong>!<br></div><div class="battle-history"><small>A critical hit!</small><br></div><div class="battle-history"><small>(Tangela lost <abbr title="−87/333">26.1%</abbr> of its health!)</small><br></div><div class="battle-history"><small>The opposing Dodrio knocked off Tangela's Eviolite!</small><br></div><div class="spacer battle-history"><br></div><div class="battle-history">Tangela used <strong>Knock Off</strong>!<br></div><div class="battle-history"><small>(The opposing Dodrio lost <abbr title="−55/261">21.1%</abbr> of its health!)</small><br></div><div class="battle-history"><small>Tangela knocked off the opposing Dodrio's Choice Scarf!</small><br></div><div class="spacer battle-history"><br></div><h2 class="battle-history">Turn 13</h2><div class="spacer battle-history"><br></div><div class="battle-history">Tangela, come back!<br></div><div class="battle-history">Go! <strong>Stunfisk</strong>!<br></div><div class="battle-history"><small>Pointed stones dug into Stunfisk!</small><br></div><div class="spacer battle-history"><br></div><div class="battle-history">The opposing Dodrio used <strong>Brave Bird</strong>!<br></div><div class="battle-history"><small>It's not very effective...</small><br></div><div class="battle-history"><small>(Stunfisk lost <abbr title="−76/421">18.1%</abbr> of its health!)</small><br></div><div class="battle-history"><small>[Stunfisk's Static]</small><br><small>The opposing Dodrio is paralyzed! It may be unable to move!</small><br></div><div class="battle-history"><small>The opposing Dodrio is damaged by the recoil!</small><br></div><div class="spacer battle-history"><br></div><div class="battle-history"><small>Stunfisk restored a little HP using its Leftovers!</small><br></div><div class="spacer battle-history"><br></div><h2 class="battle-history">Turn 14</h2><div class="spacer battle-history"><br></div><div class="battle-history">grumpig withdrew Dodrio!<br></div><div class="battle-history">grumpig sent out <strong>Zebstrika</strong>!<br></div><div class="spacer battle-history"><br></div><div class="battle-history">Stunfisk used <strong>Stealth Rock</strong>!<br></div><div class="battle-history"><small>Pointed stones float in the air around the opposing team!</small><br></div><div class="spacer battle-history"><br></div><div class="battle-history"><small>Stunfisk restored a little HP using its Leftovers!</small><br></div><div class="spacer battle-history"><br></div><h2 class="battle-history">Turn 15</h2><div class="spacer battle-history"><br></div><div class="battle-history">The opposing Zebstrika used <strong>Hidden Power</strong>!<br></div><div class="battle-history"><small>It's super effective!</small><br></div><div class="battle-history"><small>(Stunfisk lost <abbr title="−98/421">23.3%</abbr> of its health!)</small><br></div><div class="spacer battle-history"><br></div><div class="battle-history">Stunfisk used <strong>Earth Power</strong>!<br></div><div class="battle-history"><small>It's super effective!</small><br></div><div class="battle-history"><small>(The opposing Zebstrika lost <abbr title="−229/289">79.2%</abbr> of its health!)</small><br></div><div class="spacer battle-history"><br></div><div class="battle-history">The opposing Zebstrika fainted!<br></div><div class="spacer battle-history"><br></div><div class="battle-history"><small>Stunfisk restored a little HP using its Leftovers!</small><br></div><div class="spacer battle-history"><br></div><div class="battle-history">grumpig sent out <strong>Golem</strong>!<br></div><div class="battle-history"><small>Pointed stones dug into the opposing Golem!</small><br></div><div class="spacer battle-history"><br></div><h2 class="battle-history">Turn 16</h2><div class="spacer battle-history"><br></div><div class="battle-history">Stunfisk, come back!<br></div><div class="battle-history">Go! <strong>Tangela</strong>!<br></div><div class="battle-history"><small>Pointed stones dug into Tangela!</small><br></div><div class="spacer battle-history"><br></div><div class="battle-history">The opposing Golem used <strong>Earthquake</strong>!<br></div><div class="battle-history"><small>It's not very effective...</small><br></div><div class="battle-history"><small>(Tangela lost <abbr title="−59/333">17.7%</abbr> of its health!)</small><br></div><div class="spacer battle-history"><br></div><div class="battle-history"><small>The opposing Golem restored a little HP using its Leftovers!</small><br></div><div class="spacer battle-history"><br></div><h2 class="battle-history">Turn 17</h2><div class="spacer battle-history"><br></div><div class="battle-history">Tangela used <strong>Giga Drain</strong>!<br></div><div class="battle-history"><small>It's super effective!</small><br></div><div class="battle-history"><small>(The opposing Golem lost <abbr title="−325/363">89.5%</abbr> of its health!)</small><br></div><div class="battle-history"><small>The opposing Golem had its energy drained!</small><br></div><div class="spacer battle-history"><br></div><div class="battle-history">The opposing Golem fainted!<br></div><div class="spacer battle-history"><br></div><div class="battle-history">grumpig sent out <strong>Dodrio</strong>!<br></div><div class="battle-history"><small>Pointed stones dug into the opposing Dodrio!</small><br></div><div class="spacer battle-history"><br></div><h2 class="battle-history">Turn 18</h2><div class="spacer battle-history"><br></div><div class="battle-history">Tangela used <strong>Giga Drain</strong>!<br></div><div class="battle-history"><small>It's not very effective...</small><br></div><div class="battle-history"><small>A critical hit!</small><br></div><div class="battle-history"><small>(The opposing Dodrio lost <abbr title="−22/261">8.4%</abbr> of its health!)</small><br></div><div class="spacer battle-history"><br></div><div class="battle-history">The opposing Dodrio fainted!<br></div><div class="chat chatmessage-onewithhax"><strong style="color:hsl(66,61%,37.29696425624703%)"><small>☆</small><span class="username" data-name="One with Hax">One with Hax</span>:</strong> <em>gg</em></div><div class="chat chatmessage-grumpig"><strong style="color:hsl(64,82%,28.2709816284781%)"><small>☆</small><span class="username" data-name="grumpig">grumpig</span>:</strong> <em>gg</em></div><div class="spacer battle-history"><br></div><div class="battle-history">grumpig sent out <strong>Lumineon</strong>!<br></div><div class="battle-history"><small>Pointed stones dug into the opposing Lumineon!</small><br></div><div class="spacer battle-history"><br></div><h2 class="battle-history">Turn 19</h2><div class="spacer battle-history"><br></div><div class="battle-history">The opposing Lumineon used <strong>U-turn</strong>!<br></div><div class="battle-history"><small>It's super effective!</small><br></div><div class="battle-history"><small>(Tangela lost <abbr title="−60/333">18.0%</abbr> of its health!)</small><br></div><div class="spacer battle-history"><br></div><div class="battle-history">Tangela used <strong>Giga Drain</strong>!<br></div><div class="battle-history"><small>It's super effective!</small><br></div><div class="battle-history"><small>(The opposing Lumineon lost <abbr title="−210/341">61.6%</abbr> of its health!)</small><br></div><div class="battle-history"><small>The opposing Lumineon had its energy drained!</small><br></div><div class="spacer battle-history"><br></div><div class="battle-history"><small>The opposing Lumineon restored a little HP using its Leftovers!</small><br></div><div class="spacer battle-history"><br></div><h2 class="battle-history">Turn 20</h2><div class="spacer battle-history"><br></div><div class="battle-history">The opposing Lumineon used <strong>Scald</strong>!<br></div><div class="battle-history"><small>It's not very effective...</small><br></div><div class="battle-history"><small>(Tangela lost <abbr title="−49/333">14.7%</abbr> of its health!)</small><br></div><div class="battle-history"><small>Tangela was burned!</small><br></div><div class="spacer battle-history"><br></div><div class="battle-history">Tangela used <strong>Giga Drain</strong>!<br></div><div class="battle-history"><small>It's super effective!</small><br></div><div class="battle-history"><small>(The opposing Lumineon lost <abbr title="−110/341">32.3%</abbr> of its health!)</small><br></div><div class="battle-history"><small>The opposing Lumineon had its energy drained!</small><br></div><div class="spacer battle-history"><br></div><div class="battle-history">The opposing Lumineon fainted!<br></div><div class="spacer battle-history"><br></div><div class="battle-history"><strong>One with Hax</strong> won the battle!<br></div><div class="chat">One with Hax's rating: 1056 → <strong>1082</strong><br>(+26 for winning)</div><div class="chat">grumpig's rating: 1000 → <strong>1000</strong><br>(+0 for losing)</div><div class="chat"><small>grumpig left.</small></div></div><div class="inner-preempt"></div></div></div>
</div>
<script>
let daily = Math.floor(Date.now()/1000/60/60/24);document.write('<script src="https://play.pokemonshowdown.com/js/replay-embed.js?version'+daily+'"></'+'script>');
</script>
