<!DOCTYPE html>
<meta charset="utf-8" />
<!-- version 1 -->
<title>PU replay: Chrisloud vs. UberSkitty</title>
<style>
html,body {font-family:Verdana, sans-serif;font-size:10pt;margin:0;padding:0;}body{padding:12px 0;} .battle-log {font-family:Verdana, sans-serif;font-size:10pt;} .battle-log-inline {border:1px solid #AAAAAA;background:#EEF2F5;color:black;max-width:640px;margin:0 auto 80px;padding-bottom:5px;} .battle-log .inner {padding:4px 8px 0px 8px;} .battle-log .inner-preempt {padding:0 8px 4px 8px;} .battle-log .inner-after {margin-top:0.5em;} .battle-log h2 {margin:0.5em -8px;padding:4px 8px;border:1px solid #AAAAAA;background:#E0E7EA;border-left:0;border-right:0;font-family:Verdana, sans-serif;font-size:13pt;} .battle-log .chat {vertical-align:middle;padding:3px 0 3px 0;font-size:8pt;} .battle-log .chat strong {color:#40576A;} .battle-log .chat em {padding:1px 4px 1px 3px;color:#000000;font-style:normal;} .chat.mine {background:rgba(0,0,0,0.05);margin-left:-8px;margin-right:-8px;padding-left:8px;padding-right:8px;} .spoiler {color:#BBBBBB;background:#BBBBBB;padding:0px 3px;} .spoiler:hover, .spoiler:active, .spoiler-shown {color:#000000;background:#E2E2E2;padding:0px 3px;} .spoiler a {color:#BBBBBB;} .spoiler:hover a, .spoiler:active a, .spoiler-shown a {color:#2288CC;} .chat code, .chat .spoiler:hover code, .chat .spoiler:active code, .chat .spoiler-shown code {border:1px solid #C0C0C0;background:#EEEEEE;color:black;padding:0 2px;} .chat .spoiler code {border:1px solid #CCCCCC;background:#CCCCCC;color:#CCCCCC;} .battle-log .rated {padding:3px 4px;} .battle-log .rated strong {color:white;background:#89A;padding:1px 4px;border-radius:4px;} .spacer {margin-top:0.5em;} .message-announce {background:#6688AA;color:white;padding:1px 4px 2px;} .message-announce a, .broadcast-green a, .broadcast-blue a, .broadcast-red a {color:#DDEEFF;} .broadcast-green {background-color:#559955;color:white;padding:2px 4px;} .broadcast-blue {background-color:#6688AA;color:white;padding:2px 4px;} .infobox {border:1px solid #6688AA;padding:2px 4px;} .infobox-limited {max-height:200px;overflow:auto;overflow-x:hidden;} .broadcast-red {background-color:#AA5544;color:white;padding:2px 4px;} .message-learn-canlearn {font-weight:bold;color:#228822;text-decoration:underline;} .message-learn-cannotlearn {font-weight:bold;color:#CC2222;text-decoration:underline;} .message-effect-weak {font-weight:bold;color:#CC2222;} .message-effect-resist {font-weight:bold;color:#6688AA;} .message-effect-immune {font-weight:bold;color:#666666;} .message-learn-list {margin-top:0;margin-bottom:0;} .message-throttle-notice, .message-error {color:#992222;} .message-overflow, .chat small.message-overflow {font-size:0pt;} .message-overflow::before {font-size:9pt;content:'...';} .subtle {color:#3A4A66;}
</style>
<div class="wrapper replay-wrapper" style="max-width:1180px;margin:0 auto">
<input type="hidden" name="replayid" value="pu-561920445" />
<div class="battle"></div><div class="battle-log"></div><div class="replay-controls"></div><div class="replay-controls-2"></div>
<h1 style="font-weight:normal;text-align:center"><strong>PU</strong><br /><a href="http://pokemonshowdown.com/users/chrisloud" class="subtle" target="_blank">Chrisloud</a> vs. <a href="http://pokemonshowdown.com/users/uberskitty" class="subtle" target="_blank">UberSkitty</a></h1>
<script type="text/plain" class="battle-log-data">|j|Chrisloud
|j|UberSkitty
|player|p1|Chrisloud|4
|player|p2|UberSkitty|23
|gametype|singles
|gen|6
|tier|PU
|seed|27243,11582,58723,42433
|rule|Sleep Clause Mod: Limit one foe put to sleep
|rule|Species Clause: Limit one of each Pokémon
|rule|OHKO Clause: OHKO moves are banned
|rule|Moody Clause: Moody is banned
|rule|Evasion Moves Clause: Evasion moves are banned
|rule|Endless Battle Clause: Forcing endless battles is banned
|rule|HP Percentage Mod: HP is shown in percentages
|clearpoke
|poke|p1|Bronzor|item
|poke|p1|Altaria, M|item
|poke|p1|Chinchou, M|item
|poke|p1|Vullaby, F|item
|poke|p1|Deoxys-Attack|item
|poke|p1|Pawniard, F|item
|poke|p2|Deoxys-Attack|item
|poke|p2|Purugly, M|item
|poke|p2|Probopass, M|item
|poke|p2|Lumineon, F|item
|poke|p2|Drifblim, F|item
|poke|p2|Mr. Mime, F|item
|rule|Swagger Clause: Swagger is banned
|rule|Baton Pass Clause: Limit one Baton Passer, can't pass Spe and other stats simultaneously
|teampreview
|j|TIBot
|j|reverse aim
|c|☆UberSkitty|hf
|j|TempestTurn
|c|☆Chrisloud|hf
|c|☆Chrisloud|bl
|choice|team 3, team 2, team 1, team 4, team 5, team 6|team 3, team 2, team 1, team 4, team 5, team 6
|
|start
|switch|p1a: Chinchou|Chinchou, M|354\/354
|switch|p2a: Shave Me|Probopass, M|287\/287
|turn|1
|choice|move scald|move stealthrock
|
|move|p1a: Chinchou|Scald|p2a: Shave Me
|-supereffective|p2a: Shave Me
|-damage|p2a: Shave Me|197\/287
|-status|p2a: Shave Me|brn
|move|p2a: Shave Me|Stealth Rock|p1a: Chinchou
|-sidestart|p1: Chrisloud|move: Stealth Rock
|
|-heal|p2a: Shave Me|214\/287 brn|[from] item: Leftovers
|-damage|p2a: Shave Me|179\/287 brn|[from] brn
|upkeep
|turn|2
|c|☆UberSkitty|:(
|c|☆Chrisloud|ez burn
|choice|move voltswitch|move earthpower
|
|move|p1a: Chinchou|Volt Switch|p2a: Shave Me
|-damage|p2a: Shave Me|143\/287 brn
|c|☆Chrisloud|i hope u click
|c|☆Chrisloud|volt switch
|j|Jungle Fox
|j|BananaBeardTV
|c|☆UberSkitty|i hate thins thing
|choice|switch 4|
|
|switch|p1a: Vullaby|Vullaby, F|343\/343
|-damage|p1a: Vullaby|258\/343|[from] Stealth Rock
|move|p2a: Shave Me|Earth Power|p1a: Vullaby
|-immune|p1a: Vullaby|[msg]
|
|-heal|p2a: Shave Me|160\/287 brn|[from] item: Leftovers
|-damage|p2a: Shave Me|125\/287 brn|[from] brn
|upkeep
|turn|3
|l|BananaBeardTV
|c|☆Chrisloud|we did it
|choice|move defog|move voltswitch
|
|move|p1a: Vullaby|Defog|p2a: Shave Me
|-unboost|p2a: Shave Me|evasion|1
|-sideend|p1: Chrisloud|Stealth Rock|[from] move: Defog|[of] p1a: Vullaby
|move|p2a: Shave Me|Volt Switch|p1a: Vullaby
|-supereffective|p1a: Vullaby
|-damage|p1a: Vullaby|144\/343
|c|☆Chrisloud|we did t
|choice||switch 6
|
|switch|p2a: I'm a Woman|Mr. Mime, F|221\/221
|
|upkeep
|turn|4
|l|TempestTurn
|choice|move foulplay|move shadowball
|
|move|p2a: I'm a Woman|Shadow Ball|p1a: Vullaby
|-resisted|p1a: Vullaby
|-damage|p1a: Vullaby|107\/343
|move|p1a: Vullaby|Foul Play|p2a: I'm a Woman
|-damage|p2a: I'm a Woman|161\/221
|
|upkeep
|turn|5
|c|☆Chrisloud|got em
|choice|move roost|move shadowball
|
|move|p2a: I'm a Woman|Shadow Ball|p1a: Vullaby
|-resisted|p1a: Vullaby
|-damage|p1a: Vullaby|73\/343
|-unboost|p1a: Vullaby|spd|1
|move|p1a: Vullaby|Roost|p1a: Vullaby
|-heal|p1a: Vullaby|245\/343
|
|upkeep
|turn|6
|choice|move roost|switch 4
|
|switch|p2a: Beautifish|Lumineon, F|341\/341
|move|p1a: Vullaby|Roost|p1a: Vullaby
|-heal|p1a: Vullaby|343\/343
|
|upkeep
|turn|7
|choice|switch 3|move toxic
|
|switch|p1a: Bronzor|Bronzor|318\/318
|move|p2a: Beautifish|Toxic|p1a: Bronzor
|-immune|p1a: Bronzor|[msg]
|
|upkeep
|turn|8
|choice|move stealthrock|move uturn
|
|move|p2a: Beautifish|U-turn|p1a: Bronzor
|-crit|p1a: Bronzor
|-damage|p1a: Bronzor|284\/318
|choice||switch 6
|
|switch|p2a: Shave Me|Probopass, M|125\/287 brn
|move|p1a: Bronzor|Stealth Rock|p2a: Shave Me
|-sidestart|p2: UberSkitty|move: Stealth Rock
|
|-heal|p2a: Shave Me|142\/287 brn|[from] item: Leftovers
|-damage|p2a: Shave Me|107\/287 brn|[from] brn
|upkeep
|turn|9
|c|☆Chrisloud|smack down probo
|c|☆Chrisloud|i feel it
|choice|move psywave|move stealthrock
|
|move|p2a: Shave Me|Stealth Rock|p1a: Bronzor
|-sidestart|p1: Chrisloud|move: Stealth Rock
|move|p1a: Bronzor|Psywave|p2a: Shave Me
|-damage|p2a: Shave Me|24\/287 brn
|
|-heal|p2a: Shave Me|41\/287 brn|[from] item: Leftovers
|-damage|p2a: Shave Me|6\/287 brn|[from] brn
|upkeep
|turn|10
|c|☆Chrisloud|r u feeling it mr krabs
|choice|move psywave|move flashcannon
|
|move|p2a: Shave Me|Flash Cannon|p1a: Bronzor
|-resisted|p1a: Bronzor
|-damage|p1a: Bronzor|247\/318
|-unboost|p1a: Bronzor|spd|1
|move|p1a: Bronzor|Psywave|p2a: Shave Me
|-damage|p2a: Shave Me|0 fnt
|faint|p2a: Shave Me
|
|upkeep
|choice||switch 2
|
|switch|p2a: Purugly|Purugly, M|283\/283
|-damage|p2a: Purugly|248\/283|[from] Stealth Rock
|turn|11
|choice|switch 3|move knockoff
|
|switch|p1a: Vullaby|Vullaby, F|343\/343
|-damage|p1a: Vullaby|258\/343|[from] Stealth Rock
|move|p2a: Purugly|Knock Off|p1a: Vullaby
|-resisted|p1a: Vullaby
|-damage|p1a: Vullaby|233\/343
|-enditem|p1a: Vullaby|Eviolite|[from] move: Knock Off|[of] p2a: Purugly
|
|upkeep
|turn|12
|choice|move foulplay|move frustration
|
|move|p2a: Purugly|Frustration|p1a: Vullaby
|-damage|p1a: Vullaby|88\/343
|move|p1a: Vullaby|Foul Play|p2a: Purugly
|-damage|p2a: Purugly|64\/283
|
|upkeep
|turn|13
|choice|move foulplay|move frustration
|
|move|p2a: Purugly|Frustration|p1a: Vullaby
|-damage|p1a: Vullaby|0 fnt
|faint|p1a: Vullaby
|
|upkeep
|c|☆UberSkitty|ez
|choice|switch 6|
|
|switch|p1a: Pawniard|Pawniard, F|231\/231
|-damage|p1a: Pawniard|217\/231|[from] Stealth Rock
|turn|14
|c|☆Chrisloud|no u
|choice|move knockoff|move knockoff
|
|move|p2a: Purugly|Knock Off|p1a: Pawniard
|-resisted|p1a: Pawniard
|-damage|p1a: Pawniard|182\/231
|-enditem|p1a: Pawniard|Eviolite|[from] move: Knock Off|[of] p2a: Purugly
|move|p1a: Pawniard|Knock Off|p2a: Purugly
|-damage|p2a: Purugly|0 fnt
|-enditem|p2a: Purugly|Silk Scarf|[from] move: Knock Off|[of] p1a: Pawniard
|faint|p2a: Purugly
|
|upkeep
|choice||switch 6
|
|switch|p2a: Beautifish|Lumineon, F|341\/341
|-damage|p2a: Beautifish|299\/341|[from] Stealth Rock
|turn|15
|choice|move swordsdance|move scald
|
|move|p2a: Beautifish|Scald|p1a: Pawniard
|-damage|p1a: Pawniard|29\/231
|move|p1a: Pawniard|Swords Dance|p1a: Pawniard
|-boost|p1a: Pawniard|atk|2
|
|-heal|p2a: Beautifish|320\/341|[from] item: Leftovers
|upkeep
|turn|16
|c|☆UberSkitty|no burn?
|choice|move suckerpunch|move scald
|
|move|p1a: Pawniard|Sucker Punch|p2a: Beautifish
|-damage|p2a: Beautifish|127\/341
|move|p2a: Beautifish|Scald|p1a: Pawniard
|-damage|p1a: Pawniard|0 fnt
|faint|p1a: Pawniard
|
|-heal|p2a: Beautifish|148\/341|[from] item: Leftovers
|upkeep
|choice|switch 5|
|
|switch|p1a: Deoxys|Deoxys-Attack|241\/241
|-damage|p1a: Deoxys|211\/241|[from] Stealth Rock
|-ability|p1a: Deoxys|Pressure
|turn|17
|j|PokemonMasterTJ
|c|☆Chrisloud|bop
|choice|move knockoff|move uturn
|
|move|p1a: Deoxys|Knock Off|p2a: Beautifish
|-damage|p2a: Beautifish|0 fnt
|-enditem|p2a: Beautifish|Leftovers|[from] move: Knock Off|[of] p1a: Deoxys
|-damage|p1a: Deoxys|187\/241|[from] item: Life Orb
|faint|p2a: Beautifish
|
|upkeep
|c|☆Chrisloud|name a switch in
|c|☆Chrisloud|boi
|choice||switch 3
|
|switch|p2a: WTF|Deoxys-Attack|241\/241
|-damage|p2a: WTF|211\/241|[from] Stealth Rock
|-ability|p2a: WTF|Pressure
|turn|18
|c|☆UberSkitty|lets go
|j|travod
|c|☆Chrisloud|oh my
|J|Datrix4kids91
|c|☆Chrisloud|the one what wins this wins the gane
|choice|move knockoff|move extremespeed
|
|move|p2a: WTF|Extreme Speed|p1a: Deoxys
|-damage|p1a: Deoxys|0 fnt
|-damage|p2a: WTF|187\/241|[from] item: Life Orb
|faint|p1a: Deoxys
|
|upkeep
|c|☆UberSkitty|gottem
|c| travod|k
|choice|switch 3|
|
|switch|p1a: Bronzor|Bronzor|247\/318
|-damage|p1a: Bronzor|228\/318|[from] Stealth Rock
|turn|19
|c|☆Chrisloud|CMON BRONZOR
|c|☆Chrisloud|I BELIEVE IN YOU
|choice|move psywave|move knockoff
|
|move|p2a: WTF|Knock Off|p1a: Bronzor
|-supereffective|p1a: Bronzor
|-damage|p1a: Bronzor|15\/318
|-enditem|p1a: Bronzor|Eviolite|[from] move: Knock Off|[of] p2a: WTF
|-damage|p2a: WTF|163\/241|[from] item: Life Orb
|move|p1a: Bronzor|Psywave|p2a: WTF
|-damage|p2a: WTF|88\/241
|
|upkeep
|turn|20
|c| travod|bronzor wins this matchup
|c|☆Chrisloud|LOLOLOLOLOLOLO
|choice|move psywave|move knockoff
|
|move|p2a: WTF|Knock Off|p1a: Bronzor
|-supereffective|p1a: Bronzor
|-damage|p1a: Bronzor|0 fnt
|-damage|p2a: WTF|64\/241|[from] item: Life Orb
|faint|p1a: Bronzor
|
|upkeep
|c|☆Chrisloud|bronzor is a go
|c|☆Chrisloud|god
|choice|switch 2|
|
|switch|p1a: Altaria|Altaria, M|354\/354
|-damage|p1a: Altaria|266\/354|[from] Stealth Rock
|turn|21
|choice|switch 4|switch 4
|
|switch|p2a: I'm a Woman|Mr. Mime, F|161\/221
|-damage|p2a: I'm a Woman|134\/221|[from] Stealth Rock
|switch|p1a: Chinchou|Chinchou, M|354\/354
|-damage|p1a: Chinchou|310\/354|[from] Stealth Rock
|
|-heal|p1a: Chinchou|332\/354|[from] item: Leftovers
|upkeep
|turn|22
|c|☆Chrisloud|ez outplay
|choice|move voltswitch|move healingwish
|
|move|p2a: I'm a Woman|Healing Wish|p2a: I'm a Woman
|faint|p2a: I'm a Woman
|move|p1a: Chinchou|Volt Switch|p2: I'm a Woman|[notarget]
|-notarget
|
|-heal|p1a: Chinchou|354\/354|[from] item: Leftovers
|upkeep
|c|☆Chrisloud|thats
|c|☆Chrisloud|low
|choice||switch 4
|
|switch|p2a: WTF|Deoxys-Attack|64\/241
|-heal|p2a: WTF|241\/241|[from] move: Healing Wish
|-damage|p2a: WTF|211\/241|[from] Stealth Rock
|-ability|p2a: WTF|Pressure
|turn|23
|c|☆Chrisloud|LOL
|j|Aaronboyer
|c|☆Chrisloud|cmon chinchou
|j|MrCoolRanchDoritos
|c|☆Chrisloud|burn crit
|c|☆Chrisloud|him
|c|☆Chrisloud|in the butt
|c|☆Chrisloud|wait
|c|☆Chrisloud|why i have leftovers
|choice|move scald|move psychoboost
|
|move|p2a: WTF|Psycho Boost|p1a: Chinchou|[miss]
|-miss|p2a: WTF|p1a: Chinchou
|move|p1a: Chinchou|Scald|p2a: WTF
|-damage|p2a: WTF|3\/241
|
|upkeep
|turn|24
|c|☆UberSkitty|,,,
|c| Aaronboyer|oh my god
|c|☆Chrisloud|LOL
|c|☆Chrisloud|LOLOLOLOLOLOLO
|c|%Jungle Fox|lol
|j|Banger Champ
|c|☆Chrisloud|jf
|c|☆Chrisloud|ghost me
|c|%Jungle Fox|ok
|c|☆Chrisloud|what is the best decision here
|c|%Jungle Fox|imo u should rest
|c|☆Chrisloud|chou or altara to face drif
|c| travod|volt switch
|c|☆Chrisloud|i have lefties
|c|☆Chrisloud|its not surviving
|c|☆Chrisloud|lol
|c|%Jungle Fox|which altaria variant?
|choice|move rest|move knockoff
|
|move|p2a: WTF|Knock Off|p1a: Chinchou
|-damage|p1a: Chinchou|0 fnt
|-enditem|p1a: Chinchou|Leftovers|[from] move: Knock Off|[of] p2a: WTF
|-damage|p2a: WTF|0 fnt|[from] item: Life Orb
|faint|p1a: Chinchou
|faint|p2a: WTF
|
|upkeep
|c|☆Chrisloud|defensive
|choice|switch 4|switch 5
|
|switch|p2a: :D|Drifblim, F|444\/444
|switch|p1a: Altaria|Altaria, M|266\/354
|-damage|p2a: :D|333\/444|[from] Stealth Rock
|-damage|p1a: Altaria|178\/354|[from] Stealth Rock
|turn|25
|j|Pikabuuuuu!!!!!!
|c| travod|alright should have switched
|choice|move roost|move substitute
|
|move|p2a: :D|Substitute|p2a: :D
|-start|p2a: :D|Substitute
|-damage|p2a: :D|222\/444
|move|p1a: Altaria|Roost|p1a: Altaria
|-heal|p1a: Altaria|354\/354
|
|upkeep
|turn|26
|c| Aaronboyer|gl u2
|choice|move flamethrower|move knockoff
|
|move|p2a: :D|Knock Off|p1a: Altaria
|-damage|p1a: Altaria|281\/354
|-enditem|p1a: Altaria|Leftovers|[from] move: Knock Off|[of] p2a: :D
|move|p1a: Altaria|Flamethrower|p2a: :D
|-activate|p2a: :D|move: Substitute|[damage]
|
|upkeep
|turn|27
|c|☆Chrisloud|oh my
|choice|move flamethrower|move willowisp
|
|move|p2a: :D|Will-O-Wisp|p1a: Altaria
|-status|p1a: Altaria|brn
|move|p1a: Altaria|Flamethrower|p2a: :D
|-end|p2a: :D|Substitute
|
|-damage|p1a: Altaria|237\/354 brn|[from] brn
|upkeep
|turn|28
|c|☆Chrisloud|pfff
|c| travod|gg
|choice|move flamethrower|move substitute
|
|move|p2a: :D|Substitute|p2a: :D
|-start|p2a: :D|Substitute
|-damage|p2a: :D|111\/444
|-enditem|p2a: :D|Liechi Berry|[eat]
|-boost|p2a: :D|atk|1
|move|p1a: Altaria|Flamethrower|p2a: :D
|-activate|p2a: :D|move: Substitute|[damage]
|
|-damage|p1a: Altaria|193\/354 brn|[from] brn
|upkeep
|turn|29
|c|☆Chrisloud|crit
|c|☆UberSkitty|gg
|choice|move roost|move acrobatics
|
|move|p2a: :D|Acrobatics|p1a: Altaria
|-damage|p1a: Altaria|0 fnt
|faint|p1a: Altaria
|
|win|UberSkitty
|l|TIBot
|c|☆Chrisloud|gg
|l|travod
|l|MrCoolRanchDoritos
|l|Aaronboyer
|l|Chrisloud</script>
</div>
<div class="battle-log battle-log-inline"><div class="inner"><div class="battle-options"></div><div class="inner"><div class="chat"><small>Chrisloud joined.</small></div><div class="chat"><small>UberSkitty joined.</small></div><div class=""><small>Format:</small> <br><strong>PU</strong></div><div class=""><small><em>Sleep Clause Mod:</em> Limit one foe put to sleep</small></div><div class=""><small><em>Species Clause:</em> Limit one of each Pokémon</small></div><div class=""><small><em>OHKO Clause:</em> OHKO moves are banned</small></div><div class=""><small><em>Moody Clause:</em> Moody is banned</small></div><div class=""><small><em>Evasion Moves Clause:</em> Evasion moves are banned</small></div><div class=""><small><em>Endless Battle Clause:</em> Forcing endless battles is banned</small></div><div class=""><small><em>HP Percentage Mod:</em> HP is shown in percentages</small></div><div class=""><small><em>Swagger Clause:</em> Swagger is banned</small></div><div class=""><small><em>Baton Pass Clause:</em> Limit one Baton Passer, can't pass Spe and other stats simultaneously</small></div><div class="chat battle-history"><strong>Chrisloud's team:</strong> <em style="color:#445566;display:block;">Bronzor / Altaria / Chinchou / Vullaby / Deoxys-Attack / Pawniard</em></div><div class="chat battle-history"><strong>UberSkitty's team:</strong> <em style="color:#445566;display:block;">Deoxys-Attack / Purugly / Probopass / Lumineon / Drifblim / Mr. Mime</em></div><div class="chat"><small>TIBot joined.</small></div><div class="chat"><small>reverse aim joined.</small></div><div class="chat chatmessage-uberskitty"><strong style="color:hsl(74,64%,33%)"><small>☆</small><span class="username" data-name="UberSkitty">UberSkitty</span>:</strong> <em>hf</em></div><div class="chat"><small>TempestTurn joined.</small></div><div class="chat chatmessage-chrisloud"><strong style="color:hsl(98,63%,38%)"><small>☆</small><span class="username" data-name="Chrisloud">Chrisloud</span>:</strong> <em>hf</em></div><div class="chat chatmessage-chrisloud"><strong style="color:hsl(98,63%,38%)"><small>☆</small><span class="username" data-name="Chrisloud">Chrisloud</span>:</strong> <em>bl</em></div><div class="spacer battle-history"><br></div><div class="battle-history">Battle started between Chrisloud and UberSkitty!<br></div><div class="spacer battle-history"><br></div><div class="battle-history">Go! <strong>Chinchou</strong>!<br></div><div class="spacer battle-history"><br></div><div class="battle-history">UberSkitty sent out Shave Me (<strong>Probopass</strong>)!<br></div><div class="spacer battle-history"><br></div><h2 class="battle-history">Turn 1</h2><div class="spacer battle-history"><br></div><div class="battle-history">Chinchou used <strong>Scald</strong>!<br></div><div class="battle-history"><small>It's super effective!</small><br></div><div class="battle-history"><small>(The opposing Shave Me lost <abbr title="−90/287">31.4%</abbr> of its health!)</small><br></div><div class="battle-history"><small>The opposing Shave Me was burned!</small><br></div><div class="spacer battle-history"><br></div><div class="battle-history">The opposing Shave Me used <strong>Stealth Rock</strong>!<br></div><div class="battle-history"><small>Pointed stones float in the air around your team!</small><br></div><div class="spacer battle-history"><br></div><div class="battle-history"><small>The opposing Shave Me restored a little HP using its Leftovers!</small><br></div><div class="battle-history"><small>The opposing Shave Me was hurt by its burn!</small><br></div><div class="spacer battle-history"><br></div><h2 class="battle-history">Turn 2</h2><div class="chat chatmessage-uberskitty"><strong style="color:hsl(74,64%,33%)"><small>☆</small><span class="username" data-name="UberSkitty">UberSkitty</span>:</strong> <em>:(</em></div><div class="chat chatmessage-chrisloud"><strong style="color:hsl(98,63%,38%)"><small>☆</small><span class="username" data-name="Chrisloud">Chrisloud</span>:</strong> <em>ez burn</em></div><div class="spacer battle-history"><br></div><div class="battle-history">Chinchou used <strong>Volt Switch</strong>!<br></div><div class="battle-history"><small>(The opposing Shave Me lost <abbr title="−36/287">12.5%</abbr> of its health!)</small><br></div><div class="chat chatmessage-chrisloud"><strong style="color:hsl(98,63%,38%)"><small>☆</small><span class="username" data-name="Chrisloud">Chrisloud</span>:</strong> <em>i hope u click</em></div><div class="chat chatmessage-chrisloud"><strong style="color:hsl(98,63%,38%)"><small>☆</small><span class="username" data-name="Chrisloud">Chrisloud</span>:</strong> <em>volt switch</em></div><div class="chat"><small>Jungle Fox joined.</small></div><div class="chat"><small>BananaBeardTV joined.</small></div><div class="chat chatmessage-uberskitty"><strong style="color:hsl(74,64%,33%)"><small>☆</small><span class="username" data-name="UberSkitty">UberSkitty</span>:</strong> <em>i hate thins thing</em></div><div class="spacer battle-history"><br></div><div class="battle-history">Chinchou went back to Chrisloud!<br></div><div class="battle-history">Go! <strong>Vullaby</strong>!<br></div><div class="battle-history"><small>Pointed stones dug into Vullaby!</small><br></div><div class="spacer battle-history"><br></div><div class="battle-history">The opposing Shave Me used <strong>Earth Power</strong>!<br></div><div class="battle-history"><small>It doesn't affect Vullaby...</small><br></div><div class="spacer battle-history"><br></div><div class="battle-history"><small>The opposing Shave Me restored a little HP using its Leftovers!</small><br></div><div class="battle-history"><small>The opposing Shave Me was hurt by its burn!</small><br></div><div class="spacer battle-history"><br></div><h2 class="battle-history">Turn 3</h2><div class="chat"><small>BananaBeardTV left.</small></div><div class="chat chatmessage-chrisloud"><strong style="color:hsl(98,63%,38%)"><small>☆</small><span class="username" data-name="Chrisloud">Chrisloud</span>:</strong> <em>we did it</em></div><div class="spacer battle-history"><br></div><div class="battle-history">Vullaby used <strong>Defog</strong>!<br></div><div class="battle-history"><small>The opposing Shave Me's evasiveness fell!</small><br></div><div class="battle-history"><small>The pointed stones disappeared from around your team!</small><br></div><div class="spacer battle-history"><br></div><div class="battle-history">The opposing Shave Me used <strong>Volt Switch</strong>!<br></div><div class="battle-history"><small>It's super effective!</small><br></div><div class="battle-history"><small>(Vullaby lost <abbr title="−114/343">33.2%</abbr> of its health!)</small><br></div><div class="chat chatmessage-chrisloud"><strong style="color:hsl(98,63%,38%)"><small>☆</small><span class="username" data-name="Chrisloud">Chrisloud</span>:</strong> <em>we did t</em></div><div class="spacer battle-history"><br></div><div class="battle-history">The opposing Shave Me went back to UberSkitty!<br></div><div class="battle-history">UberSkitty sent out I'm a Woman (<strong>Mr. Mime</strong>)!<br></div><div class="spacer battle-history"><br></div><h2 class="battle-history">Turn 4</h2><div class="chat"><small>TempestTurn left.</small></div><div class="spacer battle-history"><br></div><div class="battle-history">The opposing I'm a Woman used <strong>Shadow Ball</strong>!<br></div><div class="battle-history"><small>It's not very effective...</small><br></div><div class="battle-history"><small>(Vullaby lost <abbr title="−37/343">10.8%</abbr> of its health!)</small><br></div><div class="spacer battle-history"><br></div><div class="battle-history">Vullaby used <strong>Foul Play</strong>!<br></div><div class="battle-history"><small>(The opposing I'm a Woman lost <abbr title="−60/221">27.1%</abbr> of its health!)</small><br></div><div class="spacer battle-history"><br></div><h2 class="battle-history">Turn 5</h2><div class="chat chatmessage-chrisloud"><strong style="color:hsl(98,63%,38%)"><small>☆</small><span class="username" data-name="Chrisloud">Chrisloud</span>:</strong> <em>got em</em></div><div class="spacer battle-history"><br></div><div class="battle-history">The opposing I'm a Woman used <strong>Shadow Ball</strong>!<br></div><div class="battle-history"><small>It's not very effective...</small><br></div><div class="battle-history"><small>(Vullaby lost <abbr title="−34/343">9.9%</abbr> of its health!)</small><br></div><div class="battle-history"><small>Vullaby's Special Defense fell!</small><br></div><div class="spacer battle-history"><br></div><div class="battle-history">Vullaby used <strong>Roost</strong>!<br></div><div class="battle-history"><small>Vullaby restored its HP.</small><br></div><div class="spacer battle-history"><br></div><h2 class="battle-history">Turn 6</h2><div class="spacer battle-history"><br></div><div class="battle-history">UberSkitty withdrew I'm a Woman!<br></div><div class="battle-history">UberSkitty sent out Beautifish (<strong>Lumineon</strong>)!<br></div><div class="spacer battle-history"><br></div><div class="battle-history">Vullaby used <strong>Roost</strong>!<br></div><div class="battle-history"><small>Vullaby restored its HP.</small><br></div><div class="spacer battle-history"><br></div><h2 class="battle-history">Turn 7</h2><div class="spacer battle-history"><br></div><div class="battle-history">Vullaby, come back!<br></div><div class="battle-history">Go! <strong>Bronzor</strong>!<br></div><div class="spacer battle-history"><br></div><div class="battle-history">The opposing Beautifish used <strong>Toxic</strong>!<br></div><div class="battle-history"><small>It doesn't affect Bronzor...</small><br></div><div class="spacer battle-history"><br></div><h2 class="battle-history">Turn 8</h2><div class="spacer battle-history"><br></div><div class="battle-history">The opposing Beautifish used <strong>U-turn</strong>!<br></div><div class="battle-history"><small>A critical hit!</small><br></div><div class="battle-history"><small>(Bronzor lost <abbr title="−34/318">10.7%</abbr> of its health!)</small><br></div><div class="spacer battle-history"><br></div><div class="battle-history">The opposing Beautifish went back to UberSkitty!<br></div><div class="battle-history">UberSkitty sent out Shave Me (<strong>Probopass</strong>)!<br></div><div class="spacer battle-history"><br></div><div class="battle-history">Bronzor used <strong>Stealth Rock</strong>!<br></div><div class="battle-history"><small>Pointed stones float in the air around the opposing team!</small><br></div><div class="spacer battle-history"><br></div><div class="battle-history"><small>The opposing Shave Me restored a little HP using its Leftovers!</small><br></div><div class="battle-history"><small>The opposing Shave Me was hurt by its burn!</small><br></div><div class="spacer battle-history"><br></div><h2 class="battle-history">Turn 9</h2><div class="chat chatmessage-chrisloud"><strong style="color:hsl(98,63%,38%)"><small>☆</small><span class="username" data-name="Chrisloud">Chrisloud</span>:</strong> <em>smack down probo</em></div><div class="chat chatmessage-chrisloud"><strong style="color:hsl(98,63%,38%)"><small>☆</small><span class="username" data-name="Chrisloud">Chrisloud</span>:</strong> <em>i feel it</em></div><div class="spacer battle-history"><br></div><div class="battle-history">The opposing Shave Me used <strong>Stealth Rock</strong>!<br></div><div class="battle-history"><small>Pointed stones float in the air around your team!</small><br></div><div class="spacer battle-history"><br></div><div class="battle-history">Bronzor used <strong>Psywave</strong>!<br></div><div class="battle-history"><small>(The opposing Shave Me lost <abbr title="−83/287">28.9%</abbr> of its health!)</small><br></div><div class="spacer battle-history"><br></div><div class="battle-history"><small>The opposing Shave Me restored a little HP using its Leftovers!</small><br></div><div class="battle-history"><small>The opposing Shave Me was hurt by its burn!</small><br></div><div class="spacer battle-history"><br></div><h2 class="battle-history">Turn 10</h2><div class="chat chatmessage-chrisloud"><strong style="color:hsl(98,63%,38%)"><small>☆</small><span class="username" data-name="Chrisloud">Chrisloud</span>:</strong> <em>r u feeling it mr krabs</em></div><div class="spacer battle-history"><br></div><div class="battle-history">The opposing Shave Me used <strong>Flash Cannon</strong>!<br></div><div class="battle-history"><small>It's not very effective...</small><br></div><div class="battle-history"><small>(Bronzor lost <abbr title="−37/318">11.6%</abbr> of its health!)</small><br></div><div class="battle-history"><small>Bronzor's Special Defense fell!</small><br></div><div class="spacer battle-history"><br></div><div class="battle-history">Bronzor used <strong>Psywave</strong>!<br></div><div class="battle-history"><small>(The opposing Shave Me lost <abbr title="−6/287">2.1%</abbr> of its health!)</small><br></div><div class="spacer battle-history"><br></div><div class="battle-history">The opposing Shave Me fainted!<br></div><div class="spacer battle-history"><br></div><div class="battle-history">UberSkitty sent out <strong>Purugly</strong>!<br></div><div class="battle-history"><small>Pointed stones dug into the opposing Purugly!</small><br></div><div class="spacer battle-history"><br></div><h2 class="battle-history">Turn 11</h2><div class="spacer battle-history"><br></div><div class="battle-history">Bronzor, come back!<br></div><div class="battle-history">Go! <strong>Vullaby</strong>!<br></div><div class="battle-history"><small>Pointed stones dug into Vullaby!</small><br></div><div class="spacer battle-history"><br></div><div class="battle-history">The opposing Purugly used <strong>Knock Off</strong>!<br></div><div class="battle-history"><small>It's not very effective...</small><br></div><div class="battle-history"><small>(Vullaby lost <abbr title="−25/343">7.3%</abbr> of its health!)</small><br></div><div class="battle-history"><small>The opposing Purugly knocked off Vullaby's Eviolite!</small><br></div><div class="spacer battle-history"><br></div><h2 class="battle-history">Turn 12</h2><div class="spacer battle-history"><br></div><div class="battle-history">The opposing Purugly used <strong>Frustration</strong>!<br></div><div class="battle-history"><small>(Vullaby lost <abbr title="−145/343">42.3%</abbr> of its health!)</small><br></div><div class="spacer battle-history"><br></div><div class="battle-history">Vullaby used <strong>Foul Play</strong>!<br></div><div class="battle-history"><small>(The opposing Purugly lost <abbr title="−184/283">65.0%</abbr> of its health!)</small><br></div><div class="spacer battle-history"><br></div><h2 class="battle-history">Turn 13</h2><div class="spacer battle-history"><br></div><div class="battle-history">The opposing Purugly used <strong>Frustration</strong>!<br></div><div class="battle-history"><small>(Vullaby lost <abbr title="−88/343">25.7%</abbr> of its health!)</small><br></div><div class="spacer battle-history"><br></div><div class="battle-history">Vullaby fainted!<br></div><div class="chat chatmessage-uberskitty"><strong style="color:hsl(74,64%,33%)"><small>☆</small><span class="username" data-name="UberSkitty">UberSkitty</span>:</strong> <em>ez</em></div><div class="spacer battle-history"><br></div><div class="battle-history">Go! <strong>Pawniard</strong>!<br></div><div class="battle-history"><small>Pointed stones dug into Pawniard!</small><br></div><div class="spacer battle-history"><br></div><h2 class="battle-history">Turn 14</h2><div class="chat chatmessage-chrisloud"><strong style="color:hsl(98,63%,38%)"><small>☆</small><span class="username" data-name="Chrisloud">Chrisloud</span>:</strong> <em>no u</em></div><div class="spacer battle-history"><br></div><div class="battle-history">The opposing Purugly used <strong>Knock Off</strong>!<br></div><div class="battle-history"><small>It's not very effective...</small><br></div><div class="battle-history"><small>(Pawniard lost <abbr title="−35/231">15.2%</abbr> of its health!)</small><br></div><div class="battle-history"><small>The opposing Purugly knocked off Pawniard's Eviolite!</small><br></div><div class="spacer battle-history"><br></div><div class="battle-history">Pawniard used <strong>Knock Off</strong>!<br></div><div class="battle-history"><small>(The opposing Purugly lost <abbr title="−64/283">22.6%</abbr> of its health!)</small><br></div><div class="battle-history"><small>Pawniard knocked off the opposing Purugly's Silk Scarf!</small><br></div><div class="spacer battle-history"><br></div><div class="battle-history">The opposing Purugly fainted!<br></div><div class="spacer battle-history"><br></div><div class="battle-history">UberSkitty sent out Beautifish (<strong>Lumineon</strong>)!<br></div><div class="battle-history"><small>Pointed stones dug into the opposing Beautifish!</small><br></div><div class="spacer battle-history"><br></div><h2 class="battle-history">Turn 15</h2><div class="spacer battle-history"><br></div><div class="battle-history">The opposing Beautifish used <strong>Scald</strong>!<br></div><div class="battle-history"><small>(Pawniard lost <abbr title="−153/231">66.2%</abbr> of its health!)</small><br></div><div class="spacer battle-history"><br></div><div class="battle-history">Pawniard used <strong>Swords Dance</strong>!<br></div><div class="battle-history"><small>Pawniard's Attack rose sharply!</small><br></div><div class="spacer battle-history"><br></div><div class="battle-history"><small>The opposing Beautifish restored a little HP using its Leftovers!</small><br></div><div class="spacer battle-history"><br></div><h2 class="battle-history">Turn 16</h2><div class="chat chatmessage-uberskitty"><strong style="color:hsl(74,64%,33%)"><small>☆</small><span class="username" data-name="UberSkitty">UberSkitty</span>:</strong> <em>no burn?</em></div><div class="spacer battle-history"><br></div><div class="battle-history">Pawniard used <strong>Sucker Punch</strong>!<br></div><div class="battle-history"><small>(The opposing Beautifish lost <abbr title="−193/341">56.6%</abbr> of its health!)</small><br></div><div class="spacer battle-history"><br></div><div class="battle-history">The opposing Beautifish used <strong>Scald</strong>!<br></div><div class="battle-history"><small>(Pawniard lost <abbr title="−29/231">12.6%</abbr> of its health!)</small><br></div><div class="spacer battle-history"><br></div><div class="battle-history">Pawniard fainted!<br></div><div class="spacer battle-history"><br></div><div class="battle-history"><small>The opposing Beautifish restored a little HP using its Leftovers!</small><br></div><div class="spacer battle-history"><br></div><div class="battle-history">Go! Deoxys (<strong>Deoxys-Attack</strong>)!<br></div><div class="battle-history"><small>Pointed stones dug into Deoxys!</small><br></div><div class="battle-history"><small>[Deoxys's Pressure]</small><br><small>Deoxys is exerting its pressure!</small><br></div><div class="spacer battle-history"><br></div><h2 class="battle-history">Turn 17</h2><div class="chat"><small>PokemonMasterTJ joined.</small></div><div class="chat chatmessage-chrisloud"><strong style="color:hsl(98,63%,38%)"><small>☆</small><span class="username" data-name="Chrisloud">Chrisloud</span>:</strong> <em>bop</em></div><div class="spacer battle-history"><br></div><div class="battle-history">Deoxys used <strong>Knock Off</strong>!<br></div><div class="battle-history"><small>(The opposing Beautifish lost <abbr title="−148/341">43.4%</abbr> of its health!)</small><br></div><div class="battle-history"><small>Deoxys knocked off the opposing Beautifish's Leftovers!</small><br></div><div class="battle-history"><small>Deoxys lost some of its HP!</small><br></div><div class="spacer battle-history"><br></div><div class="battle-history">The opposing Beautifish fainted!<br></div><div class="chat chatmessage-chrisloud"><strong style="color:hsl(98,63%,38%)"><small>☆</small><span class="username" data-name="Chrisloud">Chrisloud</span>:</strong> <em>name a switch in</em></div><div class="chat chatmessage-chrisloud"><strong style="color:hsl(98,63%,38%)"><small>☆</small><span class="username" data-name="Chrisloud">Chrisloud</span>:</strong> <em>boi</em></div><div class="spacer battle-history"><br></div><div class="battle-history">UberSkitty sent out WTF (<strong>Deoxys-Attack</strong>)!<br></div><div class="battle-history"><small>Pointed stones dug into the opposing WTF!</small><br></div><div class="battle-history"><small>[The opposing WTF's Pressure]</small><br><small>The opposing WTF is exerting its pressure!</small><br></div><div class="spacer battle-history"><br></div><h2 class="battle-history">Turn 18</h2><div class="chat chatmessage-uberskitty"><strong style="color:hsl(74,64%,33%)"><small>☆</small><span class="username" data-name="UberSkitty">UberSkitty</span>:</strong> <em>lets go</em></div><div class="chat"><small>travod joined.</small></div><div class="chat chatmessage-chrisloud"><strong style="color:hsl(98,63%,38%)"><small>☆</small><span class="username" data-name="Chrisloud">Chrisloud</span>:</strong> <em>oh my</em></div><div class="chat chatmessage-chrisloud"><strong style="color:hsl(98,63%,38%)"><small>☆</small><span class="username" data-name="Chrisloud">Chrisloud</span>:</strong> <em>the one what wins this wins the gane</em></div><div class="spacer battle-history"><br></div><div class="battle-history">The opposing WTF used <strong>Extreme Speed</strong>!<br></div><div class="battle-history"><small>(Deoxys lost <abbr title="−187/241">77.6%</abbr> of its health!)</small><br></div><div class="battle-history"><small>The opposing WTF lost some of its HP!</small><br></div><div class="spacer battle-history"><br></div><div class="battle-history">Deoxys fainted!<br></div><div class="chat chatmessage-uberskitty"><strong style="color:hsl(74,64%,33%)"><small>☆</small><span class="username" data-name="UberSkitty">UberSkitty</span>:</strong> <em>gottem</em></div><div class="chat chatmessage-travod"><strong style="color:hsl(230,56%,60.70980444009814%)"><small> </small><span class="username" data-name="travod">travod</span>:</strong> <em>k</em></div><div class="spacer battle-history"><br></div><div class="battle-history">Go! <strong>Bronzor</strong>!<br></div><div class="battle-history"><small>Pointed stones dug into Bronzor!</small><br></div><div class="spacer battle-history"><br></div><h2 class="battle-history">Turn 19</h2><div class="chat chatmessage-chrisloud"><strong style="color:hsl(98,63%,38%)"><small>☆</small><span class="username" data-name="Chrisloud">Chrisloud</span>:</strong> <em>CMON BRONZOR</em></div><div class="chat chatmessage-chrisloud"><strong style="color:hsl(98,63%,38%)"><small>☆</small><span class="username" data-name="Chrisloud">Chrisloud</span>:</strong> <em>I BELIEVE IN YOU</em></div><div class="spacer battle-history"><br></div><div class="battle-history">The opposing WTF used <strong>Knock Off</strong>!<br></div><div class="battle-history"><small>It's super effective!</small><br></div><div class="battle-history"><small>(Bronzor lost <abbr title="−213/318">67.0%</abbr> of its health!)</small><br></div><div class="battle-history"><small>The opposing WTF knocked off Bronzor's Eviolite!</small><br></div><div class="battle-history"><small>The opposing WTF lost some of its HP!</small><br></div><div class="spacer battle-history"><br></div><div class="battle-history">Bronzor used <strong>Psywave</strong>!<br></div><div class="battle-history"><small>(The opposing WTF lost <abbr title="−75/241">31.1%</abbr> of its health!)</small><br></div><div class="spacer battle-history"><br></div><h2 class="battle-history">Turn 20</h2><div class="chat chatmessage-travod"><strong style="color:hsl(230,56%,60.70980444009814%)"><small> </small><span class="username" data-name="travod">travod</span>:</strong> <em>bronzor wins this matchup</em></div><div class="chat chatmessage-chrisloud"><strong style="color:hsl(98,63%,38%)"><small>☆</small><span class="username" data-name="Chrisloud">Chrisloud</span>:</strong> <em>LOLOLOLOLOLOLO</em></div><div class="spacer battle-history"><br></div><div class="battle-history">The opposing WTF used <strong>Knock Off</strong>!<br></div><div class="battle-history"><small>It's super effective!</small><br></div><div class="battle-history"><small>(Bronzor lost <abbr title="−15/318">4.7%</abbr> of its health!)</small><br></div><div class="battle-history"><small>The opposing WTF lost some of its HP!</small><br></div><div class="spacer battle-history"><br></div><div class="battle-history">Bronzor fainted!<br></div><div class="chat chatmessage-chrisloud"><strong style="color:hsl(98,63%,38%)"><small>☆</small><span class="username" data-name="Chrisloud">Chrisloud</span>:</strong> <em>bronzor is a go</em></div><div class="chat chatmessage-chrisloud"><strong style="color:hsl(98,63%,38%)"><small>☆</small><span class="username" data-name="Chrisloud">Chrisloud</span>:</strong> <em>god</em></div><div class="spacer battle-history"><br></div><div class="battle-history">Go! <strong>Altaria</strong>!<br></div><div class="battle-history"><small>Pointed stones dug into Altaria!</small><br></div><div class="spacer battle-history"><br></div><h2 class="battle-history">Turn 21</h2><div class="spacer battle-history"><br></div><div class="battle-history">UberSkitty withdrew WTF!<br></div><div class="battle-history">UberSkitty sent out I'm a Woman (<strong>Mr. Mime</strong>)!<br></div><div class="battle-history"><small>Pointed stones dug into the opposing I'm a Woman!</small><br></div><div class="spacer battle-history"><br></div><div class="battle-history">Altaria, come back!<br></div><div class="battle-history">Go! <strong>Chinchou</strong>!<br></div><div class="battle-history"><small>Pointed stones dug into Chinchou!</small><br></div><div class="spacer battle-history"><br></div><div class="battle-history"><small>Chinchou restored a little HP using its Leftovers!</small><br></div><div class="spacer battle-history"><br></div><h2 class="battle-history">Turn 22</h2><div class="chat chatmessage-chrisloud"><strong style="color:hsl(98,63%,38%)"><small>☆</small><span class="username" data-name="Chrisloud">Chrisloud</span>:</strong> <em>ez outplay</em></div><div class="spacer battle-history"><br></div><div class="battle-history">The opposing I'm a Woman used <strong>Healing Wish</strong>!<br></div><div class="spacer battle-history"><br></div><div class="battle-history">The opposing I'm a Woman fainted!<br></div><div class="battle-history">Chinchou used <strong>Volt Switch</strong>!<br></div><div class="battle-history"><small>But there was no target...</small><br></div><div class="spacer battle-history"><br></div><div class="battle-history"><small>Chinchou restored a little HP using its Leftovers!</small><br></div><div class="chat chatmessage-chrisloud"><strong style="color:hsl(98,63%,38%)"><small>☆</small><span class="username" data-name="Chrisloud">Chrisloud</span>:</strong> <em>thats</em></div><div class="chat chatmessage-chrisloud"><strong style="color:hsl(98,63%,38%)"><small>☆</small><span class="username" data-name="Chrisloud">Chrisloud</span>:</strong> <em>low</em></div><div class="spacer battle-history"><br></div><div class="battle-history">UberSkitty sent out WTF (<strong>Deoxys-Attack</strong>)!<br></div><div class="battle-history"><small>The healing wish came true for the opposing WTF!</small><br></div><div class="battle-history"><small>Pointed stones dug into the opposing WTF!</small><br></div><div class="battle-history"><small>[The opposing WTF's Pressure]</small><br><small>The opposing WTF is exerting its pressure!</small><br></div><div class="spacer battle-history"><br></div><h2 class="battle-history">Turn 23</h2><div class="chat chatmessage-chrisloud"><strong style="color:hsl(98,63%,38%)"><small>☆</small><span class="username" data-name="Chrisloud">Chrisloud</span>:</strong> <em>LOL</em></div><div class="chat"><small>Aaronboyer joined.</small></div><div class="chat chatmessage-chrisloud"><strong style="color:hsl(98,63%,38%)"><small>☆</small><span class="username" data-name="Chrisloud">Chrisloud</span>:</strong> <em>cmon chinchou</em></div><div class="chat"><small>MrCoolRanchDoritos joined.</small></div><div class="chat chatmessage-chrisloud"><strong style="color:hsl(98,63%,38%)"><small>☆</small><span class="username" data-name="Chrisloud">Chrisloud</span>:</strong> <em>burn crit</em></div><div class="chat chatmessage-chrisloud"><strong style="color:hsl(98,63%,38%)"><small>☆</small><span class="username" data-name="Chrisloud">Chrisloud</span>:</strong> <em>him</em></div><div class="chat chatmessage-chrisloud"><strong style="color:hsl(98,63%,38%)"><small>☆</small><span class="username" data-name="Chrisloud">Chrisloud</span>:</strong> <em>in the butt</em></div><div class="chat chatmessage-chrisloud"><strong style="color:hsl(98,63%,38%)"><small>☆</small><span class="username" data-name="Chrisloud">Chrisloud</span>:</strong> <em>wait</em></div><div class="chat chatmessage-chrisloud"><strong style="color:hsl(98,63%,38%)"><small>☆</small><span class="username" data-name="Chrisloud">Chrisloud</span>:</strong> <em>why i have leftovers</em></div><div class="spacer battle-history"><br></div><div class="battle-history">The opposing WTF used <strong>Psycho Boost</strong>!<br></div><div class="battle-history"><small>Chinchou avoided the attack!</small><br></div><div class="spacer battle-history"><br></div><div class="battle-history">Chinchou used <strong>Scald</strong>!<br></div><div class="battle-history"><small>(The opposing WTF lost <abbr title="−208/241">86.3%</abbr> of its health!)</small><br></div><div class="spacer battle-history"><br></div><h2 class="battle-history">Turn 24</h2><div class="chat chatmessage-uberskitty"><strong style="color:hsl(74,64%,33%)"><small>☆</small><span class="username" data-name="UberSkitty">UberSkitty</span>:</strong> <em>,,,</em></div><div class="chat chatmessage-aaronboyer"><strong style="color:hsl(2,76%,46.066251171293864%)"><small> </small><span class="username" data-name="Aaronboyer">Aaronboyer</span>:</strong> <em>oh my god</em></div><div class="chat chatmessage-chrisloud"><strong style="color:hsl(98,63%,38%)"><small>☆</small><span class="username" data-name="Chrisloud">Chrisloud</span>:</strong> <em>LOL</em></div><div class="chat chatmessage-chrisloud"><strong style="color:hsl(98,63%,38%)"><small>☆</small><span class="username" data-name="Chrisloud">Chrisloud</span>:</strong> <em>LOLOLOLOLOLOLO</em></div><div class="chat chatmessage-junglefox"><strong style="color:hsl(303,42%,50.48366012119777%)"><small>%</small><span class="username" data-name="Jungle Fox">Jungle Fox</span>:</strong> <em>lol</em></div><div class="chat"><small>Banger Champ joined.</small></div><div class="chat chatmessage-chrisloud"><strong style="color:hsl(98,63%,38%)"><small>☆</small><span class="username" data-name="Chrisloud">Chrisloud</span>:</strong> <em>jf</em></div><div class="chat chatmessage-chrisloud"><strong style="color:hsl(98,63%,38%)"><small>☆</small><span class="username" data-name="Chrisloud">Chrisloud</span>:</strong> <em>ghost me</em></div><div class="chat chatmessage-junglefox"><strong style="color:hsl(303,42%,50.48366012119777%)"><small>%</small><span class="username" data-name="Jungle Fox">Jungle Fox</span>:</strong> <em>ok</em></div><div class="chat chatmessage-chrisloud"><strong style="color:hsl(98,63%,38%)"><small>☆</small><span class="username" data-name="Chrisloud">Chrisloud</span>:</strong> <em>what is the best decision here</em></div><div class="chat chatmessage-junglefox"><strong style="color:hsl(303,42%,50.48366012119777%)"><small>%</small><span class="username" data-name="Jungle Fox">Jungle Fox</span>:</strong> <em>imo u should rest</em></div><div class="chat chatmessage-chrisloud"><strong style="color:hsl(98,63%,38%)"><small>☆</small><span class="username" data-name="Chrisloud">Chrisloud</span>:</strong> <em>chou or altara to face drif</em></div><div class="chat chatmessage-travod"><strong style="color:hsl(230,56%,60.70980444009814%)"><small> </small><span class="username" data-name="travod">travod</span>:</strong> <em>volt switch</em></div><div class="chat chatmessage-chrisloud"><strong style="color:hsl(98,63%,38%)"><small>☆</small><span class="username" data-name="Chrisloud">Chrisloud</span>:</strong> <em>i have lefties</em></div><div class="chat chatmessage-chrisloud"><strong style="color:hsl(98,63%,38%)"><small>☆</small><span class="username" data-name="Chrisloud">Chrisloud</span>:</strong> <em>its not surviving</em></div><div class="chat chatmessage-chrisloud"><strong style="color:hsl(98,63%,38%)"><small>☆</small><span class="username" data-name="Chrisloud">Chrisloud</span>:</strong> <em>lol</em></div><div class="chat chatmessage-junglefox"><strong style="color:hsl(303,42%,50.48366012119777%)"><small>%</small><span class="username" data-name="Jungle Fox">Jungle Fox</span>:</strong> <em>which altaria variant?</em></div><div class="spacer battle-history"><br></div><div class="battle-history">The opposing WTF used <strong>Knock Off</strong>!<br></div><div class="battle-history"><small>(Chinchou lost <abbr title="−354/354">100%</abbr> of its health!)</small><br></div><div class="battle-history"><small>The opposing WTF knocked off Chinchou's Leftovers!</small><br></div><div class="battle-history"><small>The opposing WTF lost some of its HP!</small><br></div><div class="spacer battle-history"><br></div><div class="battle-history">Chinchou fainted!<br></div><div class="battle-history">The opposing WTF fainted!<br></div><div class="chat chatmessage-chrisloud"><strong style="color:hsl(98,63%,38%)"><small>☆</small><span class="username" data-name="Chrisloud">Chrisloud</span>:</strong> <em>defensive</em></div><div class="spacer battle-history"><br></div><div class="battle-history">UberSkitty sent out :D (<strong>Drifblim</strong>)!<br></div><div class="spacer battle-history"><br></div><div class="battle-history">Go! <strong>Altaria</strong>!<br></div><div class="battle-history"><small>Pointed stones dug into the opposing :D!</small><br></div><div class="battle-history"><small>Pointed stones dug into Altaria!</small><br></div><div class="spacer battle-history"><br></div><h2 class="battle-history">Turn 25</h2><div class="chat"><small>Pikabuuuuu!!!!!! joined.</small></div><div class="chat chatmessage-travod"><strong style="color:hsl(230,56%,60.70980444009814%)"><small> </small><span class="username" data-name="travod">travod</span>:</strong> <em>alright should have switched</em></div><div class="spacer battle-history"><br></div><div class="battle-history">The opposing :D used <strong>Substitute</strong>!<br></div><div class="battle-history"><small>The opposing :D put in a substitute!</small><br></div><div class="battle-history"><small>(The opposing :D lost <abbr title="−111/444">25%</abbr> of its health!)</small><br></div><div class="spacer battle-history"><br></div><div class="battle-history">Altaria used <strong>Roost</strong>!<br></div><div class="battle-history"><small>Altaria restored its HP.</small><br></div><div class="spacer battle-history"><br></div><h2 class="battle-history">Turn 26</h2><div class="chat chatmessage-aaronboyer"><strong style="color:hsl(2,76%,46.066251171293864%)"><small> </small><span class="username" data-name="Aaronboyer">Aaronboyer</span>:</strong> <em>gl u2</em></div><div class="spacer battle-history"><br></div><div class="battle-history">The opposing :D used <strong>Knock Off</strong>!<br></div><div class="battle-history"><small>(Altaria lost <abbr title="−73/354">20.6%</abbr> of its health!)</small><br></div><div class="battle-history"><small>The opposing :D knocked off Altaria's Leftovers!</small><br></div><div class="spacer battle-history"><br></div><div class="battle-history">Altaria used <strong>Flamethrower</strong>!<br></div><div class="battle-history"><small>The substitute took damage for the opposing :D!</small><br></div><div class="spacer battle-history"><br></div><h2 class="battle-history">Turn 27</h2><div class="chat chatmessage-chrisloud"><strong style="color:hsl(98,63%,38%)"><small>☆</small><span class="username" data-name="Chrisloud">Chrisloud</span>:</strong> <em>oh my</em></div><div class="spacer battle-history"><br></div><div class="battle-history">The opposing :D used <strong>Will-O-Wisp</strong>!<br></div><div class="battle-history"><small>Altaria was burned!</small><br></div><div class="spacer battle-history"><br></div><div class="battle-history">Altaria used <strong>Flamethrower</strong>!<br></div><div class="battle-history"><small>The opposing :D's substitute faded!</small><br></div><div class="spacer battle-history"><br></div><div class="battle-history"><small>Altaria was hurt by its burn!</small><br></div><div class="spacer battle-history"><br></div><h2 class="battle-history">Turn 28</h2><div class="chat chatmessage-chrisloud"><strong style="color:hsl(98,63%,38%)"><small>☆</small><span class="username" data-name="Chrisloud">Chrisloud</span>:</strong> <em>pfff</em></div><div class="chat chatmessage-travod"><strong style="color:hsl(230,56%,60.70980444009814%)"><small> </small><span class="username" data-name="travod">travod</span>:</strong> <em>gg</em></div><div class="spacer battle-history"><br></div><div class="battle-history">The opposing :D used <strong>Substitute</strong>!<br></div><div class="battle-history"><small>The opposing :D put in a substitute!</small><br></div><div class="battle-history"><small>(The opposing :D lost <abbr title="−111/444">25%</abbr> of its health!)</small><br></div><div class="battle-history"><small>The opposing :D ate its Liechi Berry!</small><br></div><div class="battle-history"><small>The opposing :D's Attack rose!</small><br></div><div class="spacer battle-history"><br></div><div class="battle-history">Altaria used <strong>Flamethrower</strong>!<br></div><div class="battle-history"><small>The substitute took damage for the opposing :D!</small><br></div><div class="spacer battle-history"><br></div><div class="battle-history"><small>Altaria was hurt by its burn!</small><br></div><div class="spacer battle-history"><br></div><h2 class="battle-history">Turn 29</h2><div class="chat chatmessage-chrisloud"><strong style="color:hsl(98,63%,38%)"><small>☆</small><span class="username" data-name="Chrisloud">Chrisloud</span>:</strong> <em>crit</em></div><div class="chat chatmessage-uberskitty"><strong style="color:hsl(74,64%,33%)"><small>☆</small><span class="username" data-name="UberSkitty">UberSkitty</span>:</strong> <em>gg</em></div><div class="spacer battle-history"><br></div><div class="battle-history">The opposing :D used <strong>Acrobatics</strong>!<br></div><div class="battle-history"><small>(Altaria lost <abbr title="−193/354">54.5%</abbr> of its health!)</small><br></div><div class="spacer battle-history"><br></div><div class="battle-history">Altaria fainted!<br></div><div class="spacer battle-history"><br></div><div class="battle-history"><strong>UberSkitty</strong> won the battle!<br></div><div class="chat"><small>TIBot left.</small></div><div class="chat chatmessage-chrisloud"><strong style="color:hsl(98,63%,38%)"><small>☆</small><span class="username" data-name="Chrisloud">Chrisloud</span>:</strong> <em>gg</em></div><div class="chat"><small>travod left.</small></div><div class="chat"><small>MrCoolRanchDoritos left.</small></div><div class="chat"><small>Aaronboyer left.</small></div><div class="chat"><small>Chrisloud left.</small></div></div><div class="inner-preempt"></div></div></div>
</div>
<script>
let daily = Math.floor(Date.now()/1000/60/60/24);document.write('<script src="https://play.pokemonshowdown.com/js/replay-embed.js?version'+daily+'"></'+'script>');
</script>
