<!DOCTYPE html>
<meta charset="utf-8" />
<!-- version 1 -->
<title>PU replay: enemyjurist vs. PokemonMasterTJ</title>
<style>
html,body {font-family:Verdana, sans-serif;font-size:10pt;margin:0;padding:0;}body{padding:12px 0;} .battle-log {font-family:Verdana, sans-serif;font-size:10pt;} .battle-log-inline {border:1px solid #AAAAAA;background:#EEF2F5;color:black;max-width:640px;margin:0 auto 80px;padding-bottom:5px;} .battle-log .inner {padding:4px 8px 0px 8px;} .battle-log .inner-preempt {padding:0 8px 4px 8px;} .battle-log .inner-after {margin-top:0.5em;} .battle-log h2 {margin:0.5em -8px;padding:4px 8px;border:1px solid #AAAAAA;background:#E0E7EA;border-left:0;border-right:0;font-family:Verdana, sans-serif;font-size:13pt;} .battle-log .chat {vertical-align:middle;padding:3px 0 3px 0;font-size:8pt;} .battle-log .chat strong {color:#40576A;} .battle-log .chat em {padding:1px 4px 1px 3px;color:#000000;font-style:normal;} .chat.mine {background:rgba(0,0,0,0.05);margin-left:-8px;margin-right:-8px;padding-left:8px;padding-right:8px;} .spoiler {color:#BBBBBB;background:#BBBBBB;padding:0px 3px;} .spoiler:hover, .spoiler:active, .spoiler-shown {color:#000000;background:#E2E2E2;padding:0px 3px;} .spoiler a {color:#BBBBBB;} .spoiler:hover a, .spoiler:active a, .spoiler-shown a {color:#2288CC;} .chat code, .chat .spoiler:hover code, .chat .spoiler:active code, .chat .spoiler-shown code {border:1px solid #C0C0C0;background:#EEEEEE;color:black;padding:0 2px;} .chat .spoiler code {border:1px solid #CCCCCC;background:#CCCCCC;color:#CCCCCC;} .battle-log .rated {padding:3px 4px;} .battle-log .rated strong {color:white;background:#89A;padding:1px 4px;border-radius:4px;} .spacer {margin-top:0.5em;} .message-announce {background:#6688AA;color:white;padding:1px 4px 2px;} .message-announce a, .broadcast-green a, .broadcast-blue a, .broadcast-red a {color:#DDEEFF;} .broadcast-green {background-color:#559955;color:white;padding:2px 4px;} .broadcast-blue {background-color:#6688AA;color:white;padding:2px 4px;} .infobox {border:1px solid #6688AA;padding:2px 4px;} .infobox-limited {max-height:200px;overflow:auto;overflow-x:hidden;} .broadcast-red {background-color:#AA5544;color:white;padding:2px 4px;} .message-learn-canlearn {font-weight:bold;color:#228822;text-decoration:underline;} .message-learn-cannotlearn {font-weight:bold;color:#CC2222;text-decoration:underline;} .message-effect-weak {font-weight:bold;color:#CC2222;} .message-effect-resist {font-weight:bold;color:#6688AA;} .message-effect-immune {font-weight:bold;color:#666666;} .message-learn-list {margin-top:0;margin-bottom:0;} .message-throttle-notice, .message-error {color:#992222;} .message-overflow, .chat small.message-overflow {font-size:0pt;} .message-overflow::before {font-size:9pt;content:'...';} .subtle {color:#3A4A66;}
</style>
<div class="wrapper replay-wrapper" style="max-width:1180px;margin:0 auto">
<input type="hidden" name="replayid" value="pu-549296690" />
<div class="battle"></div><div class="battle-log"></div><div class="replay-controls"></div><div class="replay-controls-2"></div>
<h1 style="font-weight:normal;text-align:center"><strong>PU</strong><br /><a href="http://pokemonshowdown.com/users/enemyjurist" class="subtle" target="_blank">enemyjurist</a> vs. <a href="http://pokemonshowdown.com/users/pokemonmastertj" class="subtle" target="_blank">PokemonMasterTJ</a></h1>
<script type="text/plain" class="battle-log-data">|j|enemyjurist
|j|PokemonMasterTJ
|player|p1|enemyjurist|265
|player|p2|PokemonMasterTJ|287
|gametype|singles
|gen|6
|tier|PU
|seed|45066,3634,62494,35197
|rule|Sleep Clause Mod: Limit one foe put to sleep
|rule|Species Clause: Limit one of each Pokémon
|rule|OHKO Clause: OHKO moves are banned
|rule|Moody Clause: Moody is banned
|rule|Evasion Moves Clause: Evasion moves are banned
|rule|Endless Battle Clause: Forcing endless battles is banned
|rule|HP Percentage Mod: HP is shown in percentages
|clearpoke
|poke|p1|Simipour, M|item
|poke|p1|Rapidash, M|item
|poke|p1|Lumineon, F|item
|poke|p1|Monferno, M|item
|poke|p1|Mr. Mime, F|item
|poke|p1|Golem, M|item
|poke|p2|Stoutland, F|item
|poke|p2|Beheeyem, F|item
|poke|p2|Rotom-Frost|item
|poke|p2|Pelipper, F|item
|poke|p2|Golem, F|item
|poke|p2|Monferno, F|item
|rule|Swagger Clause: Swagger is banned
|rule|Baton Pass Clause: Limit one Baton Passer, can't pass Spe and other stats simultaneously
|teampreview
|c|☆PokemonMasterTJ|cool team
|c|☆enemyjurist|thx
|c|☆enemyjurist|not mine
|choice|team 4, team 2, team 3, team 1, team 5, team 6|team 4, team 2, team 3, team 1, team 5, team 6
|
|start
|switch|p1a: Monferno|Monferno, M|269\/269
|switch|p2a: Pelipper|Pelipper, F|321\/321
|turn|1
|choice|move uturn|move hurricane
|
|move|p1a: Monferno|U-turn|p2a: Pelipper
|-resisted|p2a: Pelipper
|-damage|p2a: Pelipper|297\/321
|choice|switch 3|
|
|switch|p1a: Lumineon|Lumineon, F|342\/342
|move|p2a: Pelipper|Hurricane|p1a: Lumineon|[miss]
|-miss|p2a: Pelipper|p1a: Lumineon
|
|-heal|p2a: Pelipper|317\/321|[from] item: Leftovers
|upkeep
|turn|2
|c|☆enemyjurist|sry
|choice|move toxic|switch 4
|
|switch|p2a: Stoutland|Stoutland, F|369\/369
|move|p1a: Lumineon|Toxic|p2a: Stoutland
|-status|p2a: Stoutland|tox
|
|-damage|p2a: Stoutland|346\/369 tox|[from] psn
|upkeep
|turn|3
|choice|move uturn|move toxic
|
|move|p1a: Lumineon|U-turn|p2a: Stoutland
|-damage|p2a: Stoutland|305\/369 tox
|c|☆enemyjurist|why
|c|☆enemyjurist|did i outspeed
|choice|switch 6|
|
|switch|p1a: Golem|Golem, M|301\/301
|move|p2a: Stoutland|Toxic|p1a: Golem
|-status|p1a: Golem|tox
|
|-heal|p2a: Stoutland|328\/369 tox|[from] item: Leftovers
|-damage|p2a: Stoutland|282\/369 tox|[from] psn
|-damage|p1a: Golem|283\/301 tox|[from] psn
|upkeep
|turn|4
|choice|move stealthrock|switch 4
|
|switch|p2a: Pelipper|Pelipper, F|317\/321
|move|p1a: Golem|Stealth Rock|p2a: Pelipper
|-sidestart|p2: PokemonMasterTJ|move: Stealth Rock
|
|-heal|p2a: Pelipper|321\/321|[from] item: Leftovers
|-heal|p1a: Golem|301\/301 tox|[from] item: Leftovers
|-damage|p1a: Golem|265\/301 tox|[from] psn
|upkeep
|turn|5
|choice|move rockblast|move defog
|
|move|p2a: Pelipper|Defog|p1a: Golem
|-unboost|p1a: Golem|evasion|1
|-sideend|p2: PokemonMasterTJ|Stealth Rock|[from] move: Defog|[of] p2a: Pelipper
|move|p1a: Golem|Rock Blast|p2a: Pelipper
|-supereffective|p2a: Pelipper
|-damage|p2a: Pelipper|243\/321
|-supereffective|p2a: Pelipper
|-damage|p2a: Pelipper|169\/321
|-supereffective|p2a: Pelipper
|-damage|p2a: Pelipper|85\/321
|-hitcount|p2a: Pelipper|3
|
|-heal|p2a: Pelipper|105\/321|[from] item: Leftovers
|-heal|p1a: Golem|283\/301 tox|[from] item: Leftovers
|-damage|p1a: Golem|229\/301 tox|[from] psn
|upkeep
|turn|6
|choice|switch 5|move roost
|
|switch|p1a: Mr. Mime|Mr. Mime, F|221\/221
|move|p2a: Pelipper|Roost|p2a: Pelipper
|-heal|p2a: Pelipper|266\/321
|
|-heal|p2a: Pelipper|286\/321|[from] item: Leftovers
|upkeep
|turn|7
|choice|move dazzlinggleam|switch 2
|
|switch|p2a: Beheeyem|Beheeyem, F|353\/353
|move|p1a: Mr. Mime|Dazzling Gleam|p2a: Beheeyem
|-damage|p2a: Beheeyem|233\/353
|
|-heal|p2a: Beheeyem|255\/353|[from] item: Leftovers
|upkeep
|turn|8
|choice|switch 3|move recover
|
|switch|p1a: Monferno|Monferno, M|269\/269
|move|p2a: Beheeyem|Recover|p2a: Beheeyem
|-heal|p2a: Beheeyem|353\/353
|
|upkeep
|turn|9
|choice|move uturn|move recover
|
|move|p1a: Monferno|U-turn|p2a: Beheeyem
|-supereffective|p2a: Beheeyem
|-damage|p2a: Beheeyem|255\/353
|c|☆enemyjurist|i hate fighting beh
|choice|switch 6|
|
|switch|p1a: Lumineon|Lumineon, F|342\/342
|move|p2a: Beheeyem|Recover|p2a: Beheeyem
|-heal|p2a: Beheeyem|353\/353
|
|upkeep
|turn|10
|j|quagsgone
|choice|move uturn|switch 4
|
|switch|p2a: Stoutland|Stoutland, F|282\/369 tox
|move|p1a: Lumineon|U-turn|p2a: Stoutland
|-crit|p2a: Stoutland
|-damage|p2a: Stoutland|224\/369 tox
|choice|switch 6|
|
|switch|p1a: Monferno|Monferno, M|269\/269
|
|-heal|p2a: Stoutland|247\/369 tox|[from] item: Leftovers
|-damage|p2a: Stoutland|224\/369 tox|[from] psn
|upkeep
|turn|11
|choice|move closecombat|switch 2
|
|switch|p2a: Pelipper|Pelipper, F|286\/321
|move|p1a: Monferno|Close Combat|p2a: Pelipper
|-resisted|p2a: Pelipper
|-damage|p2a: Pelipper|229\/321
|-unboost|p1a: Monferno|def|1
|-unboost|p1a: Monferno|spd|1
|
|-heal|p2a: Pelipper|249\/321|[from] item: Leftovers
|upkeep
|turn|12
|j|RawMelon
|choice|move uturn|move hurricane
|
|move|p1a: Monferno|U-turn|p2a: Pelipper
|-resisted|p2a: Pelipper
|-damage|p2a: Pelipper|224\/321
|choice|switch 6|
|
|switch|p1a: Lumineon|Lumineon, F|342\/342
|move|p2a: Pelipper|Hurricane|p1a: Lumineon
|-damage|p1a: Lumineon|216\/342
|-start|p1a: Lumineon|confusion
|
|-heal|p1a: Lumineon|237\/342|[from] item: Leftovers
|-heal|p2a: Pelipper|244\/321|[from] item: Leftovers
|upkeep
|turn|13
|choice|move toxic|switch 2
|
|switch|p2a: Stoutland|Stoutland, F|224\/369 tox
|-activate|p1a: Lumineon|confusion
|-damage|p1a: Lumineon|218\/342|[from] confusion
|
|-heal|p1a: Lumineon|239\/342|[from] item: Leftovers
|-heal|p2a: Stoutland|247\/369 tox|[from] item: Leftovers
|-damage|p2a: Stoutland|224\/369 tox|[from] psn
|upkeep
|turn|14
|choice|move uturn|move rest
|
|-end|p1a: Lumineon|confusion
|move|p1a: Lumineon|U-turn|p2a: Stoutland
|-damage|p2a: Stoutland|186\/369 tox
|choice|switch 5|
|
|switch|p1a: Golem|Golem, M|229\/301 tox
|move|p2a: Stoutland|Rest|p2a: Stoutland
|-status|p2a: Stoutland|slp
|-heal|p2a: Stoutland|369\/369 slp|[silent]
|-status|p2a: Stoutland|slp|[from] move: Rest
|
|-heal|p1a: Golem|247\/301 tox|[from] item: Leftovers
|-damage|p1a: Golem|229\/301 tox|[from] psn
|upkeep
|turn|15
|c|☆enemyjurist|k
|choice|move rockblast|switch 2
|
|switch|p2a: Pelipper|Pelipper, F|244\/321
|move|p1a: Golem|Rock Blast|p2a: Pelipper
|-supereffective|p2a: Pelipper
|-damage|p2a: Pelipper|164\/321
|-supereffective|p2a: Pelipper
|-damage|p2a: Pelipper|86\/321
|-supereffective|p2a: Pelipper
|-damage|p2a: Pelipper|2\/321
|-hitcount|p2a: Pelipper|3
|
|-heal|p2a: Pelipper|22\/321|[from] item: Leftovers
|-heal|p1a: Golem|247\/301 tox|[from] item: Leftovers
|-damage|p1a: Golem|211\/301 tox|[from] psn
|upkeep
|turn|16
|c|☆enemyjurist|pls
|choice|switch 4|move scald
|
|switch|p1a: Simipour|Simipour, M|289\/289
|move|p2a: Pelipper|Scald|p1a: Simipour
|-resisted|p1a: Simipour
|-damage|p1a: Simipour|230\/289
|
|-heal|p2a: Pelipper|42\/321|[from] item: Leftovers
|upkeep
|turn|17
|choice|move nastyplot|switch 2
|
|switch|p2a: Stoutland|Stoutland, F|369\/369 slp
|move|p1a: Simipour|Nasty Plot|p1a: Simipour
|-boost|p1a: Simipour|spa|2
|
|upkeep
|turn|18
|choice|move hydropump|move sleeptalk
|
|move|p1a: Simipour|Hydro Pump|p2a: Stoutland|[miss]
|-miss|p1a: Simipour|p2a: Stoutland
|cant|p2a: Stoutland|slp
|move|p2a: Stoutland|Sleep Talk|p2a: Stoutland
|move|p2a: Stoutland|Rest|p2a: Stoutland|[from]Sleep Talk
|-fail|p2a: Stoutland
|
|upkeep
|turn|19
|choice|move hydropump|move sleeptalk
|
|move|p1a: Simipour|Hydro Pump|p2a: Stoutland
|-crit|p2a: Stoutland
|-damage|p2a: Stoutland|0 fnt
|-damage|p1a: Simipour|202\/289|[from] item: Life Orb
|faint|p2a: Stoutland
|
|upkeep
|choice||switch 3
|
|switch|p2a: Rotom|Rotom-Frost|241\/241
|turn|20
|choice|switch 4|move blizzard
|
|switch|p1a: Golem|Golem, M|211\/301 tox
|move|p2a: Rotom|Blizzard|p1a: Golem
|-supereffective|p1a: Golem
|-damage|p1a: Golem|0 fnt
|faint|p1a: Golem
|
|upkeep
|choice|switch 2|
|
|switch|p1a: Rapidash|Rapidash, M|271\/271
|turn|21
|choice|move willowisp|switch 5
|
|switch|p2a: Golem|Golem, F|363\/363
|move|p1a: Rapidash|Will-O-Wisp|p2a: Golem
|-status|p2a: Golem|brn
|
|-damage|p2a: Golem|318\/363 brn|[from] brn
|upkeep
|turn|22
|choice|switch 5|move toxic
|
|switch|p1a: Lumineon|Lumineon, F|239\/342
|move|p2a: Golem|Toxic|p1a: Lumineon
|-status|p1a: Lumineon|tox
|
|-heal|p1a: Lumineon|260\/342 tox|[from] item: Leftovers
|-heal|p2a: Golem|340\/363 brn|[from] item: Leftovers
|-damage|p1a: Lumineon|239\/342 tox|[from] psn
|-damage|p2a: Golem|295\/363 brn|[from] brn
|upkeep
|turn|23
|j|beefdreams
|l|beefdreams
|choice|move uturn|switch 2
|
|switch|p2a: Pelipper|Pelipper, F|42\/321
|move|p1a: Lumineon|U-turn|p2a: Pelipper
|-resisted|p2a: Pelipper
|-damage|p2a: Pelipper|28\/321
|choice|switch 4|
|
|switch|p1a: Simipour|Simipour, M|202\/289
|
|-heal|p2a: Pelipper|48\/321|[from] item: Leftovers
|upkeep
|turn|24
|choice|move icebeam|move hurricane
|
|move|p1a: Simipour|Ice Beam|p2a: Pelipper
|-damage|p2a: Pelipper|0 fnt
|-damage|p1a: Simipour|174\/289|[from] item: Life Orb
|faint|p2a: Pelipper
|
|upkeep
|choice||switch 5
|
|switch|p2a: Rotom|Rotom-Frost|241\/241
|turn|25
|choice|switch 3|move thunderbolt
|
|switch|p1a: Mr. Mime|Mr. Mime, F|221\/221
|move|p2a: Rotom|Thunderbolt|p1a: Mr. Mime
|-damage|p1a: Mr. Mime|104\/221
|
|upkeep
|turn|26
|choice|switch 4|switch 4
|
|switch|p1a: Lumineon|Lumineon, F|239\/342 tox
|switch|p2a: Beheeyem|Beheeyem, F|353\/353
|
|-heal|p1a: Lumineon|260\/342 tox|[from] item: Leftovers
|-damage|p1a: Lumineon|239\/342 tox|[from] psn
|upkeep
|turn|27
|choice|move scald|switch 2
|
|switch|p2a: Golem|Golem, F|295\/363 brn
|move|p1a: Lumineon|Scald|p2a: Golem
|-supereffective|p2a: Golem
|-damage|p2a: Golem|19\/363 brn
|
|-heal|p1a: Lumineon|260\/342 tox|[from] item: Leftovers
|-heal|p2a: Golem|41\/363 brn|[from] item: Leftovers
|-damage|p1a: Lumineon|218\/342 tox|[from] psn
|-damage|p2a: Golem|0 fnt|[from] brn
|upkeep
|faint|p2a: Golem
|choice||switch 4
|
|switch|p2a: Rotom|Rotom-Frost|241\/241
|turn|28
|choice|switch 5|move thunderbolt
|
|switch|p1a: Rapidash|Rapidash, M|271\/271
|move|p2a: Rotom|Thunderbolt|p1a: Rapidash
|-damage|p1a: Rapidash|94\/271
|-status|p1a: Rapidash|par
|
|-heal|p1a: Rapidash|110\/271 par|[from] item: Leftovers
|upkeep
|turn|29
|choice|move willowisp|move thunderbolt
|
|move|p2a: Rotom|Thunderbolt|p1a: Rapidash
|-damage|p1a: Rapidash|0 fnt
|faint|p1a: Rapidash
|
|upkeep
|choice|switch 6|
|
|switch|p1a: Monferno|Monferno, M|269\/269
|turn|30
|choice|move uturn|switch 6
|
|switch|p2a: Monferno|Monferno, F|321\/321
|move|p1a: Monferno|U-turn|p2a: Monferno
|-resisted|p2a: Monferno
|-damage|p2a: Monferno|305\/321
|choice|switch 3|
|
|switch|p1a: Simipour|Simipour, M|174\/289
|
|upkeep
|turn|31
|choice|move hydropump|move closecombat
|
|move|p1a: Simipour|Hydro Pump|p2a: Monferno
|-supereffective|p2a: Monferno
|-damage|p2a: Monferno|0 fnt
|-damage|p1a: Simipour|146\/289|[from] item: Life Orb
|faint|p2a: Monferno
|
|upkeep
|j|Rocky21
|l|Rocky21
|choice||switch 6
|
|switch|p2a: Rotom|Rotom-Frost|241\/241
|turn|32
|choice|switch 4|move voltswitch
|
|switch|p1a: Mr. Mime|Mr. Mime, F|104\/221
|move|p2a: Rotom|Volt Switch|p1a: Mr. Mime
|-damage|p1a: Mr. Mime|17\/221
|choice||switch 2
|
|switch|p2a: Beheeyem|Beheeyem, F|353\/353
|
|upkeep
|turn|33
|choice|move healingwish|move calmmind
|
|move|p1a: Mr. Mime|Healing Wish|p1a: Mr. Mime
|faint|p1a: Mr. Mime
|move|p2a: Beheeyem|Calm Mind|p2a: Beheeyem
|-boost|p2a: Beheeyem|spa|1
|-boost|p2a: Beheeyem|spd|1
|
|upkeep
|choice|switch 4|
|
|switch|p1a: Simipour|Simipour, M|146\/289
|-heal|p1a: Simipour|289\/289|[from] move: Healing Wish
|turn|34
|choice|move nastyplot|move psyshock
|
|move|p1a: Simipour|Nasty Plot|p1a: Simipour
|-boost|p1a: Simipour|spa|2
|move|p2a: Beheeyem|Psyshock|p1a: Simipour
|-damage|p1a: Simipour|0 fnt
|faint|p1a: Simipour
|
|upkeep
|c|☆enemyjurist|isnt that phys def?
|choice|switch 5|
|
|switch|p1a: Lumineon|Lumineon, F|218\/342 tox
|turn|35
|c|☆PokemonMasterTJ|yea
|c|☆enemyjurist|whys that so goddamn strong
|choice|move toxic|move psyshock
|
|move|p1a: Lumineon|Toxic|p2a: Beheeyem|[miss]
|-miss|p1a: Lumineon|p2a: Beheeyem
|move|p2a: Beheeyem|Psyshock|p1a: Lumineon
|-damage|p1a: Lumineon|41\/342 tox
|
|-heal|p1a: Lumineon|62\/342 tox|[from] item: Leftovers
|-damage|p1a: Lumineon|41\/342 tox|[from] psn
|upkeep
|turn|36
|c|☆enemyjurist|gg
|-message|enemyjurist forfeited.
|
|win|PokemonMasterTJ
|player|p1
|player|p2
|l|enemyjurist
|c|☆PokemonMasterTJ|gg</script>
</div>
<div class="battle-log battle-log-inline"><div class="inner"><div class="battle-options"></div><div class="inner"><div class="chat"><small>enemyjurist joined.</small></div><div class="chat"><small>PokemonMasterTJ joined.</small></div><div class=""><small>Format:</small> <br><strong>PU</strong></div><div class=""><small><em>Sleep Clause Mod:</em> Limit one foe put to sleep</small></div><div class=""><small><em>Species Clause:</em> Limit one of each Pokémon</small></div><div class=""><small><em>OHKO Clause:</em> OHKO moves are banned</small></div><div class=""><small><em>Moody Clause:</em> Moody is banned</small></div><div class=""><small><em>Evasion Moves Clause:</em> Evasion moves are banned</small></div><div class=""><small><em>Endless Battle Clause:</em> Forcing endless battles is banned</small></div><div class=""><small><em>HP Percentage Mod:</em> HP is shown in percentages</small></div><div class=""><small><em>Swagger Clause:</em> Swagger is banned</small></div><div class=""><small><em>Baton Pass Clause:</em> Limit one Baton Passer, can't pass Spe and other stats simultaneously</small></div><div class="chat battle-history"><strong>enemyjurist's team:</strong> <em style="color:#445566;display:block;">Simipour / Rapidash / Lumineon / Monferno / Mr. Mime / Golem</em></div><div class="chat battle-history"><strong>PokemonMasterTJ's team:</strong> <em style="color:#445566;display:block;">Stoutland / Beheeyem / Rotom-Frost / Pelipper / Golem / Monferno</em></div><div class="chat chatmessage-pokemonmastertj"><strong style="color:hsl(26,75%,48%)"><small>☆</small><span class="username" data-name="PokemonMasterTJ">PokemonMasterTJ</span>:</strong> <em>cool team</em></div><div class="chat chatmessage-enemyjurist"><strong style="color:hsl(104,46%,37%)"><small>☆</small><span class="username" data-name="enemyjurist">enemyjurist</span>:</strong> <em>thx</em></div><div class="chat chatmessage-enemyjurist"><strong style="color:hsl(104,46%,37%)"><small>☆</small><span class="username" data-name="enemyjurist">enemyjurist</span>:</strong> <em>not mine</em></div><div class="spacer battle-history"><br></div><div class="battle-history">Battle started between enemyjurist and PokemonMasterTJ!<br></div><div class="spacer battle-history"><br></div><div class="battle-history">Go! <strong>Monferno</strong>!<br></div><div class="spacer battle-history"><br></div><div class="battle-history">PokemonMasterTJ sent out <strong>Pelipper</strong>!<br></div><div class="spacer battle-history"><br></div><h2 class="battle-history">Turn 1</h2><div class="spacer battle-history"><br></div><div class="battle-history">Monferno used <strong>U-turn</strong>!<br></div><div class="battle-history"><small>It's not very effective...</small><br></div><div class="battle-history"><small>(The opposing Pelipper lost <abbr title="−24/321">7.5%</abbr> of its health!)</small><br></div><div class="spacer battle-history"><br></div><div class="battle-history">Monferno went back to enemyjurist!<br></div><div class="battle-history">Go! <strong>Lumineon</strong>!<br></div><div class="spacer battle-history"><br></div><div class="battle-history">The opposing Pelipper used <strong>Hurricane</strong>!<br></div><div class="battle-history"><small>Lumineon avoided the attack!</small><br></div><div class="spacer battle-history"><br></div><div class="battle-history"><small>The opposing Pelipper restored a little HP using its Leftovers!</small><br></div><div class="spacer battle-history"><br></div><h2 class="battle-history">Turn 2</h2><div class="chat chatmessage-enemyjurist"><strong style="color:hsl(104,46%,37%)"><small>☆</small><span class="username" data-name="enemyjurist">enemyjurist</span>:</strong> <em>sry</em></div><div class="spacer battle-history"><br></div><div class="battle-history">PokemonMasterTJ withdrew Pelipper!<br></div><div class="battle-history">PokemonMasterTJ sent out <strong>Stoutland</strong>!<br></div><div class="spacer battle-history"><br></div><div class="battle-history">Lumineon used <strong>Toxic</strong>!<br></div><div class="battle-history"><small>The opposing Stoutland was badly poisoned!</small><br></div><div class="spacer battle-history"><br></div><div class="battle-history"><small>The opposing Stoutland was hurt by poison!</small><br></div><div class="spacer battle-history"><br></div><h2 class="battle-history">Turn 3</h2><div class="spacer battle-history"><br></div><div class="battle-history">Lumineon used <strong>U-turn</strong>!<br></div><div class="battle-history"><small>(The opposing Stoutland lost <abbr title="−41/369">11.1%</abbr> of its health!)</small><br></div><div class="chat chatmessage-enemyjurist"><strong style="color:hsl(104,46%,37%)"><small>☆</small><span class="username" data-name="enemyjurist">enemyjurist</span>:</strong> <em>why</em></div><div class="chat chatmessage-enemyjurist"><strong style="color:hsl(104,46%,37%)"><small>☆</small><span class="username" data-name="enemyjurist">enemyjurist</span>:</strong> <em>did i outspeed</em></div><div class="spacer battle-history"><br></div><div class="battle-history">Lumineon went back to enemyjurist!<br></div><div class="battle-history">Go! <strong>Golem</strong>!<br></div><div class="spacer battle-history"><br></div><div class="battle-history">The opposing Stoutland used <strong>Toxic</strong>!<br></div><div class="battle-history"><small>Golem was badly poisoned!</small><br></div><div class="spacer battle-history"><br></div><div class="battle-history"><small>The opposing Stoutland restored a little HP using its Leftovers!</small><br></div><div class="battle-history"><small>The opposing Stoutland was hurt by poison!</small><br></div><div class="battle-history"><small>Golem was hurt by poison!</small><br></div><div class="spacer battle-history"><br></div><h2 class="battle-history">Turn 4</h2><div class="spacer battle-history"><br></div><div class="battle-history">PokemonMasterTJ withdrew Stoutland!<br></div><div class="battle-history">PokemonMasterTJ sent out <strong>Pelipper</strong>!<br></div><div class="spacer battle-history"><br></div><div class="battle-history">Golem used <strong>Stealth Rock</strong>!<br></div><div class="battle-history"><small>Pointed stones float in the air around the opposing team!</small><br></div><div class="spacer battle-history"><br></div><div class="battle-history"><small>The opposing Pelipper restored a little HP using its Leftovers!</small><br></div><div class="battle-history"><small>Golem restored a little HP using its Leftovers!</small><br></div><div class="battle-history"><small>Golem was hurt by poison!</small><br></div><div class="spacer battle-history"><br></div><h2 class="battle-history">Turn 5</h2><div class="spacer battle-history"><br></div><div class="battle-history">The opposing Pelipper used <strong>Defog</strong>!<br></div><div class="battle-history"><small>Golem's evasiveness fell!</small><br></div><div class="battle-history"><small>The pointed stones disappeared from around the opposing team!</small><br></div><div class="spacer battle-history"><br></div><div class="battle-history">Golem used <strong>Rock Blast</strong>!<br></div><div class="battle-history"><small>It's super effective!</small><br></div><div class="battle-history"><small>(The opposing Pelipper lost <abbr title="−78/321">24.3%</abbr> of its health!)</small><br></div><div class="battle-history"><small>It's super effective!</small><br></div><div class="battle-history"><small>(The opposing Pelipper lost <abbr title="−74/321">23.1%</abbr> of its health!)</small><br></div><div class="battle-history"><small>It's super effective!</small><br></div><div class="battle-history"><small>(The opposing Pelipper lost <abbr title="−84/321">26.2%</abbr> of its health!)</small><br></div><div class="battle-history"><small>Hit 3 times!</small><br></div><div class="spacer battle-history"><br></div><div class="battle-history"><small>The opposing Pelipper restored a little HP using its Leftovers!</small><br></div><div class="battle-history"><small>Golem restored a little HP using its Leftovers!</small><br></div><div class="battle-history"><small>Golem was hurt by poison!</small><br></div><div class="spacer battle-history"><br></div><h2 class="battle-history">Turn 6</h2><div class="spacer battle-history"><br></div><div class="battle-history">Golem, come back!<br></div><div class="battle-history">Go! <strong>Mr. Mime</strong>!<br></div><div class="spacer battle-history"><br></div><div class="battle-history">The opposing Pelipper used <strong>Roost</strong>!<br></div><div class="battle-history"><small>The opposing Pelipper restored its HP.</small><br></div><div class="spacer battle-history"><br></div><div class="battle-history"><small>The opposing Pelipper restored a little HP using its Leftovers!</small><br></div><div class="spacer battle-history"><br></div><h2 class="battle-history">Turn 7</h2><div class="spacer battle-history"><br></div><div class="battle-history">PokemonMasterTJ withdrew Pelipper!<br></div><div class="battle-history">PokemonMasterTJ sent out <strong>Beheeyem</strong>!<br></div><div class="spacer battle-history"><br></div><div class="battle-history">Mr. Mime used <strong>Dazzling Gleam</strong>!<br></div><div class="battle-history"><small>(The opposing Beheeyem lost <abbr title="−120/353">34.0%</abbr> of its health!)</small><br></div><div class="spacer battle-history"><br></div><div class="battle-history"><small>The opposing Beheeyem restored a little HP using its Leftovers!</small><br></div><div class="spacer battle-history"><br></div><h2 class="battle-history">Turn 8</h2><div class="spacer battle-history"><br></div><div class="battle-history">Mr. Mime, come back!<br></div><div class="battle-history">Go! <strong>Monferno</strong>!<br></div><div class="spacer battle-history"><br></div><div class="battle-history">The opposing Beheeyem used <strong>Recover</strong>!<br></div><div class="battle-history"><small>The opposing Beheeyem restored its HP.</small><br></div><div class="spacer battle-history"><br></div><h2 class="battle-history">Turn 9</h2><div class="spacer battle-history"><br></div><div class="battle-history">Monferno used <strong>U-turn</strong>!<br></div><div class="battle-history"><small>It's super effective!</small><br></div><div class="battle-history"><small>(The opposing Beheeyem lost <abbr title="−98/353">27.8%</abbr> of its health!)</small><br></div><div class="chat chatmessage-enemyjurist"><strong style="color:hsl(104,46%,37%)"><small>☆</small><span class="username" data-name="enemyjurist">enemyjurist</span>:</strong> <em>i hate fighting beh</em></div><div class="spacer battle-history"><br></div><div class="battle-history">Monferno went back to enemyjurist!<br></div><div class="battle-history">Go! <strong>Lumineon</strong>!<br></div><div class="spacer battle-history"><br></div><div class="battle-history">The opposing Beheeyem used <strong>Recover</strong>!<br></div><div class="battle-history"><small>The opposing Beheeyem restored its HP.</small><br></div><div class="spacer battle-history"><br></div><h2 class="battle-history">Turn 10</h2><div class="chat"><small>quagsgone joined.</small></div><div class="spacer battle-history"><br></div><div class="battle-history">PokemonMasterTJ withdrew Beheeyem!<br></div><div class="battle-history">PokemonMasterTJ sent out <strong>Stoutland</strong>!<br></div><div class="spacer battle-history"><br></div><div class="battle-history">Lumineon used <strong>U-turn</strong>!<br></div><div class="battle-history"><small>A critical hit!</small><br></div><div class="battle-history"><small>(The opposing Stoutland lost <abbr title="−58/369">15.7%</abbr> of its health!)</small><br></div><div class="spacer battle-history"><br></div><div class="battle-history">Lumineon went back to enemyjurist!<br></div><div class="battle-history">Go! <strong>Monferno</strong>!<br></div><div class="spacer battle-history"><br></div><div class="battle-history"><small>The opposing Stoutland restored a little HP using its Leftovers!</small><br></div><div class="battle-history"><small>The opposing Stoutland was hurt by poison!</small><br></div><div class="spacer battle-history"><br></div><h2 class="battle-history">Turn 11</h2><div class="spacer battle-history"><br></div><div class="battle-history">PokemonMasterTJ withdrew Stoutland!<br></div><div class="battle-history">PokemonMasterTJ sent out <strong>Pelipper</strong>!<br></div><div class="spacer battle-history"><br></div><div class="battle-history">Monferno used <strong>Close Combat</strong>!<br></div><div class="battle-history"><small>It's not very effective...</small><br></div><div class="battle-history"><small>(The opposing Pelipper lost <abbr title="−57/321">17.8%</abbr> of its health!)</small><br></div><div class="battle-history"><small>Monferno's Defense fell!</small><br></div><div class="battle-history"><small>Monferno's Special Defense fell!</small><br></div><div class="spacer battle-history"><br></div><div class="battle-history"><small>The opposing Pelipper restored a little HP using its Leftovers!</small><br></div><div class="spacer battle-history"><br></div><h2 class="battle-history">Turn 12</h2><div class="chat"><small>RawMelon joined.</small></div><div class="spacer battle-history"><br></div><div class="battle-history">Monferno used <strong>U-turn</strong>!<br></div><div class="battle-history"><small>It's not very effective...</small><br></div><div class="battle-history"><small>(The opposing Pelipper lost <abbr title="−25/321">7.8%</abbr> of its health!)</small><br></div><div class="spacer battle-history"><br></div><div class="battle-history">Monferno went back to enemyjurist!<br></div><div class="battle-history">Go! <strong>Lumineon</strong>!<br></div><div class="spacer battle-history"><br></div><div class="battle-history">The opposing Pelipper used <strong>Hurricane</strong>!<br></div><div class="battle-history"><small>(Lumineon lost <abbr title="−126/342">36.8%</abbr> of its health!)</small><br></div><div class="battle-history"><small>Lumineon became confused!</small><br></div><div class="spacer battle-history"><br></div><div class="battle-history"><small>Lumineon restored a little HP using its Leftovers!</small><br></div><div class="battle-history"><small>The opposing Pelipper restored a little HP using its Leftovers!</small><br></div><div class="spacer battle-history"><br></div><h2 class="battle-history">Turn 13</h2><div class="spacer battle-history"><br></div><div class="battle-history">PokemonMasterTJ withdrew Pelipper!<br></div><div class="battle-history">PokemonMasterTJ sent out <strong>Stoutland</strong>!<br></div><div class="spacer battle-history"><br></div><div class="battle-history"><small>Lumineon is confused!</small><br></div><div class="battle-history">It hurt itself in its confusion!<br></div><div class="spacer battle-history"><br></div><div class="battle-history"><small>Lumineon restored a little HP using its Leftovers!</small><br></div><div class="battle-history"><small>The opposing Stoutland restored a little HP using its Leftovers!</small><br></div><div class="battle-history"><small>The opposing Stoutland was hurt by poison!</small><br></div><div class="spacer battle-history"><br></div><h2 class="battle-history">Turn 14</h2><div class="spacer battle-history"><br></div><div class="battle-history"><small>Lumineon snapped out of its confusion!</small><br></div><div class="spacer battle-history"><br></div><div class="battle-history">Lumineon used <strong>U-turn</strong>!<br></div><div class="battle-history"><small>(The opposing Stoutland lost <abbr title="−38/369">10.3%</abbr> of its health!)</small><br></div><div class="spacer battle-history"><br></div><div class="battle-history">Lumineon went back to enemyjurist!<br></div><div class="battle-history">Go! <strong>Golem</strong>!<br></div><div class="spacer battle-history"><br></div><div class="battle-history">The opposing Stoutland used <strong>Rest</strong>!<br></div><div class="battle-history"><small>The opposing Stoutland fell asleep!</small><br></div><div class="battle-history"><small>The opposing Stoutland slept and became healthy!</small><br></div><div class="spacer battle-history"><br></div><div class="battle-history"><small>Golem restored a little HP using its Leftovers!</small><br></div><div class="battle-history"><small>Golem was hurt by poison!</small><br></div><div class="spacer battle-history"><br></div><h2 class="battle-history">Turn 15</h2><div class="chat chatmessage-enemyjurist"><strong style="color:hsl(104,46%,37%)"><small>☆</small><span class="username" data-name="enemyjurist">enemyjurist</span>:</strong> <em>k</em></div><div class="spacer battle-history"><br></div><div class="battle-history">PokemonMasterTJ withdrew Stoutland!<br></div><div class="battle-history">PokemonMasterTJ sent out <strong>Pelipper</strong>!<br></div><div class="spacer battle-history"><br></div><div class="battle-history">Golem used <strong>Rock Blast</strong>!<br></div><div class="battle-history"><small>It's super effective!</small><br></div><div class="battle-history"><small>(The opposing Pelipper lost <abbr title="−80/321">24.9%</abbr> of its health!)</small><br></div><div class="battle-history"><small>It's super effective!</small><br></div><div class="battle-history"><small>(The opposing Pelipper lost <abbr title="−78/321">24.3%</abbr> of its health!)</small><br></div><div class="battle-history"><small>It's super effective!</small><br></div><div class="battle-history"><small>(The opposing Pelipper lost <abbr title="−84/321">26.2%</abbr> of its health!)</small><br></div><div class="battle-history"><small>Hit 3 times!</small><br></div><div class="spacer battle-history"><br></div><div class="battle-history"><small>The opposing Pelipper restored a little HP using its Leftovers!</small><br></div><div class="battle-history"><small>Golem restored a little HP using its Leftovers!</small><br></div><div class="battle-history"><small>Golem was hurt by poison!</small><br></div><div class="spacer battle-history"><br></div><h2 class="battle-history">Turn 16</h2><div class="chat chatmessage-enemyjurist"><strong style="color:hsl(104,46%,37%)"><small>☆</small><span class="username" data-name="enemyjurist">enemyjurist</span>:</strong> <em>pls</em></div><div class="spacer battle-history"><br></div><div class="battle-history">Golem, come back!<br></div><div class="battle-history">Go! <strong>Simipour</strong>!<br></div><div class="spacer battle-history"><br></div><div class="battle-history">The opposing Pelipper used <strong>Scald</strong>!<br></div><div class="battle-history"><small>It's not very effective...</small><br></div><div class="battle-history"><small>(Simipour lost <abbr title="−59/289">20.4%</abbr> of its health!)</small><br></div><div class="spacer battle-history"><br></div><div class="battle-history"><small>The opposing Pelipper restored a little HP using its Leftovers!</small><br></div><div class="spacer battle-history"><br></div><h2 class="battle-history">Turn 17</h2><div class="spacer battle-history"><br></div><div class="battle-history">PokemonMasterTJ withdrew Pelipper!<br></div><div class="battle-history">PokemonMasterTJ sent out <strong>Stoutland</strong>!<br></div><div class="spacer battle-history"><br></div><div class="battle-history">Simipour used <strong>Nasty Plot</strong>!<br></div><div class="battle-history"><small>Simipour's Special Attack rose sharply!</small><br></div><div class="spacer battle-history"><br></div><h2 class="battle-history">Turn 18</h2><div class="spacer battle-history"><br></div><div class="battle-history">Simipour used <strong>Hydro Pump</strong>!<br></div><div class="battle-history"><small>The opposing Stoutland avoided the attack!</small><br></div><div class="spacer battle-history"><br></div><div class="battle-history">The opposing Stoutland is fast asleep.<br></div><div class="spacer battle-history"><br></div><div class="battle-history">The opposing Stoutland used <strong>Sleep Talk</strong>!<br></div><div class="spacer battle-history"><br></div><div class="battle-history">The opposing Stoutland used <strong>Rest</strong>!<br></div><div class="battle-history"><small>But it failed!</small><br></div><div class="spacer battle-history"><br></div><h2 class="battle-history">Turn 19</h2><div class="spacer battle-history"><br></div><div class="battle-history">Simipour used <strong>Hydro Pump</strong>!<br></div><div class="battle-history"><small>A critical hit!</small><br></div><div class="battle-history"><small>(The opposing Stoutland lost <abbr title="−369/369">100%</abbr> of its health!)</small><br></div><div class="battle-history"><small>Simipour lost some of its HP!</small><br></div><div class="spacer battle-history"><br></div><div class="battle-history">The opposing Stoutland fainted!<br></div><div class="spacer battle-history"><br></div><div class="battle-history">PokemonMasterTJ sent out Rotom (<strong>Rotom-Frost</strong>)!<br></div><div class="spacer battle-history"><br></div><h2 class="battle-history">Turn 20</h2><div class="spacer battle-history"><br></div><div class="battle-history">Simipour, come back!<br></div><div class="battle-history">Go! <strong>Golem</strong>!<br></div><div class="spacer battle-history"><br></div><div class="battle-history">The opposing Rotom used <strong>Blizzard</strong>!<br></div><div class="battle-history"><small>It's super effective!</small><br></div><div class="battle-history"><small>(Golem lost <abbr title="−211/301">70.1%</abbr> of its health!)</small><br></div><div class="spacer battle-history"><br></div><div class="battle-history">Golem fainted!<br></div><div class="spacer battle-history"><br></div><div class="battle-history">Go! <strong>Rapidash</strong>!<br></div><div class="spacer battle-history"><br></div><h2 class="battle-history">Turn 21</h2><div class="spacer battle-history"><br></div><div class="battle-history">PokemonMasterTJ withdrew Rotom!<br></div><div class="battle-history">PokemonMasterTJ sent out <strong>Golem</strong>!<br></div><div class="spacer battle-history"><br></div><div class="battle-history">Rapidash used <strong>Will-O-Wisp</strong>!<br></div><div class="battle-history"><small>The opposing Golem was burned!</small><br></div><div class="spacer battle-history"><br></div><div class="battle-history"><small>The opposing Golem was hurt by its burn!</small><br></div><div class="spacer battle-history"><br></div><h2 class="battle-history">Turn 22</h2><div class="spacer battle-history"><br></div><div class="battle-history">Rapidash, come back!<br></div><div class="battle-history">Go! <strong>Lumineon</strong>!<br></div><div class="spacer battle-history"><br></div><div class="battle-history">The opposing Golem used <strong>Toxic</strong>!<br></div><div class="battle-history"><small>Lumineon was badly poisoned!</small><br></div><div class="spacer battle-history"><br></div><div class="battle-history"><small>Lumineon restored a little HP using its Leftovers!</small><br></div><div class="battle-history"><small>The opposing Golem restored a little HP using its Leftovers!</small><br></div><div class="battle-history"><small>Lumineon was hurt by poison!</small><br></div><div class="battle-history"><small>The opposing Golem was hurt by its burn!</small><br></div><div class="spacer battle-history"><br></div><h2 class="battle-history">Turn 23</h2><div class="chat"><small>beefdreams joined.</small></div><div class="chat"><small>beefdreams left.</small></div><div class="spacer battle-history"><br></div><div class="battle-history">PokemonMasterTJ withdrew Golem!<br></div><div class="battle-history">PokemonMasterTJ sent out <strong>Pelipper</strong>!<br></div><div class="spacer battle-history"><br></div><div class="battle-history">Lumineon used <strong>U-turn</strong>!<br></div><div class="battle-history"><small>It's not very effective...</small><br></div><div class="battle-history"><small>(The opposing Pelipper lost <abbr title="−14/321">4.4%</abbr> of its health!)</small><br></div><div class="spacer battle-history"><br></div><div class="battle-history">Lumineon went back to enemyjurist!<br></div><div class="battle-history">Go! <strong>Simipour</strong>!<br></div><div class="spacer battle-history"><br></div><div class="battle-history"><small>The opposing Pelipper restored a little HP using its Leftovers!</small><br></div><div class="spacer battle-history"><br></div><h2 class="battle-history">Turn 24</h2><div class="spacer battle-history"><br></div><div class="battle-history">Simipour used <strong>Ice Beam</strong>!<br></div><div class="battle-history"><small>(The opposing Pelipper lost <abbr title="−48/321">15.0%</abbr> of its health!)</small><br></div><div class="battle-history"><small>Simipour lost some of its HP!</small><br></div><div class="spacer battle-history"><br></div><div class="battle-history">The opposing Pelipper fainted!<br></div><div class="spacer battle-history"><br></div><div class="battle-history">PokemonMasterTJ sent out Rotom (<strong>Rotom-Frost</strong>)!<br></div><div class="spacer battle-history"><br></div><h2 class="battle-history">Turn 25</h2><div class="spacer battle-history"><br></div><div class="battle-history">Simipour, come back!<br></div><div class="battle-history">Go! <strong>Mr. Mime</strong>!<br></div><div class="spacer battle-history"><br></div><div class="battle-history">The opposing Rotom used <strong>Thunderbolt</strong>!<br></div><div class="battle-history"><small>(Mr. Mime lost <abbr title="−117/221">52.9%</abbr> of its health!)</small><br></div><div class="spacer battle-history"><br></div><h2 class="battle-history">Turn 26</h2><div class="spacer battle-history"><br></div><div class="battle-history">Mr. Mime, come back!<br></div><div class="battle-history">Go! <strong>Lumineon</strong>!<br></div><div class="spacer battle-history"><br></div><div class="battle-history">PokemonMasterTJ withdrew Rotom!<br></div><div class="battle-history">PokemonMasterTJ sent out <strong>Beheeyem</strong>!<br></div><div class="spacer battle-history"><br></div><div class="battle-history"><small>Lumineon restored a little HP using its Leftovers!</small><br></div><div class="battle-history"><small>Lumineon was hurt by poison!</small><br></div><div class="spacer battle-history"><br></div><h2 class="battle-history">Turn 27</h2><div class="spacer battle-history"><br></div><div class="battle-history">PokemonMasterTJ withdrew Beheeyem!<br></div><div class="battle-history">PokemonMasterTJ sent out <strong>Golem</strong>!<br></div><div class="spacer battle-history"><br></div><div class="battle-history">Lumineon used <strong>Scald</strong>!<br></div><div class="battle-history"><small>It's super effective!</small><br></div><div class="battle-history"><small>(The opposing Golem lost <abbr title="−276/363">76.0%</abbr> of its health!)</small><br></div><div class="spacer battle-history"><br></div><div class="battle-history"><small>Lumineon restored a little HP using its Leftovers!</small><br></div><div class="battle-history"><small>The opposing Golem restored a little HP using its Leftovers!</small><br></div><div class="battle-history"><small>Lumineon was hurt by poison!</small><br></div><div class="battle-history"><small>The opposing Golem was hurt by its burn!</small><br></div><div class="spacer battle-history"><br></div><div class="battle-history">The opposing Golem fainted!<br></div><div class="spacer battle-history"><br></div><div class="battle-history">PokemonMasterTJ sent out Rotom (<strong>Rotom-Frost</strong>)!<br></div><div class="spacer battle-history"><br></div><h2 class="battle-history">Turn 28</h2><div class="spacer battle-history"><br></div><div class="battle-history">Lumineon, come back!<br></div><div class="battle-history">Go! <strong>Rapidash</strong>!<br></div><div class="spacer battle-history"><br></div><div class="battle-history">The opposing Rotom used <strong>Thunderbolt</strong>!<br></div><div class="battle-history"><small>(Rapidash lost <abbr title="−177/271">65.3%</abbr> of its health!)</small><br></div><div class="battle-history"><small>Rapidash is paralyzed! It may be unable to move!</small><br></div><div class="spacer battle-history"><br></div><div class="battle-history"><small>Rapidash restored a little HP using its Leftovers!</small><br></div><div class="spacer battle-history"><br></div><h2 class="battle-history">Turn 29</h2><div class="spacer battle-history"><br></div><div class="battle-history">The opposing Rotom used <strong>Thunderbolt</strong>!<br></div><div class="battle-history"><small>(Rapidash lost <abbr title="−110/271">40.6%</abbr> of its health!)</small><br></div><div class="spacer battle-history"><br></div><div class="battle-history">Rapidash fainted!<br></div><div class="spacer battle-history"><br></div><div class="battle-history">Go! <strong>Monferno</strong>!<br></div><div class="spacer battle-history"><br></div><h2 class="battle-history">Turn 30</h2><div class="spacer battle-history"><br></div><div class="battle-history">PokemonMasterTJ withdrew Rotom!<br></div><div class="battle-history">PokemonMasterTJ sent out <strong>Monferno</strong>!<br></div><div class="spacer battle-history"><br></div><div class="battle-history">Monferno used <strong>U-turn</strong>!<br></div><div class="battle-history"><small>It's not very effective...</small><br></div><div class="battle-history"><small>(The opposing Monferno lost <abbr title="−16/321">5.0%</abbr> of its health!)</small><br></div><div class="spacer battle-history"><br></div><div class="battle-history">Monferno went back to enemyjurist!<br></div><div class="battle-history">Go! <strong>Simipour</strong>!<br></div><div class="spacer battle-history"><br></div><h2 class="battle-history">Turn 31</h2><div class="spacer battle-history"><br></div><div class="battle-history">Simipour used <strong>Hydro Pump</strong>!<br></div><div class="battle-history"><small>It's super effective!</small><br></div><div class="battle-history"><small>(The opposing Monferno lost <abbr title="−305/321">95.0%</abbr> of its health!)</small><br></div><div class="battle-history"><small>Simipour lost some of its HP!</small><br></div><div class="spacer battle-history"><br></div><div class="battle-history">The opposing Monferno fainted!<br></div><div class="chat"><small>Rocky21 joined.</small></div><div class="chat"><small>Rocky21 left.</small></div><div class="spacer battle-history"><br></div><div class="battle-history">PokemonMasterTJ sent out Rotom (<strong>Rotom-Frost</strong>)!<br></div><div class="spacer battle-history"><br></div><h2 class="battle-history">Turn 32</h2><div class="spacer battle-history"><br></div><div class="battle-history">Simipour, come back!<br></div><div class="battle-history">Go! <strong>Mr. Mime</strong>!<br></div><div class="spacer battle-history"><br></div><div class="battle-history">The opposing Rotom used <strong>Volt Switch</strong>!<br></div><div class="battle-history"><small>(Mr. Mime lost <abbr title="−87/221">39.4%</abbr> of its health!)</small><br></div><div class="spacer battle-history"><br></div><div class="battle-history">The opposing Rotom went back to PokemonMasterTJ!<br></div><div class="battle-history">PokemonMasterTJ sent out <strong>Beheeyem</strong>!<br></div><div class="spacer battle-history"><br></div><h2 class="battle-history">Turn 33</h2><div class="spacer battle-history"><br></div><div class="battle-history">Mr. Mime used <strong>Healing Wish</strong>!<br></div><div class="spacer battle-history"><br></div><div class="battle-history">Mr. Mime fainted!<br></div><div class="battle-history">The opposing Beheeyem used <strong>Calm Mind</strong>!<br></div><div class="battle-history"><small>The opposing Beheeyem's Special Attack rose!</small><br></div><div class="battle-history"><small>The opposing Beheeyem's Special Defense rose!</small><br></div><div class="spacer battle-history"><br></div><div class="battle-history">Go! <strong>Simipour</strong>!<br></div><div class="battle-history"><small>The healing wish came true for Simipour!</small><br></div><div class="spacer battle-history"><br></div><h2 class="battle-history">Turn 34</h2><div class="spacer battle-history"><br></div><div class="battle-history">Simipour used <strong>Nasty Plot</strong>!<br></div><div class="battle-history"><small>Simipour's Special Attack rose sharply!</small><br></div><div class="spacer battle-history"><br></div><div class="battle-history">The opposing Beheeyem used <strong>Psyshock</strong>!<br></div><div class="battle-history"><small>(Simipour lost <abbr title="−289/289">100%</abbr> of its health!)</small><br></div><div class="spacer battle-history"><br></div><div class="battle-history">Simipour fainted!<br></div><div class="chat chatmessage-enemyjurist"><strong style="color:hsl(104,46%,37%)"><small>☆</small><span class="username" data-name="enemyjurist">enemyjurist</span>:</strong> <em>isnt that phys def?</em></div><div class="spacer battle-history"><br></div><div class="battle-history">Go! <strong>Lumineon</strong>!<br></div><div class="spacer battle-history"><br></div><h2 class="battle-history">Turn 35</h2><div class="chat chatmessage-pokemonmastertj"><strong style="color:hsl(26,75%,48%)"><small>☆</small><span class="username" data-name="PokemonMasterTJ">PokemonMasterTJ</span>:</strong> <em>yea</em></div><div class="chat chatmessage-enemyjurist"><strong style="color:hsl(104,46%,37%)"><small>☆</small><span class="username" data-name="enemyjurist">enemyjurist</span>:</strong> <em>whys that so goddamn strong</em></div><div class="spacer battle-history"><br></div><div class="battle-history">Lumineon used <strong>Toxic</strong>!<br></div><div class="battle-history"><small>The opposing Beheeyem avoided the attack!</small><br></div><div class="spacer battle-history"><br></div><div class="battle-history">The opposing Beheeyem used <strong>Psyshock</strong>!<br></div><div class="battle-history"><small>(Lumineon lost <abbr title="−177/342">51.8%</abbr> of its health!)</small><br></div><div class="spacer battle-history"><br></div><div class="battle-history"><small>Lumineon restored a little HP using its Leftovers!</small><br></div><div class="battle-history"><small>Lumineon was hurt by poison!</small><br></div><div class="spacer battle-history"><br></div><h2 class="battle-history">Turn 36</h2><div class="chat chatmessage-enemyjurist"><strong style="color:hsl(104,46%,37%)"><small>☆</small><span class="username" data-name="enemyjurist">enemyjurist</span>:</strong> <em>gg</em></div><div class="spacer battle-history"><br></div><div class="battle-history"><small>enemyjurist forfeited.</small><br></div><div class="spacer battle-history"><br></div><div class="battle-history"><strong>PokemonMasterTJ</strong> won the battle!<br></div><div class="chat"><small>enemyjurist left.</small></div><div class="chat chatmessage-pokemonmastertj"><strong style="color:hsl(26,75%,48%)"><small>☆</small><span class="username" data-name="PokemonMasterTJ">PokemonMasterTJ</span>:</strong> <em>gg</em></div></div><div class="inner-preempt"></div></div></div>
</div>
<script>
let daily = Math.floor(Date.now()/1000/60/60/24);document.write('<script src="https://play.pokemonshowdown.com/js/replay-embed.js?version'+daily+'"></'+'script>');
</script>
