<!DOCTYPE html>
<meta charset="utf-8" />
<!-- version 1 -->
<title>PU replay: SoMuchPotato vs. Maxou064</title>
<style>
html,body {font-family:Verdana, sans-serif;font-size:10pt;margin:0;padding:0;}body{padding:12px 0;} .battle-log {font-family:Verdana, sans-serif;font-size:10pt;} .battle-log-inline {border:1px solid #AAAAAA;background:#EEF2F5;color:black;max-width:640px;margin:0 auto 80px;padding-bottom:5px;} .battle-log .inner {padding:4px 8px 0px 8px;} .battle-log .inner-preempt {padding:0 8px 4px 8px;} .battle-log .inner-after {margin-top:0.5em;} .battle-log h2 {margin:0.5em -8px;padding:4px 8px;border:1px solid #AAAAAA;background:#E0E7EA;border-left:0;border-right:0;font-family:Verdana, sans-serif;font-size:13pt;} .battle-log .chat {vertical-align:middle;padding:3px 0 3px 0;font-size:8pt;} .battle-log .chat strong {color:#40576A;} .battle-log .chat em {padding:1px 4px 1px 3px;color:#000000;font-style:normal;} .chat.mine {background:rgba(0,0,0,0.05);margin-left:-8px;margin-right:-8px;padding-left:8px;padding-right:8px;} .spoiler {color:#BBBBBB;background:#BBBBBB;padding:0px 3px;} .spoiler:hover, .spoiler:active, .spoiler-shown {color:#000000;background:#E2E2E2;padding:0px 3px;} .spoiler a {color:#BBBBBB;} .spoiler:hover a, .spoiler:active a, .spoiler-shown a {color:#2288CC;} .chat code, .chat .spoiler:hover code, .chat .spoiler:active code, .chat .spoiler-shown code {border:1px solid #C0C0C0;background:#EEEEEE;color:black;padding:0 2px;} .chat .spoiler code {border:1px solid #CCCCCC;background:#CCCCCC;color:#CCCCCC;} .battle-log .rated {padding:3px 4px;} .battle-log .rated strong {color:white;background:#89A;padding:1px 4px;border-radius:4px;} .spacer {margin-top:0.5em;} .message-announce {background:#6688AA;color:white;padding:1px 4px 2px;} .message-announce a, .broadcast-green a, .broadcast-blue a, .broadcast-red a {color:#DDEEFF;} .broadcast-green {background-color:#559955;color:white;padding:2px 4px;} .broadcast-blue {background-color:#6688AA;color:white;padding:2px 4px;} .infobox {border:1px solid #6688AA;padding:2px 4px;} .infobox-limited {max-height:200px;overflow:auto;overflow-x:hidden;} .broadcast-red {background-color:#AA5544;color:white;padding:2px 4px;} .message-learn-canlearn {font-weight:bold;color:#228822;text-decoration:underline;} .message-learn-cannotlearn {font-weight:bold;color:#CC2222;text-decoration:underline;} .message-effect-weak {font-weight:bold;color:#CC2222;} .message-effect-resist {font-weight:bold;color:#6688AA;} .message-effect-immune {font-weight:bold;color:#666666;} .message-learn-list {margin-top:0;margin-bottom:0;} .message-throttle-notice, .message-error {color:#992222;} .message-overflow, .chat small.message-overflow {font-size:0pt;} .message-overflow::before {font-size:9pt;content:'...';} .subtle {color:#3A4A66;}
</style>
<div class="wrapper replay-wrapper" style="max-width:1180px;margin:0 auto">
<input type="hidden" name="replayid" value="pu-561832967" />
<div class="battle"></div><div class="battle-log"></div><div class="replay-controls"></div><div class="replay-controls-2"></div>
<h1 style="font-weight:normal;text-align:center"><strong>PU</strong><br /><a href="http://pokemonshowdown.com/users/somuchpotato" class="subtle" target="_blank">SoMuchPotato</a> vs. <a href="http://pokemonshowdown.com/users/maxou064" class="subtle" target="_blank">Maxou064</a></h1>
<script type="text/plain" class="battle-log-data">|j|SoMuchPotato
|j|Maxou064
|player|p1|SoMuchPotato|187
|player|p2|Maxou064|109
|gametype|singles
|gen|6
|tier|PU
|rated
|seed|53466,7663,38485,10457
|rule|Sleep Clause Mod: Limit one foe put to sleep
|rule|Species Clause: Limit one of each Pokémon
|rule|OHKO Clause: OHKO moves are banned
|rule|Moody Clause: Moody is banned
|rule|Evasion Moves Clause: Evasion moves are banned
|rule|Endless Battle Clause: Forcing endless battles is banned
|rule|HP Percentage Mod: HP is shown in percentages
|clearpoke
|poke|p1|Whirlipede, F|item
|poke|p1|Articuno|item
|poke|p1|Simisear, M|item
|poke|p1|Raichu, M|item
|poke|p1|Carnivine, M|item
|poke|p1|Lumineon, F|item
|poke|p2|Lapras, M|item
|poke|p2|Camerupt, F|item
|poke|p2|Ampharos, M|item
|poke|p2|Hypno, M|item
|poke|p2|Banette, F|item
|poke|p2|Trevenant, M|item
|rule|Swagger Clause: Swagger is banned
|rule|Baton Pass Clause: Limit one Baton Passer, can't pass Spe and other stats simultaneously
|teampreview
|choice|team 1, team 2, team 3, team 4, team 5, team 6|team 4, team 2, team 3, team 1, team 5, team 6
|
|start
|switch|p1a: Whirlipede|Whirlipede, F|284\/284
|switch|p2a: Hypno|Hypno, M|374\/374
|turn|1
|choice|move protect|move trickroom
|
|move|p1a: Whirlipede|Protect|p1a: Whirlipede
|-singleturn|p1a: Whirlipede|Protect
|move|p2a: Hypno|Trick Room|p2a: Hypno
|-fieldstart|move: Trick Room|[of] p2a: Hypno
|
|-ability|p1a: Whirlipede|Speed Boost|boost
|-boost|p1a: Whirlipede|spe|1
|upkeep
|turn|2
|choice|move spikes|switch 2
|
|switch|p2a: Camerupt|Camerupt, F|343\/343
|move|p1a: Whirlipede|Spikes|p2a: Camerupt
|-sidestart|p2: Maxou064|Spikes
|
|-ability|p1a: Whirlipede|Speed Boost|boost
|-boost|p1a: Whirlipede|spe|1
|upkeep
|turn|3
|choice|move toxicspikes|move stealthrock
|
|move|p2a: Camerupt|Stealth Rock|p1a: Whirlipede
|-sidestart|p1: SoMuchPotato|move: Stealth Rock
|move|p1a: Whirlipede|Toxic Spikes|p2a: Camerupt
|-sidestart|p2: Maxou064|move: Toxic Spikes
|
|-ability|p1a: Whirlipede|Speed Boost|boost
|-boost|p1a: Whirlipede|spe|1
|upkeep
|turn|4
|choice|move toxicspikes|move lavaplume
|
|move|p2a: Camerupt|Lava Plume|p1a: Whirlipede
|-supereffective|p1a: Whirlipede
|-damage|p1a: Whirlipede|48\/284
|move|p1a: Whirlipede|Toxic Spikes|p2a: Camerupt
|-sidestart|p2: Maxou064|move: Toxic Spikes
|
|-ability|p1a: Whirlipede|Speed Boost|boost
|-boost|p1a: Whirlipede|spe|1
|upkeep
|turn|5
|choice|move spikes|move toxic
|
|move|p2a: Camerupt|Toxic|p1a: Whirlipede
|-immune|p1a: Whirlipede|[msg]
|move|p1a: Whirlipede|Spikes|p2a: Camerupt
|-sidestart|p2: Maxou064|Spikes
|
|-fieldend|move: Trick Room
|-ability|p1a: Whirlipede|Speed Boost|boost
|-boost|p1a: Whirlipede|spe|1
|upkeep
|turn|6
|choice|move endeavor|move lavaplume
|
|move|p1a: Whirlipede|Endeavor|p2a: Camerupt
|-damage|p2a: Camerupt|48\/343
|move|p2a: Camerupt|Lava Plume|p1a: Whirlipede
|-supereffective|p1a: Whirlipede
|-damage|p1a: Whirlipede|0 fnt
|faint|p1a: Whirlipede
|
|-heal|p2a: Camerupt|69\/343|[from] item: Leftovers
|upkeep
|choice|switch 6|
|
|switch|p1a: Lumineon|Lumineon, F|342\/342
|-damage|p1a: Lumineon|300\/342|[from] Stealth Rock
|turn|7
|choice|move scald|switch 4
|
|switch|p2a: Lapras|Lapras, M|464\/464
|-status|p2a: Lapras|tox
|-damage|p2a: Lapras|387\/464 tox|[from] Spikes
|move|p1a: Lumineon|Scald|p2a: Lapras
|-heal|p2a: Lapras|464\/464 tox|[from] ability: Water Absorb|[of] p1a: Lumineon
|
|-heal|p1a: Lumineon|321\/342|[from] item: Leftovers
|-damage|p2a: Lapras|435\/464 tox|[from] psn
|upkeep
|turn|8
|choice|move uturn|move freezedry
|
|move|p1a: Lumineon|U-turn|p2a: Lapras
|-damage|p2a: Lapras|387\/464 tox
|choice|switch 5|
|
|switch|p1a: Carnivine|Carnivine, M|352\/352
|-damage|p1a: Carnivine|308\/352|[from] Stealth Rock
|move|p2a: Lapras|Freeze-Dry|p1a: Carnivine
|-supereffective|p1a: Carnivine
|-damage|p1a: Carnivine|24\/352
|
|-heal|p1a: Carnivine|46\/352|[from] item: Leftovers
|-damage|p2a: Lapras|329\/464 tox|[from] psn
|upkeep
|turn|9
|choice|move knockoff|switch 6
|
|switch|p2a: Trevenant|Trevenant, M|374\/374
|-status|p2a: Trevenant|tox
|-damage|p2a: Trevenant|312\/374 tox|[from] Spikes
|-item|p1a: Carnivine|Leftovers|[from] ability: Frisk|[of] p2a: Trevenant|[identify]
|move|p1a: Carnivine|Knock Off|p2a: Trevenant
|-supereffective|p2a: Trevenant
|-damage|p2a: Trevenant|48\/374 tox
|-enditem|p2a: Trevenant|Leftovers|[from] move: Knock Off|[of] p1a: Carnivine
|
|-heal|p1a: Carnivine|68\/352|[from] item: Leftovers
|-damage|p2a: Trevenant|25\/374 tox|[from] psn
|upkeep
|turn|10
|choice|move knockoff|move trickroom
|
|move|p1a: Carnivine|Knock Off|p2a: Trevenant
|-supereffective|p2a: Trevenant
|-damage|p2a: Trevenant|0 fnt
|faint|p2a: Trevenant
|
|-heal|p1a: Carnivine|90\/352|[from] item: Leftovers
|upkeep
|choice||switch 4
|
|switch|p2a: Camerupt|Camerupt, F|69\/343
|-status|p2a: Camerupt|tox
|-damage|p2a: Camerupt|12\/343 tox|[from] Spikes
|turn|11
|choice|move knockoff|move lavaplume
|
|move|p1a: Carnivine|Knock Off|p2a: Camerupt
|-damage|p2a: Camerupt|0 fnt
|-enditem|p2a: Camerupt|Leftovers|[from] move: Knock Off|[of] p1a: Carnivine
|faint|p2a: Camerupt
|
|-heal|p1a: Carnivine|112\/352|[from] item: Leftovers
|upkeep
|choice||switch 6
|
|switch|p2a: Lapras|Lapras, M|329\/464 tox
|-damage|p2a: Lapras|252\/464 tox|[from] Spikes
|turn|12
|choice|move powerwhip|move freezedry
|
|move|p1a: Carnivine|Power Whip|p2a: Lapras
|-supereffective|p2a: Lapras
|-damage|p2a: Lapras|0 fnt
|faint|p2a: Lapras
|
|-heal|p1a: Carnivine|134\/352|[from] item: Leftovers
|upkeep
|-message|Maxou064 forfeited.
|
|win|SoMuchPotato
|l|Maxou064</script>
</div>
<div class="battle-log battle-log-inline"><div class="inner"><div class="battle-options"></div><div class="inner"><div class="chat"><small>SoMuchPotato joined.</small></div><div class="chat"><small>Maxou064 joined.</small></div><div class=""><small>Format:</small> <br><strong>PU</strong></div><div class="rated"><strong>Rated battle</strong></div><div class=""><small><em>Sleep Clause Mod:</em> Limit one foe put to sleep</small></div><div class=""><small><em>Species Clause:</em> Limit one of each Pokémon</small></div><div class=""><small><em>OHKO Clause:</em> OHKO moves are banned</small></div><div class=""><small><em>Moody Clause:</em> Moody is banned</small></div><div class=""><small><em>Evasion Moves Clause:</em> Evasion moves are banned</small></div><div class=""><small><em>Endless Battle Clause:</em> Forcing endless battles is banned</small></div><div class=""><small><em>HP Percentage Mod:</em> HP is shown in percentages</small></div><div class=""><small><em>Swagger Clause:</em> Swagger is banned</small></div><div class=""><small><em>Baton Pass Clause:</em> Limit one Baton Passer, can't pass Spe and other stats simultaneously</small></div><div class="chat battle-history"><strong>SoMuchPotato's team:</strong> <em style="color:#445566;display:block;">Whirlipede / Articuno / Simisear / Raichu / Carnivine / Lumineon</em></div><div class="chat battle-history"><strong>Maxou064's team:</strong> <em style="color:#445566;display:block;">Lapras / Camerupt / Ampharos / Hypno / Banette / Trevenant</em></div><div class="spacer battle-history"><br></div><div class="battle-history">Battle started between SoMuchPotato and Maxou064!<br></div><div class="spacer battle-history"><br></div><div class="battle-history">Go! <strong>Whirlipede</strong>!<br></div><div class="spacer battle-history"><br></div><div class="battle-history">Maxou064 sent out <strong>Hypno</strong>!<br></div><div class="spacer battle-history"><br></div><h2 class="battle-history">Turn 1</h2><div class="spacer battle-history"><br></div><div class="battle-history">Whirlipede used <strong>Protect</strong>!<br></div><div class="battle-history"><small>Whirlipede protected itself!</small><br></div><div class="spacer battle-history"><br></div><div class="battle-history">The opposing Hypno used <strong>Trick Room</strong>!<br></div><div class="battle-history"><small>The opposing Hypno twisted the dimensions!</small><br></div><div class="spacer battle-history"><br></div><div class="battle-history"><small>[Whirlipede's Speed Boost]</small><br></div><div class="battle-history"><small>Whirlipede's Speed rose!</small><br></div><div class="spacer battle-history"><br></div><h2 class="battle-history">Turn 2</h2><div class="spacer battle-history"><br></div><div class="battle-history">Maxou064 withdrew Hypno!<br></div><div class="battle-history">Maxou064 sent out <strong>Camerupt</strong>!<br></div><div class="spacer battle-history"><br></div><div class="battle-history">Whirlipede used <strong>Spikes</strong>!<br></div><div class="battle-history"><small>Spikes were scattered on the ground all around the opposing team!</small><br></div><div class="spacer battle-history"><br></div><div class="battle-history"><small>[Whirlipede's Speed Boost]</small><br></div><div class="battle-history"><small>Whirlipede's Speed rose!</small><br></div><div class="spacer battle-history"><br></div><h2 class="battle-history">Turn 3</h2><div class="spacer battle-history"><br></div><div class="battle-history">The opposing Camerupt used <strong>Stealth Rock</strong>!<br></div><div class="battle-history"><small>Pointed stones float in the air around your team!</small><br></div><div class="spacer battle-history"><br></div><div class="battle-history">Whirlipede used <strong>Toxic Spikes</strong>!<br></div><div class="battle-history"><small>Poison spikes were scattered on the ground all around the opposing team!</small><br></div><div class="spacer battle-history"><br></div><div class="battle-history"><small>[Whirlipede's Speed Boost]</small><br></div><div class="battle-history"><small>Whirlipede's Speed rose!</small><br></div><div class="spacer battle-history"><br></div><h2 class="battle-history">Turn 4</h2><div class="spacer battle-history"><br></div><div class="battle-history">The opposing Camerupt used <strong>Lava Plume</strong>!<br></div><div class="battle-history"><small>It's super effective!</small><br></div><div class="battle-history"><small>(Whirlipede lost <abbr title="−236/284">83.1%</abbr> of its health!)</small><br></div><div class="spacer battle-history"><br></div><div class="battle-history">Whirlipede used <strong>Toxic Spikes</strong>!<br></div><div class="battle-history"><small>Poison spikes were scattered on the ground all around the opposing team!</small><br></div><div class="spacer battle-history"><br></div><div class="battle-history"><small>[Whirlipede's Speed Boost]</small><br></div><div class="battle-history"><small>Whirlipede's Speed rose!</small><br></div><div class="spacer battle-history"><br></div><h2 class="battle-history">Turn 5</h2><div class="spacer battle-history"><br></div><div class="battle-history">The opposing Camerupt used <strong>Toxic</strong>!<br></div><div class="battle-history"><small>It doesn't affect Whirlipede...</small><br></div><div class="spacer battle-history"><br></div><div class="battle-history">Whirlipede used <strong>Spikes</strong>!<br></div><div class="battle-history"><small>Spikes were scattered on the ground all around the opposing team!</small><br></div><div class="spacer battle-history"><br></div><div class="battle-history"><small>The twisted dimensions returned to normal!</small><br></div><div class="battle-history"><small>[Whirlipede's Speed Boost]</small><br></div><div class="battle-history"><small>Whirlipede's Speed rose!</small><br></div><div class="spacer battle-history"><br></div><h2 class="battle-history">Turn 6</h2><div class="spacer battle-history"><br></div><div class="battle-history">Whirlipede used <strong>Endeavor</strong>!<br></div><div class="battle-history"><small>(The opposing Camerupt lost <abbr title="−295/343">86.0%</abbr> of its health!)</small><br></div><div class="spacer battle-history"><br></div><div class="battle-history">The opposing Camerupt used <strong>Lava Plume</strong>!<br></div><div class="battle-history"><small>It's super effective!</small><br></div><div class="battle-history"><small>(Whirlipede lost <abbr title="−48/284">16.9%</abbr> of its health!)</small><br></div><div class="spacer battle-history"><br></div><div class="battle-history">Whirlipede fainted!<br></div><div class="spacer battle-history"><br></div><div class="battle-history"><small>The opposing Camerupt restored a little HP using its Leftovers!</small><br></div><div class="spacer battle-history"><br></div><div class="battle-history">Go! <strong>Lumineon</strong>!<br></div><div class="battle-history"><small>Pointed stones dug into Lumineon!</small><br></div><div class="spacer battle-history"><br></div><h2 class="battle-history">Turn 7</h2><div class="spacer battle-history"><br></div><div class="battle-history">Maxou064 withdrew Camerupt!<br></div><div class="battle-history">Maxou064 sent out <strong>Lapras</strong>!<br></div><div class="battle-history"><small>The opposing Lapras was badly poisoned!</small><br></div><div class="battle-history"><small>The opposing Lapras is hurt by the spikes!</small><br></div><div class="spacer battle-history"><br></div><div class="battle-history">Lumineon used <strong>Scald</strong>!<br></div><div class="battle-history"><small>[The opposing Lapras's Water Absorb]</small><br><small>The opposing Lapras restored its HP.</small><br></div><div class="spacer battle-history"><br></div><div class="battle-history"><small>Lumineon restored a little HP using its Leftovers!</small><br></div><div class="battle-history"><small>The opposing Lapras was hurt by poison!</small><br></div><div class="spacer battle-history"><br></div><h2 class="battle-history">Turn 8</h2><div class="spacer battle-history"><br></div><div class="battle-history">Lumineon used <strong>U-turn</strong>!<br></div><div class="battle-history"><small>(The opposing Lapras lost <abbr title="−48/464">10.3%</abbr> of its health!)</small><br></div><div class="spacer battle-history"><br></div><div class="battle-history">Lumineon went back to SoMuchPotato!<br></div><div class="battle-history">Go! <strong>Carnivine</strong>!<br></div><div class="battle-history"><small>Pointed stones dug into Carnivine!</small><br></div><div class="spacer battle-history"><br></div><div class="battle-history">The opposing Lapras used <strong>Freeze-Dry</strong>!<br></div><div class="battle-history"><small>It's super effective!</small><br></div><div class="battle-history"><small>(Carnivine lost <abbr title="−284/352">80.7%</abbr> of its health!)</small><br></div><div class="spacer battle-history"><br></div><div class="battle-history"><small>Carnivine restored a little HP using its Leftovers!</small><br></div><div class="battle-history"><small>The opposing Lapras was hurt by poison!</small><br></div><div class="spacer battle-history"><br></div><h2 class="battle-history">Turn 9</h2><div class="spacer battle-history"><br></div><div class="battle-history">Maxou064 withdrew Lapras!<br></div><div class="battle-history">Maxou064 sent out <strong>Trevenant</strong>!<br></div><div class="battle-history"><small>The opposing Trevenant was badly poisoned!</small><br></div><div class="battle-history"><small>The opposing Trevenant is hurt by the spikes!</small><br></div><div class="battle-history"><small>[The opposing Trevenant's Frisk]</small><br><small>The opposing Trevenant frisked Carnivine and found its Leftovers!</small><br></div><div class="spacer battle-history"><br></div><div class="battle-history">Carnivine used <strong>Knock Off</strong>!<br></div><div class="battle-history"><small>It's super effective!</small><br></div><div class="battle-history"><small>(The opposing Trevenant lost <abbr title="−264/374">70.6%</abbr> of its health!)</small><br></div><div class="battle-history"><small>Carnivine knocked off the opposing Trevenant's Leftovers!</small><br></div><div class="spacer battle-history"><br></div><div class="battle-history"><small>Carnivine restored a little HP using its Leftovers!</small><br></div><div class="battle-history"><small>The opposing Trevenant was hurt by poison!</small><br></div><div class="spacer battle-history"><br></div><h2 class="battle-history">Turn 10</h2><div class="spacer battle-history"><br></div><div class="battle-history">Carnivine used <strong>Knock Off</strong>!<br></div><div class="battle-history"><small>It's super effective!</small><br></div><div class="battle-history"><small>(The opposing Trevenant lost <abbr title="−25/374">6.7%</abbr> of its health!)</small><br></div><div class="spacer battle-history"><br></div><div class="battle-history">The opposing Trevenant fainted!<br></div><div class="spacer battle-history"><br></div><div class="battle-history"><small>Carnivine restored a little HP using its Leftovers!</small><br></div><div class="spacer battle-history"><br></div><div class="battle-history">Maxou064 sent out <strong>Camerupt</strong>!<br></div><div class="battle-history"><small>The opposing Camerupt was badly poisoned!</small><br></div><div class="battle-history"><small>The opposing Camerupt is hurt by the spikes!</small><br></div><div class="spacer battle-history"><br></div><h2 class="battle-history">Turn 11</h2><div class="spacer battle-history"><br></div><div class="battle-history">Carnivine used <strong>Knock Off</strong>!<br></div><div class="battle-history"><small>(The opposing Camerupt lost <abbr title="−12/343">3.5%</abbr> of its health!)</small><br></div><div class="battle-history"><small>Carnivine knocked off the opposing Camerupt's Leftovers!</small><br></div><div class="spacer battle-history"><br></div><div class="battle-history">The opposing Camerupt fainted!<br></div><div class="spacer battle-history"><br></div><div class="battle-history"><small>Carnivine restored a little HP using its Leftovers!</small><br></div><div class="spacer battle-history"><br></div><div class="battle-history">Maxou064 sent out <strong>Lapras</strong>!<br></div><div class="battle-history"><small>The opposing Lapras is hurt by the spikes!</small><br></div><div class="spacer battle-history"><br></div><h2 class="battle-history">Turn 12</h2><div class="spacer battle-history"><br></div><div class="battle-history">Carnivine used <strong>Power Whip</strong>!<br></div><div class="battle-history"><small>It's super effective!</small><br></div><div class="battle-history"><small>(The opposing Lapras lost <abbr title="−252/464">54.3%</abbr> of its health!)</small><br></div><div class="spacer battle-history"><br></div><div class="battle-history">The opposing Lapras fainted!<br></div><div class="spacer battle-history"><br></div><div class="battle-history"><small>Carnivine restored a little HP using its Leftovers!</small><br></div><div class="spacer battle-history"><br></div><div class="battle-history"><small>Maxou064 forfeited.</small><br></div><div class="spacer battle-history"><br></div><div class="battle-history"><strong>SoMuchPotato</strong> won the battle!<br></div><div class="chat"><small>Maxou064 left.</small></div></div><div class="inner-preempt"></div></div></div>
</div>
<script>
let daily = Math.floor(Date.now()/1000/60/60/24);document.write('<script src="https://play.pokemonshowdown.com/js/replay-embed.js?version'+daily+'"></'+'script>');
</script>
