<!DOCTYPE html>
<meta charset="utf-8" />
<!-- version 1 -->
<title>PU replay: Nyhets vs. Lovely❤Togekiss</title>
<style>
html,body {font-family:Verdana, sans-serif;font-size:10pt;margin:0;padding:0;}body{padding:12px 0;} .battle-log {font-family:Verdana, sans-serif;font-size:10pt;} .battle-log-inline {border:1px solid #AAAAAA;background:#EEF2F5;color:black;max-width:640px;margin:0 auto 80px;padding-bottom:5px;} .battle-log .inner {padding:4px 8px 0px 8px;} .battle-log .inner-preempt {padding:0 8px 4px 8px;} .battle-log .inner-after {margin-top:0.5em;} .battle-log h2 {margin:0.5em -8px;padding:4px 8px;border:1px solid #AAAAAA;background:#E0E7EA;border-left:0;border-right:0;font-family:Verdana, sans-serif;font-size:13pt;} .battle-log .chat {vertical-align:middle;padding:3px 0 3px 0;font-size:8pt;} .battle-log .chat strong {color:#40576A;} .battle-log .chat em {padding:1px 4px 1px 3px;color:#000000;font-style:normal;} .chat.mine {background:rgba(0,0,0,0.05);margin-left:-8px;margin-right:-8px;padding-left:8px;padding-right:8px;} .spoiler {color:#BBBBBB;background:#BBBBBB;padding:0px 3px;} .spoiler:hover, .spoiler:active, .spoiler-shown {color:#000000;background:#E2E2E2;padding:0px 3px;} .spoiler a {color:#BBBBBB;} .spoiler:hover a, .spoiler:active a, .spoiler-shown a {color:#2288CC;} .chat code, .chat .spoiler:hover code, .chat .spoiler:active code, .chat .spoiler-shown code {border:1px solid #C0C0C0;background:#EEEEEE;color:black;padding:0 2px;} .chat .spoiler code {border:1px solid #CCCCCC;background:#CCCCCC;color:#CCCCCC;} .battle-log .rated {padding:3px 4px;} .battle-log .rated strong {color:white;background:#89A;padding:1px 4px;border-radius:4px;} .spacer {margin-top:0.5em;} .message-announce {background:#6688AA;color:white;padding:1px 4px 2px;} .message-announce a, .broadcast-green a, .broadcast-blue a, .broadcast-red a {color:#DDEEFF;} .broadcast-green {background-color:#559955;color:white;padding:2px 4px;} .broadcast-blue {background-color:#6688AA;color:white;padding:2px 4px;} .infobox {border:1px solid #6688AA;padding:2px 4px;} .infobox-limited {max-height:200px;overflow:auto;overflow-x:hidden;} .broadcast-red {background-color:#AA5544;color:white;padding:2px 4px;} .message-learn-canlearn {font-weight:bold;color:#228822;text-decoration:underline;} .message-learn-cannotlearn {font-weight:bold;color:#CC2222;text-decoration:underline;} .message-effect-weak {font-weight:bold;color:#CC2222;} .message-effect-resist {font-weight:bold;color:#6688AA;} .message-effect-immune {font-weight:bold;color:#666666;} .message-learn-list {margin-top:0;margin-bottom:0;} .message-throttle-notice, .message-error {color:#992222;} .message-overflow, .chat small.message-overflow {font-size:0pt;} .message-overflow::before {font-size:9pt;content:'...';} .subtle {color:#3A4A66;}
</style>
<div class="wrapper replay-wrapper" style="max-width:1180px;margin:0 auto">
<input type="hidden" name="replayid" value="pokestrat-pu-989" />
<div class="battle"></div><div class="battle-log"></div><div class="replay-controls"></div><div class="replay-controls-2"></div>
<h1 style="font-weight:normal;text-align:center"><strong>PU</strong><br /><a href="http://pokemonshowdown.com/users/nyhets" class="subtle" target="_blank">Nyhets</a> vs. <a href="http://pokemonshowdown.com/users/lovelytogekiss" class="subtle" target="_blank">Lovely❤Togekiss</a></h1>
<script type="text/plain" class="battle-log-data">|j|Nyhets
|j|Lovely❤Togekiss
|player|p1|Nyhets|216
|player|p2|Lovely❤Togekiss|249
|gametype|singles
|gen|6
|tier|PU
|seed|49241,42834,64876,43713
|rule|Sleep Clause Mod: Limit one foe put to sleep
|rule|Species Clause: Limit one of each Pokémon
|rule|OHKO Clause: OHKO moves are banned
|rule|Moody Clause: Moody is banned
|rule|Evasion Moves Clause: Evasion moves are banned
|rule|Endless Battle Clause: Forcing endless battles is banned
|rule|HP Percentage Mod: HP is shown in percentages
|clearpoke
|poke|p1|Electrode|item
|poke|p1|Pawniard, M|item
|poke|p1|Lumineon, M|item
|poke|p1|Roselia, F|item
|poke|p1|Misdreavus, F|item
|poke|p1|Golem, M|item
|poke|p2|Beheeyem, F, shiny|item
|poke|p2|Vullaby, F, shiny|item
|poke|p2|Stunfisk, F, shiny|item
|poke|p2|Gourgeist-*, F|item
|poke|p2|Floatzel, F, shiny|item
|poke|p2|Rotom-Frost, shiny|item
|rule|Swagger Clause: Swagger is banned
|rule|Baton Pass Clause: Limit one Baton Passer, can't pass Spe and other stats simultaneously
|teampreview
|c|☆Nyhets|gl
|c|☆Nyhets|je test
|c|☆Nyhets|que des meufs
|c|☆Nyhets|chez toi
|c|☆Lovely❤Togekiss|XD
|c|☆Lovely❤Togekiss|Oui, je susi une fille, mes pokés sont filles
|c|☆Lovely❤Togekiss|je suis sexiste dans pokémon
|c|☆Lovely❤Togekiss|XD
|c|☆Nyhets|chuis sûr
|choice|team 3, team 2, team 1, team 4, team 5, team 6|team 4, team 2, team 3, team 1, team 5, team 6
|
|start
|switch|p1a: Lumineon|Lumineon, M|341\/341
|switch|p2a: Gourgeist|Gourgeist-Super, F|373\/373
|-item|p1a: Lumineon|Leftovers|[from] ability: Frisk|[of] p2a: Gourgeist|[identify]
|turn|1
|c|☆Nyhets|tu mets des Rhinastoc femelles
|c|☆Nyhets|et des galéking femelles aussi
|choice|move toxic|move bulletseed
|
|move|p1a: Lumineon|Toxic|p2a: Gourgeist
|-status|p2a: Gourgeist|tox
|move|p2a: Gourgeist|Bullet Seed|p1a: Lumineon
|-supereffective|p1a: Lumineon
|-damage|p1a: Lumineon|285\/341
|-supereffective|p1a: Lumineon
|-damage|p1a: Lumineon|237\/341
|-supereffective|p1a: Lumineon
|-damage|p1a: Lumineon|189\/341
|-hitcount|p1a: Lumineon|3
|
|-heal|p1a: Lumineon|210\/341|[from] item: Leftovers
|-damage|p2a: Gourgeist|350\/373 tox|[from] psn
|upkeep
|turn|2
|c|☆Lovely❤Togekiss|Oui
|c|☆Lovely❤Togekiss|:v
|choice|move uturn|move willowisp
|
|move|p1a: Lumineon|U-turn|p2a: Gourgeist
|-damage|p2a: Gourgeist|324\/373 tox
|choice|switch 4|
|
|switch|p1a: Roselia|Roselia, F|303\/303
|move|p2a: Gourgeist|Will-O-Wisp|p1a: Roselia
|-status|p1a: Roselia|brn
|
|-heal|p2a: Gourgeist|347\/373 tox|[from] item: Leftovers
|-damage|p1a: Roselia|266\/303 brn|[from] brn
|-damage|p2a: Gourgeist|301\/373 tox|[from] psn
|upkeep
|turn|3
|choice|move spikes|switch 2
|
|switch|p2a: Baby Of Death|Vullaby, F, shiny|343\/343
|move|p1a: Roselia|Spikes|p2a: Baby Of Death
|-sidestart|p2: Lovely❤Togekiss|Spikes
|
|-damage|p1a: Roselia|229\/303 brn|[from] brn
|upkeep
|turn|4
|choice|switch 4|move foulplay
|
|-curestatus|p1a: Roselia|brn|[from] ability: Natural Cure
|switch|p1a: Lumineon|Lumineon, M|210\/341
|move|p2a: Baby Of Death|Foul Play|p1a: Lumineon
|-crit|p1a: Lumineon
|-damage|p1a: Lumineon|119\/341
|
|-heal|p1a: Lumineon|140\/341|[from] item: Leftovers
|upkeep
|turn|5
|choice|move uturn|move defog
|
|move|p1a: Lumineon|U-turn|p2a: Baby Of Death
|-damage|p2a: Baby Of Death|322\/343
|choice|switch 2|
|
|switch|p1a: Pawniard|Pawniard, M|231\/231
|move|p2a: Baby Of Death|Defog|p1a: Pawniard
|-unboost|p1a: Pawniard|evasion|1
|-ability|p1a: Pawniard|Defiant|boost
|-boost|p1a: Pawniard|atk|2
|-sideend|p2: Lovely❤Togekiss|Spikes|[from] move: Defog|[of] p2a: Baby Of Death
|
|upkeep
|turn|6
|choice|move knockoff|move foulplay
|
|move|p1a: Pawniard|Knock Off|p2a: Baby Of Death
|-resisted|p2a: Baby Of Death
|-damage|p2a: Baby Of Death|253\/343
|-enditem|p2a: Baby Of Death|Eviolite|[from] move: Knock Off|[of] p1a: Pawniard
|move|p2a: Baby Of Death|Foul Play|p1a: Pawniard
|-resisted|p1a: Pawniard
|-damage|p1a: Pawniard|116\/231
|
|upkeep
|turn|7
|choice|move ironhead|move foulplay
|
|move|p1a: Pawniard|Iron Head|p2a: Baby Of Death
|-damage|p2a: Baby Of Death|79\/343
|move|p2a: Baby Of Death|Foul Play|p1a: Pawniard
|-resisted|p1a: Pawniard
|-damage|p1a: Pawniard|5\/231
|
|upkeep
|turn|8
|choice|move ironhead|move uturn
|
|move|p1a: Pawniard|Iron Head|p2a: Baby Of Death
|-damage|p2a: Baby Of Death|0 fnt
|faint|p2a: Baby Of Death
|
|upkeep
|choice||switch 5
|
|switch|p2a: Floatzel|Floatzel, F, shiny|311\/311
|turn|9
|choice|move suckerpunch|move aquajet
|
|move|p2a: Floatzel|Aqua Jet|p1a: Pawniard
|-damage|p1a: Pawniard|0 fnt
|faint|p1a: Pawniard
|
|upkeep
|choice|switch 4|
|
|switch|p1a: Roselia|Roselia, F|229\/303
|turn|10
|choice|move synthesis|switch 3
|
|switch|p2a: Stunfisk|Stunfisk, F, shiny|421\/421
|move|p1a: Roselia|Synthesis|p1a: Roselia
|-heal|p1a: Roselia|303\/303
|
|upkeep
|turn|11
|choice|move spikes|move stealthrock
|
|move|p1a: Roselia|Spikes|p2a: Stunfisk
|-sidestart|p2: Lovely❤Togekiss|Spikes
|move|p2a: Stunfisk|Stealth Rock|p1a: Roselia
|-sidestart|p1: Nyhets|move: Stealth Rock
|
|upkeep
|turn|12
|choice|move spikes|switch 4
|
|switch|p2a: Mind's Breaker|Beheeyem, F, shiny|353\/353
|-damage|p2a: Mind's Breaker|309\/353|[from] Spikes
|move|p1a: Roselia|Spikes|p2a: Mind's Breaker
|-sidestart|p2: Lovely❤Togekiss|Spikes
|
|-heal|p2a: Mind's Breaker|331\/353|[from] item: Leftovers
|upkeep
|turn|13
|choice|move sludgebomb|move calmmind
|
|move|p1a: Roselia|Sludge Bomb|p2a: Mind's Breaker
|-damage|p2a: Mind's Breaker|211\/353
|move|p2a: Mind's Breaker|Calm Mind|p2a: Mind's Breaker
|-boost|p2a: Mind's Breaker|spa|1
|-boost|p2a: Mind's Breaker|spd|1
|
|-heal|p2a: Mind's Breaker|233\/353|[from] item: Leftovers
|upkeep
|turn|14
|choice|switch 6|move calmmind
|
|switch|p1a: Golem|Golem, M|301\/301
|-damage|p1a: Golem|283\/301|[from] Stealth Rock
|move|p2a: Mind's Breaker|Calm Mind|p2a: Mind's Breaker
|-boost|p2a: Mind's Breaker|spa|1
|-boost|p2a: Mind's Breaker|spd|1
|
|-heal|p2a: Mind's Breaker|255\/353|[from] item: Leftovers
|upkeep
|turn|15
|choice|move earthquake|move hiddenpower
|
|move|p1a: Golem|Earthquake|p2a: Mind's Breaker
|-damage|p2a: Mind's Breaker|87\/353
|move|p2a: Mind's Breaker|Hidden Power|p1a: Golem
|-supereffective|p1a: Golem
|-damage|p1a: Golem|0 fnt
|faint|p1a: Golem
|
|-heal|p2a: Mind's Breaker|109\/353|[from] item: Leftovers
|upkeep
|choice|switch 5|
|
|switch|p1a: Misdreavus|Misdreavus, F|261\/261
|-damage|p1a: Misdreavus|229\/261|[from] Stealth Rock
|turn|16
|choice|move shadowball|move recover
|
|move|p1a: Misdreavus|Shadow Ball|p2a: Mind's Breaker
|-supereffective|p2a: Mind's Breaker
|-damage|p2a: Mind's Breaker|0 fnt
|faint|p2a: Mind's Breaker
|
|upkeep
|choice||switch 4
|
|switch|p2a: Stunfisk|Stunfisk, F, shiny|421\/421
|-damage|p2a: Stunfisk|351\/421|[from] Spikes
|turn|17
|choice|move nastyplot|move toxic
|
|move|p1a: Misdreavus|Nasty Plot|p1a: Misdreavus
|-boost|p1a: Misdreavus|spa|2
|move|p2a: Stunfisk|Toxic|p1a: Misdreavus
|-status|p1a: Misdreavus|tox
|
|-heal|p2a: Stunfisk|377\/421|[from] item: Leftovers
|-damage|p1a: Misdreavus|213\/261 tox|[from] psn
|upkeep
|turn|18
|choice|move shadowball|switch 2
|
|switch|p2a: Gourgeist|Gourgeist-Super, F|301\/373 tox
|-damage|p2a: Gourgeist|239\/373 tox|[from] Spikes
|-item|p1a: Misdreavus|Eviolite|[from] ability: Frisk|[of] p2a: Gourgeist|[identify]
|move|p1a: Misdreavus|Shadow Ball|p2a: Gourgeist
|-supereffective|p2a: Gourgeist
|-damage|p2a: Gourgeist|0 fnt
|faint|p2a: Gourgeist
|
|-damage|p1a: Misdreavus|181\/261 tox|[from] psn
|upkeep
|choice||switch 6
|
|switch|p2a: Rotom|Rotom-Frost, shiny|241\/241
|turn|19
|choice|move hiddenpower|move thunderbolt
|
|move|p2a: Rotom|Thunderbolt|p1a: Misdreavus
|-damage|p1a: Misdreavus|25\/261 tox
|move|p1a: Misdreavus|Hidden Power|p2a: Rotom
|-supereffective|p2a: Rotom
|-damage|p2a: Rotom|21\/241
|
|-damage|p1a: Misdreavus|0 fnt|[from] psn
|upkeep
|faint|p1a: Misdreavus
|choice|switch 3|
|
|switch|p1a: Electrode|Electrode|276\/276
|-damage|p1a: Electrode|242\/276|[from] Stealth Rock
|turn|20
|choice|move hiddenpower|move thunderbolt
|
|move|p1a: Electrode|Hidden Power|p2a: Rotom
|-damage|p2a: Rotom|0 fnt
|faint|p2a: Rotom
|
|upkeep
|choice||switch 2
|
|switch|p2a: Stunfisk|Stunfisk, F, shiny|377\/421
|-damage|p2a: Stunfisk|307\/421|[from] Spikes
|turn|21
|choice|switch 6|move earthpower
|
|switch|p1a: Roselia|Roselia, F|303\/303
|-damage|p1a: Roselia|266\/303|[from] Stealth Rock
|move|p2a: Stunfisk|Earth Power|p1a: Roselia
|-damage|p1a: Roselia|211\/303
|
|-heal|p2a: Stunfisk|333\/421|[from] item: Leftovers
|upkeep
|turn|22
|j|Grumeaux
|choice|move gigadrain|move earthpower
|
|move|p1a: Roselia|Giga Drain|p2a: Stunfisk
|-supereffective|p2a: Stunfisk
|-damage|p2a: Stunfisk|211\/421
|-heal|p1a: Roselia|272\/303|[from] drain|[of] p2a: Stunfisk
|move|p2a: Stunfisk|Earth Power|p1a: Roselia
|-damage|p1a: Roselia|220\/303
|
|-heal|p2a: Stunfisk|237\/421|[from] item: Leftovers
|upkeep
|turn|23
|choice|move gigadrain|move discharge
|
|move|p1a: Roselia|Giga Drain|p2a: Stunfisk
|-supereffective|p2a: Stunfisk
|-damage|p2a: Stunfisk|117\/421
|-heal|p1a: Roselia|280\/303|[from] drain|[of] p2a: Stunfisk
|move|p2a: Stunfisk|Discharge|p1a: Roselia
|-resisted|p1a: Roselia
|-damage|p1a: Roselia|256\/303
|-status|p1a: Roselia|par
|
|-heal|p2a: Stunfisk|143\/421|[from] item: Leftovers
|upkeep
|turn|24
|choice|move gigadrain|move earthpower
|
|move|p2a: Stunfisk|Earth Power|p1a: Roselia
|-damage|p1a: Roselia|205\/303 par
|move|p1a: Roselia|Giga Drain|p2a: Stunfisk
|-supereffective|p2a: Stunfisk
|-damage|p2a: Stunfisk|21\/421
|-heal|p1a: Roselia|266\/303 par|[from] drain|[of] p2a: Stunfisk
|
|-heal|p2a: Stunfisk|47\/421|[from] item: Leftovers
|upkeep
|turn|25
|choice|switch 2|move earthpower
|
|-curestatus|p1a: Roselia|par|[from] ability: Natural Cure
|switch|p1a: Lumineon|Lumineon, M|140\/341
|-damage|p1a: Lumineon|98\/341|[from] Stealth Rock
|move|p2a: Stunfisk|Earth Power|p1a: Lumineon
|-crit|p1a: Lumineon
|-damage|p1a: Lumineon|0 fnt
|faint|p1a: Lumineon
|
|-heal|p2a: Stunfisk|73\/421|[from] item: Leftovers
|upkeep
|choice|switch 6|
|
|switch|p1a: Electrode|Electrode|242\/276
|-damage|p1a: Electrode|208\/276|[from] Stealth Rock
|turn|26
|choice|move hiddenpower|move earthpower
|
|move|p1a: Electrode|Hidden Power|p2a: Stunfisk
|-supereffective|p2a: Stunfisk
|-damage|p2a: Stunfisk|0 fnt
|faint|p2a: Stunfisk
|
|upkeep
|choice||switch 3
|
|switch|p2a: Floatzel|Floatzel, F, shiny|311\/311
|-damage|p2a: Floatzel|260\/311|[from] Spikes
|turn|27
|choice|move hiddenpower|move icepunch
|
|move|p1a: Electrode|Hidden Power|p2a: Floatzel
|-supereffective|p2a: Floatzel
|-damage|p2a: Floatzel|0 fnt
|faint|p2a: Floatzel
|
|win|Nyhets
|c|☆Nyhets|gg</script>
</div>
<div class="battle-log battle-log-inline"><div class="inner"><div class="battle-options"></div><div class="inner"><div class="chat"><small>Nyhets joined.</small></div><div class="chat"><small>Lovely❤Togekiss joined.</small></div><div class=""><small>Format:</small> <br><strong>PU</strong></div><div class=""><small><em>Sleep Clause Mod:</em> Limit one foe put to sleep</small></div><div class=""><small><em>Species Clause:</em> Limit one of each Pokémon</small></div><div class=""><small><em>OHKO Clause:</em> OHKO moves are banned</small></div><div class=""><small><em>Moody Clause:</em> Moody is banned</small></div><div class=""><small><em>Evasion Moves Clause:</em> Evasion moves are banned</small></div><div class=""><small><em>Endless Battle Clause:</em> Forcing endless battles is banned</small></div><div class=""><small><em>HP Percentage Mod:</em> HP is shown in percentages</small></div><div class=""><small><em>Swagger Clause:</em> Swagger is banned</small></div><div class=""><small><em>Baton Pass Clause:</em> Limit one Baton Passer, can't pass Spe and other stats simultaneously</small></div><div class="chat battle-history"><strong>Nyhets's team:</strong> <em style="color:#445566;display:block;">Electrode / Pawniard / Lumineon / Roselia / Misdreavus / Golem</em></div><div class="chat battle-history"><strong>Lovely❤Togekiss's team:</strong> <em style="color:#445566;display:block;">Beheeyem / Vullaby / Stunfisk / Gourgeist-* / Floatzel / Rotom-Frost</em></div><div class="chat chatmessage-nyhets"><strong style="color:hsl(345,81%,49%)"><small>☆</small><span class="username" data-name="Nyhets">Nyhets</span>:</strong> <em>gl</em></div><div class="chat chatmessage-nyhets"><strong style="color:hsl(345,81%,49%)"><small>☆</small><span class="username" data-name="Nyhets">Nyhets</span>:</strong> <em>je test</em></div><div class="chat chatmessage-nyhets"><strong style="color:hsl(345,81%,49%)"><small>☆</small><span class="username" data-name="Nyhets">Nyhets</span>:</strong> <em>que des meufs</em></div><div class="chat chatmessage-nyhets"><strong style="color:hsl(345,81%,49%)"><small>☆</small><span class="username" data-name="Nyhets">Nyhets</span>:</strong> <em>chez toi</em></div><div class="chat chatmessage-lovelytogekiss"><strong style="color:hsl(181,84%,39.75620224724769%)"><small>☆</small><span class="username" data-name="Lovely❤Togekiss">Lovely❤Togekiss</span>:</strong> <em>XD</em></div><div class="chat chatmessage-lovelytogekiss"><strong style="color:hsl(181,84%,39.75620224724769%)"><small>☆</small><span class="username" data-name="Lovely❤Togekiss">Lovely❤Togekiss</span>:</strong> <em>Oui, je susi une fille, mes pokés sont filles</em></div><div class="chat chatmessage-lovelytogekiss"><strong style="color:hsl(181,84%,39.75620224724769%)"><small>☆</small><span class="username" data-name="Lovely❤Togekiss">Lovely❤Togekiss</span>:</strong> <em>je suis sexiste dans pokémon</em></div><div class="chat chatmessage-lovelytogekiss"><strong style="color:hsl(181,84%,39.75620224724769%)"><small>☆</small><span class="username" data-name="Lovely❤Togekiss">Lovely❤Togekiss</span>:</strong> <em>XD</em></div><div class="chat chatmessage-nyhets"><strong style="color:hsl(345,81%,49%)"><small>☆</small><span class="username" data-name="Nyhets">Nyhets</span>:</strong> <em>chuis sûr</em></div><div class="spacer battle-history"><br></div><div class="battle-history">Battle started between Nyhets and Lovely❤Togekiss!<br></div><div class="spacer battle-history"><br></div><div class="battle-history">Go! <strong>Lumineon</strong>!<br></div><div class="spacer battle-history"><br></div><div class="battle-history">Lovely❤Togekiss sent out Gourgeist (<strong>Gourgeist-Super</strong>)!<br></div><div class="battle-history"><small>[The opposing Gourgeist's Frisk]</small><br><small>The opposing Gourgeist frisked Lumineon and found its Leftovers!</small><br></div><div class="spacer battle-history"><br></div><h2 class="battle-history">Turn 1</h2><div class="chat chatmessage-nyhets"><strong style="color:hsl(345,81%,49%)"><small>☆</small><span class="username" data-name="Nyhets">Nyhets</span>:</strong> <em>tu mets des Rhinastoc femelles</em></div><div class="chat chatmessage-nyhets"><strong style="color:hsl(345,81%,49%)"><small>☆</small><span class="username" data-name="Nyhets">Nyhets</span>:</strong> <em>et des galéking femelles aussi</em></div><div class="spacer battle-history"><br></div><div class="battle-history">Lumineon used <strong>Toxic</strong>!<br></div><div class="battle-history"><small>The opposing Gourgeist was badly poisoned!</small><br></div><div class="spacer battle-history"><br></div><div class="battle-history">The opposing Gourgeist used <strong>Bullet Seed</strong>!<br></div><div class="battle-history"><small>It's super effective!</small><br></div><div class="battle-history"><small>(Lumineon lost <abbr title="−56/341">16.4%</abbr> of its health!)</small><br></div><div class="battle-history"><small>It's super effective!</small><br></div><div class="battle-history"><small>(Lumineon lost <abbr title="−48/341">14.1%</abbr> of its health!)</small><br></div><div class="battle-history"><small>It's super effective!</small><br></div><div class="battle-history"><small>(Lumineon lost <abbr title="−48/341">14.1%</abbr> of its health!)</small><br></div><div class="battle-history"><small>Hit 3 times!</small><br></div><div class="spacer battle-history"><br></div><div class="battle-history"><small>Lumineon restored a little HP using its Leftovers!</small><br></div><div class="battle-history"><small>The opposing Gourgeist was hurt by poison!</small><br></div><div class="spacer battle-history"><br></div><h2 class="battle-history">Turn 2</h2><div class="chat chatmessage-lovelytogekiss"><strong style="color:hsl(181,84%,39.75620224724769%)"><small>☆</small><span class="username" data-name="Lovely❤Togekiss">Lovely❤Togekiss</span>:</strong> <em>Oui</em></div><div class="chat chatmessage-lovelytogekiss"><strong style="color:hsl(181,84%,39.75620224724769%)"><small>☆</small><span class="username" data-name="Lovely❤Togekiss">Lovely❤Togekiss</span>:</strong> <em>:v</em></div><div class="spacer battle-history"><br></div><div class="battle-history">Lumineon used <strong>U-turn</strong>!<br></div><div class="battle-history"><small>(The opposing Gourgeist lost <abbr title="−26/373">7.0%</abbr> of its health!)</small><br></div><div class="spacer battle-history"><br></div><div class="battle-history">Lumineon went back to Nyhets!<br></div><div class="battle-history">Go! <strong>Roselia</strong>!<br></div><div class="spacer battle-history"><br></div><div class="battle-history">The opposing Gourgeist used <strong>Will-O-Wisp</strong>!<br></div><div class="battle-history"><small>Roselia was burned!</small><br></div><div class="spacer battle-history"><br></div><div class="battle-history"><small>The opposing Gourgeist restored a little HP using its Leftovers!</small><br></div><div class="battle-history"><small>Roselia was hurt by its burn!</small><br></div><div class="battle-history"><small>The opposing Gourgeist was hurt by poison!</small><br></div><div class="spacer battle-history"><br></div><h2 class="battle-history">Turn 3</h2><div class="spacer battle-history"><br></div><div class="battle-history">Lovely❤Togekiss withdrew Gourgeist!<br></div><div class="battle-history">Lovely❤Togekiss sent out Baby Of Death (<strong>Vullaby</strong>)!<br></div><div class="spacer battle-history"><br></div><div class="battle-history">Roselia used <strong>Spikes</strong>!<br></div><div class="battle-history"><small>Spikes were scattered on the ground all around the opposing team!</small><br></div><div class="spacer battle-history"><br></div><div class="battle-history"><small>Roselia was hurt by its burn!</small><br></div><div class="spacer battle-history"><br></div><h2 class="battle-history">Turn 4</h2><div class="spacer battle-history"><br></div><div class="battle-history"><small>(Roselia is cured by its Natural Cure!)</small><br></div><div class="battle-history">Roselia, come back!<br></div><div class="battle-history">Go! <strong>Lumineon</strong>!<br></div><div class="spacer battle-history"><br></div><div class="battle-history">The opposing Baby Of Death used <strong>Foul Play</strong>!<br></div><div class="battle-history"><small>A critical hit!</small><br></div><div class="battle-history"><small>(Lumineon lost <abbr title="−91/341">26.7%</abbr> of its health!)</small><br></div><div class="spacer battle-history"><br></div><div class="battle-history"><small>Lumineon restored a little HP using its Leftovers!</small><br></div><div class="spacer battle-history"><br></div><h2 class="battle-history">Turn 5</h2><div class="spacer battle-history"><br></div><div class="battle-history">Lumineon used <strong>U-turn</strong>!<br></div><div class="battle-history"><small>(The opposing Baby Of Death lost <abbr title="−21/343">6.1%</abbr> of its health!)</small><br></div><div class="spacer battle-history"><br></div><div class="battle-history">Lumineon went back to Nyhets!<br></div><div class="battle-history">Go! <strong>Pawniard</strong>!<br></div><div class="spacer battle-history"><br></div><div class="battle-history">The opposing Baby Of Death used <strong>Defog</strong>!<br></div><div class="battle-history"><small>Pawniard's evasiveness fell!</small><br></div><div class="battle-history"><small>[Pawniard's Defiant]</small><br></div><div class="battle-history"><small>Pawniard's Attack rose sharply!</small><br></div><div class="battle-history"><small>The spikes disappeared from the ground around the opposing team!</small><br></div><div class="spacer battle-history"><br></div><h2 class="battle-history">Turn 6</h2><div class="spacer battle-history"><br></div><div class="battle-history">Pawniard used <strong>Knock Off</strong>!<br></div><div class="battle-history"><small>It's not very effective...</small><br></div><div class="battle-history"><small>(The opposing Baby Of Death lost <abbr title="−69/343">20.1%</abbr> of its health!)</small><br></div><div class="battle-history"><small>Pawniard knocked off the opposing Baby Of Death's Eviolite!</small><br></div><div class="spacer battle-history"><br></div><div class="battle-history">The opposing Baby Of Death used <strong>Foul Play</strong>!<br></div><div class="battle-history"><small>It's not very effective...</small><br></div><div class="battle-history"><small>(Pawniard lost <abbr title="−115/231">49.8%</abbr> of its health!)</small><br></div><div class="spacer battle-history"><br></div><h2 class="battle-history">Turn 7</h2><div class="spacer battle-history"><br></div><div class="battle-history">Pawniard used <strong>Iron Head</strong>!<br></div><div class="battle-history"><small>(The opposing Baby Of Death lost <abbr title="−174/343">50.7%</abbr> of its health!)</small><br></div><div class="spacer battle-history"><br></div><div class="battle-history">The opposing Baby Of Death used <strong>Foul Play</strong>!<br></div><div class="battle-history"><small>It's not very effective...</small><br></div><div class="battle-history"><small>(Pawniard lost <abbr title="−111/231">48.1%</abbr> of its health!)</small><br></div><div class="spacer battle-history"><br></div><h2 class="battle-history">Turn 8</h2><div class="spacer battle-history"><br></div><div class="battle-history">Pawniard used <strong>Iron Head</strong>!<br></div><div class="battle-history"><small>(The opposing Baby Of Death lost <abbr title="−79/343">23.0%</abbr> of its health!)</small><br></div><div class="spacer battle-history"><br></div><div class="battle-history">The opposing Baby Of Death fainted!<br></div><div class="spacer battle-history"><br></div><div class="battle-history">Lovely❤Togekiss sent out <strong>Floatzel</strong>!<br></div><div class="spacer battle-history"><br></div><h2 class="battle-history">Turn 9</h2><div class="spacer battle-history"><br></div><div class="battle-history">The opposing Floatzel used <strong>Aqua Jet</strong>!<br></div><div class="battle-history"><small>(Pawniard lost <abbr title="−5/231">2.2%</abbr> of its health!)</small><br></div><div class="spacer battle-history"><br></div><div class="battle-history">Pawniard fainted!<br></div><div class="spacer battle-history"><br></div><div class="battle-history">Go! <strong>Roselia</strong>!<br></div><div class="spacer battle-history"><br></div><h2 class="battle-history">Turn 10</h2><div class="spacer battle-history"><br></div><div class="battle-history">Lovely❤Togekiss withdrew Floatzel!<br></div><div class="battle-history">Lovely❤Togekiss sent out <strong>Stunfisk</strong>!<br></div><div class="spacer battle-history"><br></div><div class="battle-history">Roselia used <strong>Synthesis</strong>!<br></div><div class="battle-history"><small>Roselia restored its HP.</small><br></div><div class="spacer battle-history"><br></div><h2 class="battle-history">Turn 11</h2><div class="spacer battle-history"><br></div><div class="battle-history">Roselia used <strong>Spikes</strong>!<br></div><div class="battle-history"><small>Spikes were scattered on the ground all around the opposing team!</small><br></div><div class="spacer battle-history"><br></div><div class="battle-history">The opposing Stunfisk used <strong>Stealth Rock</strong>!<br></div><div class="battle-history"><small>Pointed stones float in the air around your team!</small><br></div><div class="spacer battle-history"><br></div><h2 class="battle-history">Turn 12</h2><div class="spacer battle-history"><br></div><div class="battle-history">Lovely❤Togekiss withdrew Stunfisk!<br></div><div class="battle-history">Lovely❤Togekiss sent out Mind's Breaker (<strong>Beheeyem</strong>)!<br></div><div class="battle-history"><small>The opposing Mind's Breaker is hurt by the spikes!</small><br></div><div class="spacer battle-history"><br></div><div class="battle-history">Roselia used <strong>Spikes</strong>!<br></div><div class="battle-history"><small>Spikes were scattered on the ground all around the opposing team!</small><br></div><div class="spacer battle-history"><br></div><div class="battle-history"><small>The opposing Mind's Breaker restored a little HP using its Leftovers!</small><br></div><div class="spacer battle-history"><br></div><h2 class="battle-history">Turn 13</h2><div class="spacer battle-history"><br></div><div class="battle-history">Roselia used <strong>Sludge Bomb</strong>!<br></div><div class="battle-history"><small>(The opposing Mind's Breaker lost <abbr title="−120/353">34.0%</abbr> of its health!)</small><br></div><div class="spacer battle-history"><br></div><div class="battle-history">The opposing Mind's Breaker used <strong>Calm Mind</strong>!<br></div><div class="battle-history"><small>The opposing Mind's Breaker's Special Attack rose!</small><br></div><div class="battle-history"><small>The opposing Mind's Breaker's Special Defense rose!</small><br></div><div class="spacer battle-history"><br></div><div class="battle-history"><small>The opposing Mind's Breaker restored a little HP using its Leftovers!</small><br></div><div class="spacer battle-history"><br></div><h2 class="battle-history">Turn 14</h2><div class="spacer battle-history"><br></div><div class="battle-history">Roselia, come back!<br></div><div class="battle-history">Go! <strong>Golem</strong>!<br></div><div class="battle-history"><small>Pointed stones dug into Golem!</small><br></div><div class="spacer battle-history"><br></div><div class="battle-history">The opposing Mind's Breaker used <strong>Calm Mind</strong>!<br></div><div class="battle-history"><small>The opposing Mind's Breaker's Special Attack rose!</small><br></div><div class="battle-history"><small>The opposing Mind's Breaker's Special Defense rose!</small><br></div><div class="spacer battle-history"><br></div><div class="battle-history"><small>The opposing Mind's Breaker restored a little HP using its Leftovers!</small><br></div><div class="spacer battle-history"><br></div><h2 class="battle-history">Turn 15</h2><div class="spacer battle-history"><br></div><div class="battle-history">Golem used <strong>Earthquake</strong>!<br></div><div class="battle-history"><small>(The opposing Mind's Breaker lost <abbr title="−168/353">47.6%</abbr> of its health!)</small><br></div><div class="spacer battle-history"><br></div><div class="battle-history">The opposing Mind's Breaker used <strong>Hidden Power</strong>!<br></div><div class="battle-history"><small>It's super effective!</small><br></div><div class="battle-history"><small>(Golem lost <abbr title="−283/301">94.0%</abbr> of its health!)</small><br></div><div class="spacer battle-history"><br></div><div class="battle-history">Golem fainted!<br></div><div class="spacer battle-history"><br></div><div class="battle-history"><small>The opposing Mind's Breaker restored a little HP using its Leftovers!</small><br></div><div class="spacer battle-history"><br></div><div class="battle-history">Go! <strong>Misdreavus</strong>!<br></div><div class="battle-history"><small>Pointed stones dug into Misdreavus!</small><br></div><div class="spacer battle-history"><br></div><h2 class="battle-history">Turn 16</h2><div class="spacer battle-history"><br></div><div class="battle-history">Misdreavus used <strong>Shadow Ball</strong>!<br></div><div class="battle-history"><small>It's super effective!</small><br></div><div class="battle-history"><small>(The opposing Mind's Breaker lost <abbr title="−109/353">30.9%</abbr> of its health!)</small><br></div><div class="spacer battle-history"><br></div><div class="battle-history">The opposing Mind's Breaker fainted!<br></div><div class="spacer battle-history"><br></div><div class="battle-history">Lovely❤Togekiss sent out <strong>Stunfisk</strong>!<br></div><div class="battle-history"><small>The opposing Stunfisk is hurt by the spikes!</small><br></div><div class="spacer battle-history"><br></div><h2 class="battle-history">Turn 17</h2><div class="spacer battle-history"><br></div><div class="battle-history">Misdreavus used <strong>Nasty Plot</strong>!<br></div><div class="battle-history"><small>Misdreavus's Special Attack rose sharply!</small><br></div><div class="spacer battle-history"><br></div><div class="battle-history">The opposing Stunfisk used <strong>Toxic</strong>!<br></div><div class="battle-history"><small>Misdreavus was badly poisoned!</small><br></div><div class="spacer battle-history"><br></div><div class="battle-history"><small>The opposing Stunfisk restored a little HP using its Leftovers!</small><br></div><div class="battle-history"><small>Misdreavus was hurt by poison!</small><br></div><div class="spacer battle-history"><br></div><h2 class="battle-history">Turn 18</h2><div class="spacer battle-history"><br></div><div class="battle-history">Lovely❤Togekiss withdrew Stunfisk!<br></div><div class="battle-history">Lovely❤Togekiss sent out Gourgeist (<strong>Gourgeist-Super</strong>)!<br></div><div class="battle-history"><small>The opposing Gourgeist is hurt by the spikes!</small><br></div><div class="battle-history"><small>[The opposing Gourgeist's Frisk]</small><br><small>The opposing Gourgeist frisked Misdreavus and found its Eviolite!</small><br></div><div class="spacer battle-history"><br></div><div class="battle-history">Misdreavus used <strong>Shadow Ball</strong>!<br></div><div class="battle-history"><small>It's super effective!</small><br></div><div class="battle-history"><small>(The opposing Gourgeist lost <abbr title="−239/373">64.1%</abbr> of its health!)</small><br></div><div class="spacer battle-history"><br></div><div class="battle-history">The opposing Gourgeist fainted!<br></div><div class="spacer battle-history"><br></div><div class="battle-history"><small>Misdreavus was hurt by poison!</small><br></div><div class="spacer battle-history"><br></div><div class="battle-history">Lovely❤Togekiss sent out Rotom (<strong>Rotom-Frost</strong>)!<br></div><div class="spacer battle-history"><br></div><h2 class="battle-history">Turn 19</h2><div class="spacer battle-history"><br></div><div class="battle-history">The opposing Rotom used <strong>Thunderbolt</strong>!<br></div><div class="battle-history"><small>(Misdreavus lost <abbr title="−156/261">59.8%</abbr> of its health!)</small><br></div><div class="spacer battle-history"><br></div><div class="battle-history">Misdreavus used <strong>Hidden Power</strong>!<br></div><div class="battle-history"><small>It's super effective!</small><br></div><div class="battle-history"><small>(The opposing Rotom lost <abbr title="−220/241">91.3%</abbr> of its health!)</small><br></div><div class="spacer battle-history"><br></div><div class="battle-history"><small>Misdreavus was hurt by poison!</small><br></div><div class="spacer battle-history"><br></div><div class="battle-history">Misdreavus fainted!<br></div><div class="spacer battle-history"><br></div><div class="battle-history">Go! <strong>Electrode</strong>!<br></div><div class="battle-history"><small>Pointed stones dug into Electrode!</small><br></div><div class="spacer battle-history"><br></div><h2 class="battle-history">Turn 20</h2><div class="spacer battle-history"><br></div><div class="battle-history">Electrode used <strong>Hidden Power</strong>!<br></div><div class="battle-history"><small>(The opposing Rotom lost <abbr title="−21/241">8.7%</abbr> of its health!)</small><br></div><div class="spacer battle-history"><br></div><div class="battle-history">The opposing Rotom fainted!<br></div><div class="spacer battle-history"><br></div><div class="battle-history">Lovely❤Togekiss sent out <strong>Stunfisk</strong>!<br></div><div class="battle-history"><small>The opposing Stunfisk is hurt by the spikes!</small><br></div><div class="spacer battle-history"><br></div><h2 class="battle-history">Turn 21</h2><div class="spacer battle-history"><br></div><div class="battle-history">Electrode, come back!<br></div><div class="battle-history">Go! <strong>Roselia</strong>!<br></div><div class="battle-history"><small>Pointed stones dug into Roselia!</small><br></div><div class="spacer battle-history"><br></div><div class="battle-history">The opposing Stunfisk used <strong>Earth Power</strong>!<br></div><div class="battle-history"><small>(Roselia lost <abbr title="−55/303">18.2%</abbr> of its health!)</small><br></div><div class="spacer battle-history"><br></div><div class="battle-history"><small>The opposing Stunfisk restored a little HP using its Leftovers!</small><br></div><div class="spacer battle-history"><br></div><h2 class="battle-history">Turn 22</h2><div class="chat"><small>Grumeaux joined.</small></div><div class="spacer battle-history"><br></div><div class="battle-history">Roselia used <strong>Giga Drain</strong>!<br></div><div class="battle-history"><small>It's super effective!</small><br></div><div class="battle-history"><small>(The opposing Stunfisk lost <abbr title="−122/421">29.0%</abbr> of its health!)</small><br></div><div class="battle-history"><small>The opposing Stunfisk had its energy drained!</small><br></div><div class="spacer battle-history"><br></div><div class="battle-history">The opposing Stunfisk used <strong>Earth Power</strong>!<br></div><div class="battle-history"><small>(Roselia lost <abbr title="−52/303">17.2%</abbr> of its health!)</small><br></div><div class="spacer battle-history"><br></div><div class="battle-history"><small>The opposing Stunfisk restored a little HP using its Leftovers!</small><br></div><div class="spacer battle-history"><br></div><h2 class="battle-history">Turn 23</h2><div class="spacer battle-history"><br></div><div class="battle-history">Roselia used <strong>Giga Drain</strong>!<br></div><div class="battle-history"><small>It's super effective!</small><br></div><div class="battle-history"><small>(The opposing Stunfisk lost <abbr title="−120/421">28.5%</abbr> of its health!)</small><br></div><div class="battle-history"><small>The opposing Stunfisk had its energy drained!</small><br></div><div class="spacer battle-history"><br></div><div class="battle-history">The opposing Stunfisk used <strong>Discharge</strong>!<br></div><div class="battle-history"><small>It's not very effective...</small><br></div><div class="battle-history"><small>(Roselia lost <abbr title="−24/303">7.9%</abbr> of its health!)</small><br></div><div class="battle-history"><small>Roselia is paralyzed! It may be unable to move!</small><br></div><div class="spacer battle-history"><br></div><div class="battle-history"><small>The opposing Stunfisk restored a little HP using its Leftovers!</small><br></div><div class="spacer battle-history"><br></div><h2 class="battle-history">Turn 24</h2><div class="spacer battle-history"><br></div><div class="battle-history">The opposing Stunfisk used <strong>Earth Power</strong>!<br></div><div class="battle-history"><small>(Roselia lost <abbr title="−51/303">16.8%</abbr> of its health!)</small><br></div><div class="spacer battle-history"><br></div><div class="battle-history">Roselia used <strong>Giga Drain</strong>!<br></div><div class="battle-history"><small>It's super effective!</small><br></div><div class="battle-history"><small>(The opposing Stunfisk lost <abbr title="−122/421">29.0%</abbr> of its health!)</small><br></div><div class="battle-history"><small>The opposing Stunfisk had its energy drained!</small><br></div><div class="spacer battle-history"><br></div><div class="battle-history"><small>The opposing Stunfisk restored a little HP using its Leftovers!</small><br></div><div class="spacer battle-history"><br></div><h2 class="battle-history">Turn 25</h2><div class="spacer battle-history"><br></div><div class="battle-history"><small>(Roselia is cured by its Natural Cure!)</small><br></div><div class="battle-history">Roselia, come back!<br></div><div class="battle-history">Go! <strong>Lumineon</strong>!<br></div><div class="battle-history"><small>Pointed stones dug into Lumineon!</small><br></div><div class="spacer battle-history"><br></div><div class="battle-history">The opposing Stunfisk used <strong>Earth Power</strong>!<br></div><div class="battle-history"><small>A critical hit!</small><br></div><div class="battle-history"><small>(Lumineon lost <abbr title="−98/341">28.7%</abbr> of its health!)</small><br></div><div class="spacer battle-history"><br></div><div class="battle-history">Lumineon fainted!<br></div><div class="spacer battle-history"><br></div><div class="battle-history"><small>The opposing Stunfisk restored a little HP using its Leftovers!</small><br></div><div class="spacer battle-history"><br></div><div class="battle-history">Go! <strong>Electrode</strong>!<br></div><div class="battle-history"><small>Pointed stones dug into Electrode!</small><br></div><div class="spacer battle-history"><br></div><h2 class="battle-history">Turn 26</h2><div class="spacer battle-history"><br></div><div class="battle-history">Electrode used <strong>Hidden Power</strong>!<br></div><div class="battle-history"><small>It's super effective!</small><br></div><div class="battle-history"><small>(The opposing Stunfisk lost <abbr title="−73/421">17.3%</abbr> of its health!)</small><br></div><div class="spacer battle-history"><br></div><div class="battle-history">The opposing Stunfisk fainted!<br></div><div class="spacer battle-history"><br></div><div class="battle-history">Lovely❤Togekiss sent out <strong>Floatzel</strong>!<br></div><div class="battle-history"><small>The opposing Floatzel is hurt by the spikes!</small><br></div><div class="spacer battle-history"><br></div><h2 class="battle-history">Turn 27</h2><div class="spacer battle-history"><br></div><div class="battle-history">Electrode used <strong>Hidden Power</strong>!<br></div><div class="battle-history"><small>It's super effective!</small><br></div><div class="battle-history"><small>(The opposing Floatzel lost <abbr title="−260/311">83.6%</abbr> of its health!)</small><br></div><div class="spacer battle-history"><br></div><div class="battle-history">The opposing Floatzel fainted!<br></div><div class="spacer battle-history"><br></div><div class="battle-history"><strong>Nyhets</strong> won the battle!<br></div><div class="chat chatmessage-nyhets"><strong style="color:hsl(345,81%,49%)"><small>☆</small><span class="username" data-name="Nyhets">Nyhets</span>:</strong> <em>gg</em></div></div><div class="inner-preempt"></div></div></div>
</div>
<script>
let daily = Math.floor(Date.now()/1000/60/60/24);document.write('<script src="https://play.pokemonshowdown.com/js/replay-embed.js?version'+daily+'"></'+'script>');
</script>
