<!DOCTYPE html>
<meta charset="utf-8" />
<!-- version 1 -->
<title>PU replay: RedPanda2577 vs. Mr. Throh</title>
<style>
html,body {font-family:Verdana, sans-serif;font-size:10pt;margin:0;padding:0;}body{padding:12px 0;} .battle-log {font-family:Verdana, sans-serif;font-size:10pt;} .battle-log-inline {border:1px solid #AAAAAA;background:#EEF2F5;color:black;max-width:640px;margin:0 auto 80px;padding-bottom:5px;} .battle-log .inner {padding:4px 8px 0px 8px;} .battle-log .inner-preempt {padding:0 8px 4px 8px;} .battle-log .inner-after {margin-top:0.5em;} .battle-log h2 {margin:0.5em -8px;padding:4px 8px;border:1px solid #AAAAAA;background:#E0E7EA;border-left:0;border-right:0;font-family:Verdana, sans-serif;font-size:13pt;} .battle-log .chat {vertical-align:middle;padding:3px 0 3px 0;font-size:8pt;} .battle-log .chat strong {color:#40576A;} .battle-log .chat em {padding:1px 4px 1px 3px;color:#000000;font-style:normal;} .chat.mine {background:rgba(0,0,0,0.05);margin-left:-8px;margin-right:-8px;padding-left:8px;padding-right:8px;} .spoiler {color:#BBBBBB;background:#BBBBBB;padding:0px 3px;} .spoiler:hover, .spoiler:active, .spoiler-shown {color:#000000;background:#E2E2E2;padding:0px 3px;} .spoiler a {color:#BBBBBB;} .spoiler:hover a, .spoiler:active a, .spoiler-shown a {color:#2288CC;} .chat code, .chat .spoiler:hover code, .chat .spoiler:active code, .chat .spoiler-shown code {border:1px solid #C0C0C0;background:#EEEEEE;color:black;padding:0 2px;} .chat .spoiler code {border:1px solid #CCCCCC;background:#CCCCCC;color:#CCCCCC;} .battle-log .rated {padding:3px 4px;} .battle-log .rated strong {color:white;background:#89A;padding:1px 4px;border-radius:4px;} .spacer {margin-top:0.5em;} .message-announce {background:#6688AA;color:white;padding:1px 4px 2px;} .message-announce a, .broadcast-green a, .broadcast-blue a, .broadcast-red a {color:#DDEEFF;} .broadcast-green {background-color:#559955;color:white;padding:2px 4px;} .broadcast-blue {background-color:#6688AA;color:white;padding:2px 4px;} .infobox {border:1px solid #6688AA;padding:2px 4px;} .infobox-limited {max-height:200px;overflow:auto;overflow-x:hidden;} .broadcast-red {background-color:#AA5544;color:white;padding:2px 4px;} .message-learn-canlearn {font-weight:bold;color:#228822;text-decoration:underline;} .message-learn-cannotlearn {font-weight:bold;color:#CC2222;text-decoration:underline;} .message-effect-weak {font-weight:bold;color:#CC2222;} .message-effect-resist {font-weight:bold;color:#6688AA;} .message-effect-immune {font-weight:bold;color:#666666;} .message-learn-list {margin-top:0;margin-bottom:0;} .message-throttle-notice, .message-error {color:#992222;} .message-overflow, .chat small.message-overflow {font-size:0pt;} .message-overflow::before {font-size:9pt;content:'...';} .subtle {color:#3A4A66;}
</style>
<div class="wrapper replay-wrapper" style="max-width:1180px;margin:0 auto">
<input type="hidden" name="replayid" value="pu-545506590" />
<div class="battle"></div><div class="battle-log"></div><div class="replay-controls"></div><div class="replay-controls-2"></div>
<h1 style="font-weight:normal;text-align:center"><strong>PU</strong><br /><a href="http://pokemonshowdown.com/users/redpanda2577" class="subtle" target="_blank">RedPanda2577</a> vs. <a href="http://pokemonshowdown.com/users/mrthroh" class="subtle" target="_blank">Mr. Throh</a></h1>
<script type="text/plain" class="battle-log-data">|j|RedPanda2577
|j|Mr. Throh
|player|p1|RedPanda2577|289
|player|p2|Mr. Throh|249
|gametype|singles
|gen|6
|tier|PU
|seed|43655,7123,8386,35550
|rule|Sleep Clause Mod: Limit one foe put to sleep
|rule|Species Clause: Limit one of each Pokémon
|rule|OHKO Clause: OHKO moves are banned
|rule|Moody Clause: Moody is banned
|rule|Evasion Moves Clause: Evasion moves are banned
|rule|Endless Battle Clause: Forcing endless battles is banned
|rule|HP Percentage Mod: HP is shown in percentages
|clearpoke
|poke|p1|Rotom-Fan|item
|poke|p1|Prinplup, M|item
|poke|p1|Golem, M|item
|poke|p1|Rapidash, F|item
|poke|p1|Mr. Mime, F|item
|poke|p1|Mawile, F|item
|poke|p2|Crustle, F|item
|poke|p2|Sudowoodo, M|item
|poke|p2|Armaldo, F|item
|poke|p2|Carbink|item
|poke|p2|Golem, M|item
|poke|p2|Lileep, F|item
|rule|Swagger Clause: Swagger is banned
|rule|Baton Pass Clause: Limit one Baton Passer, can't pass Spe and other stats simultaneously
|teampreview
|j|Stats Bot
|l|Stats Bot
|j|LordNoChin
|choice|team 1, team 2, team 3, team 4, team 5, team 6|team 5, team 2, team 3, team 4, team 1, team 6
|
|start
|switch|p1a: Rotom|Rotom-Fan|303\/303
|switch|p2a: Sandpoint|Golem, M|301\/301
|turn|1
|j|Corinth Ashlight
|j|pokemonplayer01
|c|☆Mr. Throh|No air balloon?
|c|☆Mr. Throh|What a letdown
|j|torkool
|j|The Rarest Candy
|j|Sambo
|c| LordNoChin|lol
|j|Rage.Spam.Quit.
|l|The Rarest Candy
|j|Felipovysk
|j|tiru
|choice|move willowisp|move stoneedge
|
|move|p1a: Rotom|Will-O-Wisp|p2a: Sandpoint
|-status|p2a: Sandpoint|brn
|move|p2a: Sandpoint|Stone Edge|p1a: Rotom
|-supereffective|p1a: Rotom
|-damage|p1a: Rotom|171\/303
|
|-heal|p1a: Rotom|189\/303|[from] item: Leftovers
|-damage|p2a: Sandpoint|264\/301 brn|[from] brn
|upkeep
|turn|2
|j|Eien
|l|Eien
|choice|move painsplit|move ironhead
|
|move|p1a: Rotom|Pain Split|p2a: Sandpoint
|-sethp|p2a: Sandpoint|226\/301 brn|p1a: Rotom|226\/303|[from] move: Pain Split
|move|p2a: Sandpoint|Iron Head|p1a: Rotom
|-resisted|p1a: Rotom
|-damage|p1a: Rotom|210\/303
|
|-heal|p1a: Rotom|228\/303|[from] item: Leftovers
|-damage|p2a: Sandpoint|189\/301 brn|[from] brn
|upkeep
|turn|3
|l|torkool
|c| Corinth Ashlight|...?
|c| Corinth Ashlight|Y tho
|c|☆RedPanda2577|why what
|c|☆Mr. Throh|Iron head?
|c|☆Mr. Throh|For fairies?
|c|☆RedPanda2577|he probably expected switch
|c| Corinth Ashlight|No like why use it there
|c| Corinth Ashlight|Ohhhhh
|c| Corinth Ashlight|OK
|c|☆Mr. Throh|I guess I should run Facade
|choice|switch 2|move stoneedge
|
|switch|p1a: Prinplup|Prinplup, M|331\/331
|move|p2a: Sandpoint|Stone Edge|p1a: Prinplup
|-damage|p1a: Prinplup|271\/331
|
|-damage|p2a: Sandpoint|152\/301 brn|[from] brn
|upkeep
|turn|4
|c|☆Mr. Throh|Too many of these Rocks are physical attackers
|c|☆RedPanda2577|cough all of them cough
|c|☆RedPanda2577|except maybe 1-2
|c|☆RedPanda2577|cough
|choice|move scald|switch 6
|
|switch|p2a: Missoula|Lileep, F|336\/336
|move|p1a: Prinplup|Scald|p2a: Missoula
|-ability|p2a: Missoula|Storm Drain|boost
|-boost|p2a: Missoula|spa|1
|
|upkeep
|turn|5
|c|☆Mr. Throh|Payette and Missoula
|choice|switch 6|move ancientpower
|
|switch|p1a: Mawile|Mawile, F|303\/303
|move|p2a: Missoula|Ancient Power|p1a: Mawile
|-resisted|p1a: Mawile
|-damage|p1a: Mawile|249\/303
|
|upkeep
|turn|6
|j|Deceived
|c|☆Mr. Throh|I'm sure Earth Power might have some use on Missoula, I never really used its Rocks.
|j|Jsbb
|j|Karlito§§
|l|pokemonplayer01
|choice|move swordsdance|switch 6
|
|switch|p2a: Sandpoint|Golem, M|152\/301 brn
|move|p1a: Mawile|Swords Dance|p1a: Mawile
|-boost|p1a: Mawile|atk|2
|
|-damage|p2a: Sandpoint|115\/301 brn|[from] brn
|upkeep
|turn|7
|choice|move suckerpunch|move earthquake
|
|move|p1a: Mawile|Sucker Punch|p2a: Sandpoint
|-damage|p2a: Sandpoint|0 fnt
|-damage|p1a: Mawile|219\/303|[from] item: Life Orb
|faint|p2a: Sandpoint
|
|upkeep
|c|☆RedPanda2577|ez
|l|Jsbb
|choice||switch 2
|
|switch|p2a: Rexburg|Sudowoodo, M|281\/281
|turn|8
|c|+Deceived|I like those names
|c|☆Mr. Throh|Yeah
|c|☆RedPanda2577|Deceived !!
|c|☆RedPanda2577|when did you get here
|choice|move ironhead|move rockpolish
|
|move|p2a: Rexburg|Rock Polish|p2a: Rexburg
|-boost|p2a: Rexburg|spe|2
|move|p1a: Mawile|Iron Head|p2a: Rexburg
|-supereffective|p2a: Rexburg
|-damage|p2a: Rexburg|0 fnt
|-damage|p1a: Mawile|189\/303|[from] item: Life Orb
|faint|p2a: Rexburg
|
|upkeep
|c|+Deceived|Like 2 minutes ago
|c|☆Mr. Throh|thank the smaller places of Idaho for them
|l|Karlito§§
|choice||switch 5
|
|switch|p2a: Kuna|Crustle, F|281\/281
|turn|9
|c|+Deceived|Are you from Idaho?
|c|☆RedPanda2577|inb4 he's not
|c|+Deceived|I have a team with a similar theme but I'm from Long Island, so I used LI towns
|choice|move ironhead|move earthquake
|
|move|p2a: Kuna|Earthquake|p1a: Mawile
|-supereffective|p1a: Mawile
|-crit|p1a: Mawile
|-damage|p1a: Mawile|0 fnt
|faint|p1a: Mawile
|
|upkeep
|c|☆Mr. Throh|I just use places in North America as the nicknames
|c|+Deceived|Gotcha
|choice|switch 2|
|
|switch|p1a: Rotom|Rotom-Fan|228\/303
|turn|10
|choice|move willowisp|move shellsmash
|
|move|p1a: Rotom|Will-O-Wisp|p2a: Kuna
|-status|p2a: Kuna|brn
|-enditem|p2a: Kuna|Lum Berry|[eat]
|-curestatus|p2a: Kuna|brn|[msg]
|move|p2a: Kuna|Shell Smash|p2a: Kuna
|-unboost|p2a: Kuna|def|1
|-unboost|p2a: Kuna|spd|1
|-boost|p2a: Kuna|atk|2
|-boost|p2a: Kuna|spa|2
|-boost|p2a: Kuna|spe|2
|
|-heal|p1a: Rotom|246\/303|[from] item: Leftovers
|upkeep
|turn|11
|j|Wmar
|c|☆RedPanda2577|rip !!
|c|☆RedPanda2577|its over
|choice|move willowisp|move stoneedge
|
|move|p2a: Kuna|Stone Edge|p1a: Rotom
|-supereffective|p1a: Rotom
|-damage|p1a: Rotom|0 fnt
|faint|p1a: Rotom
|
|upkeep
|l|Wmar
|choice|switch 3|
|
|switch|p1a: Golem|Golem, M|301\/301
|turn|12
|c|☆RedPanda2577|unless
|choice|move earthquake|move xscissor
|
|move|p2a: Kuna|X-Scissor|p1a: Golem
|-damage|p1a: Golem|120\/301
|move|p1a: Golem|Earthquake|p2a: Kuna
|-ability|p2a: Kuna|Sturdy
|-damage|p2a: Kuna|1\/281
|
|upkeep
|turn|13
|c|☆RedPanda2577|\/me gets idea
|c|☆RedPanda2577|\/me idea fails
|c|+Deceived|Your idea was a hail mary?
|c|☆RedPanda2577|idk
|choice|move earthquake|move shellsmash
|
|move|p2a: Kuna|Shell Smash|p2a: Kuna
|-unboost|p2a: Kuna|def|1
|-unboost|p2a: Kuna|spd|1
|-boost|p2a: Kuna|atk|2
|-boost|p2a: Kuna|spa|2
|-boost|p2a: Kuna|spe|2
|move|p1a: Golem|Earthquake|p2a: Kuna
|-crit|p2a: Kuna
|-damage|p2a: Kuna|0 fnt
|faint|p2a: Kuna
|
|upkeep
|c|☆RedPanda2577|.....
|c|+Deceived|uh
|c|☆Mr. Throh|Sucker punch
|c|☆RedPanda2577|you had this match in the bag
|c|☆Mr. Throh|I know
|c|☆Mr. Throh|!learn golem,suckerpunch
|html|<div class="infobox">In Gen 7, Golem <span class="message-learn-canlearn">can<\/span> learn Sucker Punch only when obtained from:<ul class="message-learn-list"><li>gen 4 or earlier (all moves are level-up\/tutor\/TM\/HM in gen 4 to 7)<\/ul><\/div>
|c|☆RedPanda2577|\/me picks up bag
|c|☆RedPanda2577|see this bag? you had the match in there
|c|☆Mr. Throh|THats why
|choice||switch 3
|
|switch|p2a: Orofino|Armaldo, F|354\/354
|turn|14
|c|☆RedPanda2577|\/me throws away bag
|c|☆RedPanda2577|thats what you did with the match you had^
|choice|move earthquake|move aquajet
|
|move|p2a: Orofino|Aqua Jet|p1a: Golem
|-supereffective|p1a: Golem
|-damage|p1a: Golem|0 fnt
|faint|p1a: Golem
|
|upkeep
|c|☆RedPanda2577|whats up with these younglins
|choice|switch 6|
|
|switch|p1a: Prinplup|Prinplup, M|271\/331
|turn|15
|c| Corinth Ashlight|Sup my dudes
|choice|move stealthrock|switch 6
|
|switch|p2a: Missoula|Lileep, F|336\/336
|move|p1a: Prinplup|Stealth Rock|p2a: Missoula
|-sidestart|p2: Mr. Throh|move: Stealth Rock
|
|upkeep
|turn|16
|c|+Deceived|☆RedPanda2577: whats up with these younglins
|c|+Deceived|Says the 15 year old
|c| Rage.Spam.Quit.|kappa
|c|☆RedPanda2577|jack dalton says it :(
|c| Corinth Ashlight|+Deceived: ☆RedPanda2577: whats up with these younglins
|c| Corinth Ashlight|+Deceived: Says the 15 year old
|c| Corinth Ashlight|Says the 12 year old
|c|+Deceived|He's not 15 though
|c|+Deceived|I'm 20 m8
|c| Corinth Ashlight|Og
|c| Corinth Ashlight|Oh*
|c| Corinth Ashlight|Rip me
|choice|switch 5|move ancientpower
|
|switch|p1a: Mr. Mime|Mr. Mime, F|221\/221
|move|p2a: Missoula|Ancient Power|p1a: Mr. Mime
|-damage|p1a: Mr. Mime|176\/221
|
|upkeep
|turn|17
|choice|move psychic|move gigadrain
|
|move|p1a: Mr. Mime|Psychic|p2a: Missoula
|-damage|p2a: Missoula|257\/336
|move|p2a: Missoula|Giga Drain|p1a: Mr. Mime
|-crit|p1a: Mr. Mime
|-damage|p1a: Mr. Mime|101\/221
|-heal|p2a: Missoula|295\/336|[from] drain|[of] p1a: Mr. Mime
|
|upkeep
|turn|18
|c|☆RedPanda2577|why
|c|☆RedPanda2577|is that
|c|☆RedPanda2577|so specially bulky
|choice|switch 4|move gigadrain
|
|switch|p1a: Rapidash|Rapidash, F|271\/271
|move|p2a: Missoula|Giga Drain|p1a: Rapidash
|-resisted|p1a: Rapidash
|-damage|p1a: Rapidash|234\/271
|-heal|p2a: Missoula|314\/336|[from] drain|[of] p1a: Rapidash
|
|-heal|p1a: Rapidash|250\/271|[from] item: Leftovers
|upkeep
|turn|19
|c|☆RedPanda2577|alright listen karl
|c|☆RedPanda2577|this can go one of 2 ways
|c|☆RedPanda2577|i can crit
|c|☆RedPanda2577|and win
|c|☆RedPanda2577|or i can not crit
|c|☆RedPanda2577|and i lose
|c|☆Mr. Throh|>scope lens
|c|☆RedPanda2577|and sorry for calling you karl it seemed like the right thing to do
|c|☆RedPanda2577|u_u
|c|☆RedPanda2577|!dt scope lens
|c|~|\/data-item Scope Lens
|raw|<font size="1"><font color="#686868">Gen:<\/font> 2&nbsp;|&ThickSpace;<font color="#686868">Fling Base Power:<\/font> 30<\/font>
|c|☆RedPanda2577|why would i have that
|c|+Deceived|Just pick the move
|choice|move flareblitz|move ancientpower
|
|move|p1a: Rapidash|Flare Blitz|p2a: Missoula
|-crit|p2a: Missoula
|-damage|p2a: Missoula|106\/336
|-damage|p1a: Rapidash|181\/271|[from] recoil|[of] p2a: Missoula
|move|p2a: Missoula|Ancient Power|p1a: Rapidash
|-supereffective|p1a: Rapidash
|-damage|p1a: Rapidash|73\/271
|
|-heal|p1a: Rapidash|89\/271|[from] item: Leftovers
|upkeep
|turn|20
|c|☆RedPanda2577|when you were bluffing about the crit and actually get it
|choice|move flareblitz|move ancientpower
|
|move|p1a: Rapidash|Flare Blitz|p2a: Missoula
|-damage|p2a: Missoula|0 fnt
|-damage|p1a: Rapidash|54\/271|[from] recoil|[of] p2a: Missoula
|faint|p2a: Missoula
|
|-heal|p1a: Rapidash|70\/271|[from] item: Leftovers
|upkeep
|c|☆Mr. Throh|BEcause waiting for RNG.
|choice||switch 6
|
|switch|p2a: Orofino|Armaldo, F|354\/354
|-damage|p2a: Orofino|266\/354|[from] Stealth Rock
|turn|21
|choice|switch 5|move rockblast
|
|switch|p1a: Prinplup|Prinplup, M|271\/331
|move|p2a: Orofino|Rock Blast|p1a: Prinplup
|-damage|p1a: Prinplup|246\/331
|-damage|p1a: Prinplup|218\/331
|-damage|p1a: Prinplup|193\/331
|-hitcount|p1a: Prinplup|3
|
|upkeep
|turn|22
|choice|move scald|move knockoff
|
|move|p2a: Orofino|Knock Off|p1a: Prinplup
|-damage|p1a: Prinplup|123\/331
|-enditem|p1a: Prinplup|Eviolite|[from] move: Knock Off|[of] p2a: Orofino
|move|p1a: Prinplup|Scald|p2a: Orofino
|-supereffective|p2a: Orofino
|-damage|p2a: Orofino|150\/354
|-status|p2a: Orofino|brn
|
|-damage|p2a: Orofino|106\/354 brn|[from] brn
|upkeep
|turn|23
|c|☆RedPanda2577|;)
|choice|move scald|move rockblast
|
|move|p2a: Orofino|Rock Blast|p1a: Prinplup
|-damage|p1a: Prinplup|105\/331
|-damage|p1a: Prinplup|87\/331
|-damage|p1a: Prinplup|66\/331
|-hitcount|p1a: Prinplup|3
|move|p1a: Prinplup|Scald|p2a: Orofino
|-supereffective|p2a: Orofino
|-damage|p2a: Orofino|0 fnt
|faint|p2a: Orofino
|
|upkeep
|choice||switch 4
|
|switch|p2a: Payette|Carbink|304\/304
|-damage|p2a: Payette|266\/304|[from] Stealth Rock
|turn|24
|l|Corinth Ashlight
|c|☆RedPanda2577|i like how the damage was less after you knocked off the eviolite
|c|☆RedPanda2577|lol
|choice|move scald|move calmmind
|
|move|p1a: Prinplup|Scald|p2a: Payette
|-supereffective|p2a: Payette
|-damage|p2a: Payette|96\/304
|move|p2a: Payette|Calm Mind|p2a: Payette
|-boost|p2a: Payette|spa|1
|-boost|p2a: Payette|spd|1
|
|-heal|p2a: Payette|115\/304|[from] item: Leftovers
|upkeep
|turn|25
|choice|move scald|move rest
|
|move|p2a: Payette|Rest|p2a: Payette
|-status|p2a: Payette|slp
|-heal|p2a: Payette|304\/304 slp|[silent]
|-status|p2a: Payette|slp|[from] move: Rest
|move|p1a: Prinplup|Scald|p2a: Payette
|-supereffective|p2a: Payette
|-damage|p2a: Payette|190\/304 slp
|
|-heal|p2a: Payette|209\/304 slp|[from] item: Leftovers
|upkeep
|turn|26
|c|☆RedPanda2577|oh rip speed tie
|l|Sambo
|choice|move scald|move sleeptalk
|
|cant|p2a: Payette|slp
|move|p2a: Payette|Sleep Talk|p2a: Payette
|move|p2a: Payette|Calm Mind|p2a: Payette|[from]Sleep Talk
|-boost|p2a: Payette|spa|1
|-boost|p2a: Payette|spd|1
|move|p1a: Prinplup|Scald|p2a: Payette
|-supereffective|p2a: Payette
|-damage|p2a: Payette|131\/304 slp
|
|-heal|p2a: Payette|150\/304 slp|[from] item: Leftovers
|upkeep
|turn|27
|choice|move scald|move sleeptalk
|
|move|p1a: Prinplup|Scald|p2a: Payette
|-supereffective|p2a: Payette
|-damage|p2a: Payette|66\/304 slp
|cant|p2a: Payette|slp
|move|p2a: Payette|Sleep Talk|p2a: Payette
|move|p2a: Payette|Moonblast|p1a: Prinplup|[from]Sleep Talk
|-damage|p1a: Prinplup|0 fnt
|faint|p1a: Prinplup
|
|-heal|p2a: Payette|85\/304 slp|[from] item: Leftovers
|upkeep
|c|☆RedPanda2577|i win right?
|choice|switch 4|
|
|switch|p1a: Mr. Mime|Mr. Mime, F|101\/221
|turn|28
|c|☆RedPanda2577|gg
|choice|move psychic|move rest
|
|move|p1a: Mr. Mime|Psychic|p2a: Payette
|-damage|p2a: Payette|34\/304 slp
|-curestatus|p2a: Payette|slp|[msg]
|move|p2a: Payette|Rest|p2a: Payette
|-status|p2a: Payette|slp
|-heal|p2a: Payette|304\/304 slp|[silent]
|-status|p2a: Payette|slp|[from] move: Rest
|
|upkeep
|turn|29
|c|☆RedPanda2577|......
|c| LordNoChin|why wouldnt you send in rapidash!
|choice|switch 5|move sleeptalk
|
|switch|p1a: Rapidash|Rapidash, F|70\/271
|cant|p2a: Payette|slp
|move|p2a: Payette|Sleep Talk|p2a: Payette
|move|p2a: Payette|Moonblast|p1a: Rapidash|[from]Sleep Talk
|-resisted|p1a: Rapidash
|-damage|p1a: Rapidash|0 fnt
|faint|p1a: Rapidash
|
|upkeep
|c| LordNoChin|it has +2 special defense
|c|☆RedPanda2577|welp i lost
|c|☆Mr. Throh|gg
|choice|switch 5|
|
|switch|p1a: Mr. Mime|Mr. Mime, F|101\/221
|turn|30
|c| LordNoChin|riperino
|choice|move trick|move sleeptalk
|
|move|p1a: Mr. Mime|Trick|p2a: Payette
|-activate|p1a: Mr. Mime|move: Trick|[of] p2a: Payette
|-item|p2a: Payette|Choice Scarf|[from] move: Trick
|-item|p1a: Mr. Mime|Leftovers|[from] move: Trick
|cant|p2a: Payette|slp
|move|p2a: Payette|Sleep Talk|p2a: Payette
|move|p2a: Payette|Moonblast|p1a: Mr. Mime|[from]Sleep Talk
|-damage|p1a: Mr. Mime|0 fnt
|faint|p1a: Mr. Mime
|
|win|Mr. Throh
|player|p1
|player|p2</script>
</div>
<div class="battle-log battle-log-inline"><div class="inner"><div class="battle-options"></div><div class="inner"><div class="chat"><small>RedPanda2577 joined.</small></div><div class="chat"><small>Mr. Throh joined.</small></div><div class=""><small>Format:</small> <br><strong>PU</strong></div><div class=""><small><em>Sleep Clause Mod:</em> Limit one foe put to sleep</small></div><div class=""><small><em>Species Clause:</em> Limit one of each Pokémon</small></div><div class=""><small><em>OHKO Clause:</em> OHKO moves are banned</small></div><div class=""><small><em>Moody Clause:</em> Moody is banned</small></div><div class=""><small><em>Evasion Moves Clause:</em> Evasion moves are banned</small></div><div class=""><small><em>Endless Battle Clause:</em> Forcing endless battles is banned</small></div><div class=""><small><em>HP Percentage Mod:</em> HP is shown in percentages</small></div><div class=""><small><em>Swagger Clause:</em> Swagger is banned</small></div><div class=""><small><em>Baton Pass Clause:</em> Limit one Baton Passer, can't pass Spe and other stats simultaneously</small></div><div class="chat battle-history"><strong>RedPanda2577's team:</strong> <em style="color:#445566;display:block;">Rotom-Fan / Prinplup / Golem / Rapidash / Mr. Mime / Mawile</em></div><div class="chat battle-history"><strong>Mr. Throh's team:</strong> <em style="color:#445566;display:block;">Crustle / Sudowoodo / Armaldo / Carbink / Golem / Lileep</em></div><div class="chat"><small>Stats Bot joined.</small></div><div class="chat"><small>Stats Bot left.</small></div><div class="chat"><small>LordNoChin joined.</small></div><div class="spacer battle-history"><br></div><div class="battle-history">Battle started between RedPanda2577 and Mr. Throh!<br></div><div class="spacer battle-history"><br></div><div class="battle-history">Go! Rotom (<strong>Rotom-Fan</strong>)!<br></div><div class="spacer battle-history"><br></div><div class="battle-history">Mr. Throh sent out Sandpoint (<strong>Golem</strong>)!<br></div><div class="spacer battle-history"><br></div><h2 class="battle-history">Turn 1</h2><div class="chat"><small>Corinth Ashlight joined.</small></div><div class="chat"><small>pokemonplayer01 joined.</small></div><div class="chat chatmessage-mrthroh"><strong style="color:hsl(165,70%,30%)"><small>☆</small><span class="username" data-name="Mr. Throh">Mr. Throh</span>:</strong> <em>No air balloon?</em></div><div class="chat chatmessage-mrthroh"><strong style="color:hsl(165,70%,30%)"><small>☆</small><span class="username" data-name="Mr. Throh">Mr. Throh</span>:</strong> <em>What a letdown</em></div><div class="chat"><small>torkool joined.</small></div><div class="chat"><small>The Rarest Candy joined.</small></div><div class="chat"><small>Sambo joined.</small></div><div class="chat chatmessage-lordnochin"><strong style="color:hsl(310,50%,48%)"><small> </small><span class="username" data-name="LordNoChin">LordNoChin</span>:</strong> <em>lol</em></div><div class="chat"><small>Rage.Spam.Quit. joined.</small></div><div class="chat"><small>The Rarest Candy left.</small></div><div class="chat"><small>Felipovysk joined.</small></div><div class="chat"><small>tiru joined.</small></div><div class="spacer battle-history"><br></div><div class="battle-history">Rotom used <strong>Will-O-Wisp</strong>!<br></div><div class="battle-history"><small>The opposing Sandpoint was burned!</small><br></div><div class="spacer battle-history"><br></div><div class="battle-history">The opposing Sandpoint used <strong>Stone Edge</strong>!<br></div><div class="battle-history"><small>It's super effective!</small><br></div><div class="battle-history"><small>(Rotom lost <abbr title="−132/303">43.6%</abbr> of its health!)</small><br></div><div class="spacer battle-history"><br></div><div class="battle-history"><small>Rotom restored a little HP using its Leftovers!</small><br></div><div class="battle-history"><small>The opposing Sandpoint was hurt by its burn!</small><br></div><div class="spacer battle-history"><br></div><h2 class="battle-history">Turn 2</h2><div class="chat"><small>Eien joined.</small></div><div class="chat"><small>Eien left.</small></div><div class="spacer battle-history"><br></div><div class="battle-history">Rotom used <strong>Pain Split</strong>!<br></div><div class="battle-history"><small>The battlers shared their pain!</small><br></div><div class="spacer battle-history"><br></div><div class="battle-history">The opposing Sandpoint used <strong>Iron Head</strong>!<br></div><div class="battle-history"><small>It's not very effective...</small><br></div><div class="battle-history"><small>(Rotom lost <abbr title="−16/303">5.3%</abbr> of its health!)</small><br></div><div class="spacer battle-history"><br></div><div class="battle-history"><small>Rotom restored a little HP using its Leftovers!</small><br></div><div class="battle-history"><small>The opposing Sandpoint was hurt by its burn!</small><br></div><div class="spacer battle-history"><br></div><h2 class="battle-history">Turn 3</h2><div class="chat"><small>torkool left.</small></div><div class="chat chatmessage-corinthashlight"><strong style="color:hsl(219,51%,52.8296648829378%)"><small> </small><span class="username" data-name="Corinth Ashlight">Corinth Ashlight</span>:</strong> <em>...?</em></div><div class="chat chatmessage-corinthashlight"><strong style="color:hsl(219,51%,52.8296648829378%)"><small> </small><span class="username" data-name="Corinth Ashlight">Corinth Ashlight</span>:</strong> <em>Y tho</em></div><div class="chat chatmessage-redpanda2577"><strong style="color:hsl(1,64%,44.75059299975905%)"><small>☆</small><span class="username" data-name="RedPanda2577">RedPanda2577</span>:</strong> <em>why what</em></div><div class="chat chatmessage-mrthroh"><strong style="color:hsl(165,70%,30%)"><small>☆</small><span class="username" data-name="Mr. Throh">Mr. Throh</span>:</strong> <em>Iron head?</em></div><div class="chat chatmessage-mrthroh"><strong style="color:hsl(165,70%,30%)"><small>☆</small><span class="username" data-name="Mr. Throh">Mr. Throh</span>:</strong> <em>For fairies?</em></div><div class="chat chatmessage-redpanda2577"><strong style="color:hsl(1,64%,44.75059299975905%)"><small>☆</small><span class="username" data-name="RedPanda2577">RedPanda2577</span>:</strong> <em>he probably expected switch</em></div><div class="chat chatmessage-corinthashlight"><strong style="color:hsl(219,51%,52.8296648829378%)"><small> </small><span class="username" data-name="Corinth Ashlight">Corinth Ashlight</span>:</strong> <em>No like why use it there</em></div><div class="chat chatmessage-corinthashlight"><strong style="color:hsl(219,51%,52.8296648829378%)"><small> </small><span class="username" data-name="Corinth Ashlight">Corinth Ashlight</span>:</strong> <em>Ohhhhh</em></div><div class="chat chatmessage-corinthashlight"><strong style="color:hsl(219,51%,52.8296648829378%)"><small> </small><span class="username" data-name="Corinth Ashlight">Corinth Ashlight</span>:</strong> <em>OK</em></div><div class="chat chatmessage-mrthroh"><strong style="color:hsl(165,70%,30%)"><small>☆</small><span class="username" data-name="Mr. Throh">Mr. Throh</span>:</strong> <em>I guess I should run Facade</em></div><div class="spacer battle-history"><br></div><div class="battle-history">Rotom, come back!<br></div><div class="battle-history">Go! <strong>Prinplup</strong>!<br></div><div class="spacer battle-history"><br></div><div class="battle-history">The opposing Sandpoint used <strong>Stone Edge</strong>!<br></div><div class="battle-history"><small>(Prinplup lost <abbr title="−60/331">18.1%</abbr> of its health!)</small><br></div><div class="spacer battle-history"><br></div><div class="battle-history"><small>The opposing Sandpoint was hurt by its burn!</small><br></div><div class="spacer battle-history"><br></div><h2 class="battle-history">Turn 4</h2><div class="chat chatmessage-mrthroh"><strong style="color:hsl(165,70%,30%)"><small>☆</small><span class="username" data-name="Mr. Throh">Mr. Throh</span>:</strong> <em>Too many of these Rocks are physical attackers</em></div><div class="chat chatmessage-redpanda2577"><strong style="color:hsl(1,64%,44.75059299975905%)"><small>☆</small><span class="username" data-name="RedPanda2577">RedPanda2577</span>:</strong> <em>cough all of them cough</em></div><div class="chat chatmessage-redpanda2577"><strong style="color:hsl(1,64%,44.75059299975905%)"><small>☆</small><span class="username" data-name="RedPanda2577">RedPanda2577</span>:</strong> <em>except maybe 1-2</em></div><div class="chat chatmessage-redpanda2577"><strong style="color:hsl(1,64%,44.75059299975905%)"><small>☆</small><span class="username" data-name="RedPanda2577">RedPanda2577</span>:</strong> <em>cough</em></div><div class="spacer battle-history"><br></div><div class="battle-history">Mr. Throh withdrew Sandpoint!<br></div><div class="battle-history">Mr. Throh sent out Missoula (<strong>Lileep</strong>)!<br></div><div class="spacer battle-history"><br></div><div class="battle-history">Prinplup used <strong>Scald</strong>!<br></div><div class="battle-history"><small>[The opposing Missoula's Storm Drain]</small><br></div><div class="battle-history"><small>The opposing Missoula's Special Attack rose!</small><br></div><div class="spacer battle-history"><br></div><h2 class="battle-history">Turn 5</h2><div class="chat chatmessage-mrthroh"><strong style="color:hsl(165,70%,30%)"><small>☆</small><span class="username" data-name="Mr. Throh">Mr. Throh</span>:</strong> <em>Payette and Missoula</em></div><div class="spacer battle-history"><br></div><div class="battle-history">Prinplup, come back!<br></div><div class="battle-history">Go! <strong>Mawile</strong>!<br></div><div class="spacer battle-history"><br></div><div class="battle-history">The opposing Missoula used <strong>Ancient Power</strong>!<br></div><div class="battle-history"><small>It's not very effective...</small><br></div><div class="battle-history"><small>(Mawile lost <abbr title="−54/303">17.8%</abbr> of its health!)</small><br></div><div class="spacer battle-history"><br></div><h2 class="battle-history">Turn 6</h2><div class="chat"><small>Deceived joined.</small></div><div class="chat chatmessage-mrthroh"><strong style="color:hsl(165,70%,30%)"><small>☆</small><span class="username" data-name="Mr. Throh">Mr. Throh</span>:</strong> <em>I'm sure Earth Power might have some use on Missoula, I never really used its Rocks.</em></div><div class="chat"><small>Jsbb joined.</small></div><div class="chat"><small>Karlito§§ joined.</small></div><div class="chat"><small>pokemonplayer01 left.</small></div><div class="spacer battle-history"><br></div><div class="battle-history">Mr. Throh withdrew Missoula!<br></div><div class="battle-history">Mr. Throh sent out Sandpoint (<strong>Golem</strong>)!<br></div><div class="spacer battle-history"><br></div><div class="battle-history">Mawile used <strong>Swords Dance</strong>!<br></div><div class="battle-history"><small>Mawile's Attack rose sharply!</small><br></div><div class="spacer battle-history"><br></div><div class="battle-history"><small>The opposing Sandpoint was hurt by its burn!</small><br></div><div class="spacer battle-history"><br></div><h2 class="battle-history">Turn 7</h2><div class="spacer battle-history"><br></div><div class="battle-history">Mawile used <strong>Sucker Punch</strong>!<br></div><div class="battle-history"><small>(The opposing Sandpoint lost <abbr title="−115/301">38.2%</abbr> of its health!)</small><br></div><div class="battle-history"><small>Mawile lost some of its HP!</small><br></div><div class="spacer battle-history"><br></div><div class="battle-history">The opposing Sandpoint fainted!<br></div><div class="chat chatmessage-redpanda2577"><strong style="color:hsl(1,64%,44.75059299975905%)"><small>☆</small><span class="username" data-name="RedPanda2577">RedPanda2577</span>:</strong> <em>ez</em></div><div class="chat"><small>Jsbb left.</small></div><div class="spacer battle-history"><br></div><div class="battle-history">Mr. Throh sent out Rexburg (<strong>Sudowoodo</strong>)!<br></div><div class="spacer battle-history"><br></div><h2 class="battle-history">Turn 8</h2><div class="chat chatmessage-deceived"><strong style="color:hsl(202,69%,43%)"><small>+</small><span class="username" data-name="Deceived">Deceived</span>:</strong> <em>I like those names</em></div><div class="chat chatmessage-mrthroh"><strong style="color:hsl(165,70%,30%)"><small>☆</small><span class="username" data-name="Mr. Throh">Mr. Throh</span>:</strong> <em>Yeah</em></div><div class="chat chatmessage-redpanda2577"><strong style="color:hsl(1,64%,44.75059299975905%)"><small>☆</small><span class="username" data-name="RedPanda2577">RedPanda2577</span>:</strong> <em>Deceived !!</em></div><div class="chat chatmessage-redpanda2577"><strong style="color:hsl(1,64%,44.75059299975905%)"><small>☆</small><span class="username" data-name="RedPanda2577">RedPanda2577</span>:</strong> <em>when did you get here</em></div><div class="spacer battle-history"><br></div><div class="battle-history">The opposing Rexburg used <strong>Rock Polish</strong>!<br></div><div class="battle-history"><small>The opposing Rexburg's Speed rose sharply!</small><br></div><div class="spacer battle-history"><br></div><div class="battle-history">Mawile used <strong>Iron Head</strong>!<br></div><div class="battle-history"><small>It's super effective!</small><br></div><div class="battle-history"><small>(The opposing Rexburg lost <abbr title="−281/281">100%</abbr> of its health!)</small><br></div><div class="battle-history"><small>Mawile lost some of its HP!</small><br></div><div class="spacer battle-history"><br></div><div class="battle-history">The opposing Rexburg fainted!<br></div><div class="chat chatmessage-deceived"><strong style="color:hsl(202,69%,43%)"><small>+</small><span class="username" data-name="Deceived">Deceived</span>:</strong> <em>Like 2 minutes ago</em></div><div class="chat chatmessage-mrthroh"><strong style="color:hsl(165,70%,30%)"><small>☆</small><span class="username" data-name="Mr. Throh">Mr. Throh</span>:</strong> <em>thank the smaller places of Idaho for them</em></div><div class="chat"><small>Karlito§§ left.</small></div><div class="spacer battle-history"><br></div><div class="battle-history">Mr. Throh sent out Kuna (<strong>Crustle</strong>)!<br></div><div class="spacer battle-history"><br></div><h2 class="battle-history">Turn 9</h2><div class="chat chatmessage-deceived"><strong style="color:hsl(202,69%,43%)"><small>+</small><span class="username" data-name="Deceived">Deceived</span>:</strong> <em>Are you from Idaho?</em></div><div class="chat chatmessage-redpanda2577"><strong style="color:hsl(1,64%,44.75059299975905%)"><small>☆</small><span class="username" data-name="RedPanda2577">RedPanda2577</span>:</strong> <em>inb4 he's not</em></div><div class="chat chatmessage-deceived"><strong style="color:hsl(202,69%,43%)"><small>+</small><span class="username" data-name="Deceived">Deceived</span>:</strong> <em>I have a team with a similar theme but I'm from Long Island, so I used LI towns</em></div><div class="spacer battle-history"><br></div><div class="battle-history">The opposing Kuna used <strong>Earthquake</strong>!<br></div><div class="battle-history"><small>It's super effective!</small><br></div><div class="battle-history"><small>A critical hit!</small><br></div><div class="battle-history"><small>(Mawile lost <abbr title="−189/303">62.4%</abbr> of its health!)</small><br></div><div class="spacer battle-history"><br></div><div class="battle-history">Mawile fainted!<br></div><div class="chat chatmessage-mrthroh"><strong style="color:hsl(165,70%,30%)"><small>☆</small><span class="username" data-name="Mr. Throh">Mr. Throh</span>:</strong> <em>I just use places in North America as the nicknames</em></div><div class="chat chatmessage-deceived"><strong style="color:hsl(202,69%,43%)"><small>+</small><span class="username" data-name="Deceived">Deceived</span>:</strong> <em>Gotcha</em></div><div class="spacer battle-history"><br></div><div class="battle-history">Go! Rotom (<strong>Rotom-Fan</strong>)!<br></div><div class="spacer battle-history"><br></div><h2 class="battle-history">Turn 10</h2><div class="spacer battle-history"><br></div><div class="battle-history">Rotom used <strong>Will-O-Wisp</strong>!<br></div><div class="battle-history"><small>The opposing Kuna was burned!</small><br></div><div class="battle-history"><small>The opposing Kuna ate its Lum Berry!</small><br></div><div class="battle-history"><small>The opposing Kuna's burn was healed.</small><br></div><div class="spacer battle-history"><br></div><div class="battle-history">The opposing Kuna used <strong>Shell Smash</strong>!<br></div><div class="battle-history"><small>The opposing Kuna's Defense fell!</small><br></div><div class="battle-history"><small>The opposing Kuna's Special Defense fell!</small><br></div><div class="battle-history"><small>The opposing Kuna's Attack rose sharply!</small><br></div><div class="battle-history"><small>The opposing Kuna's Special Attack rose sharply!</small><br></div><div class="battle-history"><small>The opposing Kuna's Speed rose sharply!</small><br></div><div class="spacer battle-history"><br></div><div class="battle-history"><small>Rotom restored a little HP using its Leftovers!</small><br></div><div class="spacer battle-history"><br></div><h2 class="battle-history">Turn 11</h2><div class="chat"><small>Wmar joined.</small></div><div class="chat chatmessage-redpanda2577"><strong style="color:hsl(1,64%,44.75059299975905%)"><small>☆</small><span class="username" data-name="RedPanda2577">RedPanda2577</span>:</strong> <em>rip !!</em></div><div class="chat chatmessage-redpanda2577"><strong style="color:hsl(1,64%,44.75059299975905%)"><small>☆</small><span class="username" data-name="RedPanda2577">RedPanda2577</span>:</strong> <em>its over</em></div><div class="spacer battle-history"><br></div><div class="battle-history">The opposing Kuna used <strong>Stone Edge</strong>!<br></div><div class="battle-history"><small>It's super effective!</small><br></div><div class="battle-history"><small>(Rotom lost <abbr title="−246/303">81.2%</abbr> of its health!)</small><br></div><div class="spacer battle-history"><br></div><div class="battle-history">Rotom fainted!<br></div><div class="chat"><small>Wmar left.</small></div><div class="spacer battle-history"><br></div><div class="battle-history">Go! <strong>Golem</strong>!<br></div><div class="spacer battle-history"><br></div><h2 class="battle-history">Turn 12</h2><div class="chat chatmessage-redpanda2577"><strong style="color:hsl(1,64%,44.75059299975905%)"><small>☆</small><span class="username" data-name="RedPanda2577">RedPanda2577</span>:</strong> <em>unless</em></div><div class="spacer battle-history"><br></div><div class="battle-history">The opposing Kuna used <strong>X-Scissor</strong>!<br></div><div class="battle-history"><small>(Golem lost <abbr title="−181/301">60.1%</abbr> of its health!)</small><br></div><div class="spacer battle-history"><br></div><div class="battle-history">Golem used <strong>Earthquake</strong>!<br></div><div class="battle-history"><small>[The opposing Kuna's Sturdy]</small><br><small>The opposing Kuna endured the hit!</small><br></div><div class="battle-history"><small>(The opposing Kuna lost <abbr title="−280/281">99.6%</abbr> of its health!)</small><br></div><div class="spacer battle-history"><br></div><h2 class="battle-history">Turn 13</h2><div class="chat chatmessage-redpanda2577"><em><i><strong style="color:hsl(1,64%,44.75059299975905%)">• <small>☆</small><span class="username" data-name="RedPanda2577">RedPanda2577</span></strong> gets idea</i></em></div><div class="chat chatmessage-redpanda2577"><em><i><strong style="color:hsl(1,64%,44.75059299975905%)">• <small>☆</small><span class="username" data-name="RedPanda2577">RedPanda2577</span></strong> idea fails</i></em></div><div class="chat chatmessage-deceived"><strong style="color:hsl(202,69%,43%)"><small>+</small><span class="username" data-name="Deceived">Deceived</span>:</strong> <em>Your idea was a hail mary?</em></div><div class="chat chatmessage-redpanda2577"><strong style="color:hsl(1,64%,44.75059299975905%)"><small>☆</small><span class="username" data-name="RedPanda2577">RedPanda2577</span>:</strong> <em>idk</em></div><div class="spacer battle-history"><br></div><div class="battle-history">The opposing Kuna used <strong>Shell Smash</strong>!<br></div><div class="battle-history"><small>The opposing Kuna's Defense fell!</small><br></div><div class="battle-history"><small>The opposing Kuna's Special Defense fell!</small><br></div><div class="battle-history"><small>The opposing Kuna's Attack rose sharply!</small><br></div><div class="battle-history"><small>The opposing Kuna's Special Attack rose sharply!</small><br></div><div class="battle-history"><small>The opposing Kuna's Speed rose sharply!</small><br></div><div class="spacer battle-history"><br></div><div class="battle-history">Golem used <strong>Earthquake</strong>!<br></div><div class="battle-history"><small>A critical hit!</small><br></div><div class="battle-history"><small>(The opposing Kuna lost <abbr title="−1/281">0.4%</abbr> of its health!)</small><br></div><div class="spacer battle-history"><br></div><div class="battle-history">The opposing Kuna fainted!<br></div><div class="chat chatmessage-redpanda2577"><strong style="color:hsl(1,64%,44.75059299975905%)"><small>☆</small><span class="username" data-name="RedPanda2577">RedPanda2577</span>:</strong> <em>.....</em></div><div class="chat chatmessage-deceived"><strong style="color:hsl(202,69%,43%)"><small>+</small><span class="username" data-name="Deceived">Deceived</span>:</strong> <em>uh</em></div><div class="chat chatmessage-mrthroh"><strong style="color:hsl(165,70%,30%)"><small>☆</small><span class="username" data-name="Mr. Throh">Mr. Throh</span>:</strong> <em>Sucker punch</em></div><div class="chat chatmessage-redpanda2577"><strong style="color:hsl(1,64%,44.75059299975905%)"><small>☆</small><span class="username" data-name="RedPanda2577">RedPanda2577</span>:</strong> <em>you had this match in the bag</em></div><div class="chat chatmessage-mrthroh"><strong style="color:hsl(165,70%,30%)"><small>☆</small><span class="username" data-name="Mr. Throh">Mr. Throh</span>:</strong> <em>I know</em></div><div class="chat chatmessage-mrthroh"><strong style="color:hsl(165,70%,30%)"><small>☆</small><span class="username" data-name="Mr. Throh">Mr. Throh</span>:</strong> <em>!learn golem,suckerpunch</em></div><div class="chat"><div class="infobox">In Gen 7, Golem <span class="message-learn-canlearn">can</span> learn Sucker Punch only when obtained from:<ul class="message-learn-list"><li>gen 4 or earlier (all moves are level-up/tutor/TM/HM in gen 4 to 7)</li></ul></div></div><div class="chat chatmessage-redpanda2577"><em><i><strong style="color:hsl(1,64%,44.75059299975905%)">• <small>☆</small><span class="username" data-name="RedPanda2577">RedPanda2577</span></strong> picks up bag</i></em></div><div class="chat chatmessage-redpanda2577"><strong style="color:hsl(1,64%,44.75059299975905%)"><small>☆</small><span class="username" data-name="RedPanda2577">RedPanda2577</span>:</strong> <em>see this bag? you had the match in there</em></div><div class="chat chatmessage-mrthroh"><strong style="color:hsl(165,70%,30%)"><small>☆</small><span class="username" data-name="Mr. Throh">Mr. Throh</span>:</strong> <em>THats why</em></div><div class="spacer battle-history"><br></div><div class="battle-history">Mr. Throh sent out Orofino (<strong>Armaldo</strong>)!<br></div><div class="spacer battle-history"><br></div><h2 class="battle-history">Turn 14</h2><div class="chat chatmessage-redpanda2577"><em><i><strong style="color:hsl(1,64%,44.75059299975905%)">• <small>☆</small><span class="username" data-name="RedPanda2577">RedPanda2577</span></strong> throws away bag</i></em></div><div class="chat chatmessage-redpanda2577"><strong style="color:hsl(1,64%,44.75059299975905%)"><small>☆</small><span class="username" data-name="RedPanda2577">RedPanda2577</span>:</strong> <em>thats what you did with the match you had^</em></div><div class="spacer battle-history"><br></div><div class="battle-history">The opposing Orofino used <strong>Aqua Jet</strong>!<br></div><div class="battle-history"><small>It's super effective!</small><br></div><div class="battle-history"><small>(Golem lost <abbr title="−120/301">39.9%</abbr> of its health!)</small><br></div><div class="spacer battle-history"><br></div><div class="battle-history">Golem fainted!<br></div><div class="chat chatmessage-redpanda2577"><strong style="color:hsl(1,64%,44.75059299975905%)"><small>☆</small><span class="username" data-name="RedPanda2577">RedPanda2577</span>:</strong> <em>whats up with these younglins</em></div><div class="spacer battle-history"><br></div><div class="battle-history">Go! <strong>Prinplup</strong>!<br></div><div class="spacer battle-history"><br></div><h2 class="battle-history">Turn 15</h2><div class="chat chatmessage-corinthashlight"><strong style="color:hsl(219,51%,52.8296648829378%)"><small> </small><span class="username" data-name="Corinth Ashlight">Corinth Ashlight</span>:</strong> <em>Sup my dudes</em></div><div class="spacer battle-history"><br></div><div class="battle-history">Mr. Throh withdrew Orofino!<br></div><div class="battle-history">Mr. Throh sent out Missoula (<strong>Lileep</strong>)!<br></div><div class="spacer battle-history"><br></div><div class="battle-history">Prinplup used <strong>Stealth Rock</strong>!<br></div><div class="battle-history"><small>Pointed stones float in the air around the opposing team!</small><br></div><div class="spacer battle-history"><br></div><h2 class="battle-history">Turn 16</h2><div class="chat chatmessage-deceived"><strong style="color:hsl(202,69%,43%)"><small>+</small><span class="username" data-name="Deceived">Deceived</span>:</strong> <em>☆RedPanda2577: whats up with these younglins</em></div><div class="chat chatmessage-deceived"><strong style="color:hsl(202,69%,43%)"><small>+</small><span class="username" data-name="Deceived">Deceived</span>:</strong> <em>Says the 15 year old</em></div><div class="chat chatmessage-ragespamquit"><strong style="color:hsl(297,40%,51.0958015004672%)"><small> </small><span class="username" data-name="Rage.Spam.Quit.">Rage.Spam.Quit.</span>:</strong> <em>kappa</em></div><div class="chat chatmessage-redpanda2577"><strong style="color:hsl(1,64%,44.75059299975905%)"><small>☆</small><span class="username" data-name="RedPanda2577">RedPanda2577</span>:</strong> <em>jack dalton says it :(</em></div><div class="chat chatmessage-corinthashlight"><strong style="color:hsl(219,51%,52.8296648829378%)"><small> </small><span class="username" data-name="Corinth Ashlight">Corinth Ashlight</span>:</strong> <em>+Deceived: ☆RedPanda2577: whats up with these younglins</em></div><div class="chat chatmessage-corinthashlight"><strong style="color:hsl(219,51%,52.8296648829378%)"><small> </small><span class="username" data-name="Corinth Ashlight">Corinth Ashlight</span>:</strong> <em>+Deceived: Says the 15 year old</em></div><div class="chat chatmessage-corinthashlight"><strong style="color:hsl(219,51%,52.8296648829378%)"><small> </small><span class="username" data-name="Corinth Ashlight">Corinth Ashlight</span>:</strong> <em>Says the 12 year old</em></div><div class="chat chatmessage-deceived"><strong style="color:hsl(202,69%,43%)"><small>+</small><span class="username" data-name="Deceived">Deceived</span>:</strong> <em>He's not 15 though</em></div><div class="chat chatmessage-deceived"><strong style="color:hsl(202,69%,43%)"><small>+</small><span class="username" data-name="Deceived">Deceived</span>:</strong> <em>I'm 20 m8</em></div><div class="chat chatmessage-corinthashlight"><strong style="color:hsl(219,51%,52.8296648829378%)"><small> </small><span class="username" data-name="Corinth Ashlight">Corinth Ashlight</span>:</strong> <em>Og</em></div><div class="chat chatmessage-corinthashlight"><strong style="color:hsl(219,51%,52.8296648829378%)"><small> </small><span class="username" data-name="Corinth Ashlight">Corinth Ashlight</span>:</strong> <em>Oh*</em></div><div class="chat chatmessage-corinthashlight"><strong style="color:hsl(219,51%,52.8296648829378%)"><small> </small><span class="username" data-name="Corinth Ashlight">Corinth Ashlight</span>:</strong> <em>Rip me</em></div><div class="spacer battle-history"><br></div><div class="battle-history">Prinplup, come back!<br></div><div class="battle-history">Go! <strong>Mr. Mime</strong>!<br></div><div class="spacer battle-history"><br></div><div class="battle-history">The opposing Missoula used <strong>Ancient Power</strong>!<br></div><div class="battle-history"><small>(Mr. Mime lost <abbr title="−45/221">20.4%</abbr> of its health!)</small><br></div><div class="spacer battle-history"><br></div><h2 class="battle-history">Turn 17</h2><div class="spacer battle-history"><br></div><div class="battle-history">Mr. Mime used <strong>Psychic</strong>!<br></div><div class="battle-history"><small>(The opposing Missoula lost <abbr title="−79/336">23.5%</abbr> of its health!)</small><br></div><div class="spacer battle-history"><br></div><div class="battle-history">The opposing Missoula used <strong>Giga Drain</strong>!<br></div><div class="battle-history"><small>A critical hit!</small><br></div><div class="battle-history"><small>(Mr. Mime lost <abbr title="−75/221">33.9%</abbr> of its health!)</small><br></div><div class="battle-history"><small>Mr. Mime had its energy drained!</small><br></div><div class="spacer battle-history"><br></div><h2 class="battle-history">Turn 18</h2><div class="chat chatmessage-redpanda2577"><strong style="color:hsl(1,64%,44.75059299975905%)"><small>☆</small><span class="username" data-name="RedPanda2577">RedPanda2577</span>:</strong> <em>why</em></div><div class="chat chatmessage-redpanda2577"><strong style="color:hsl(1,64%,44.75059299975905%)"><small>☆</small><span class="username" data-name="RedPanda2577">RedPanda2577</span>:</strong> <em>is that</em></div><div class="chat chatmessage-redpanda2577"><strong style="color:hsl(1,64%,44.75059299975905%)"><small>☆</small><span class="username" data-name="RedPanda2577">RedPanda2577</span>:</strong> <em>so specially bulky</em></div><div class="spacer battle-history"><br></div><div class="battle-history">Mr. Mime, come back!<br></div><div class="battle-history">Go! <strong>Rapidash</strong>!<br></div><div class="spacer battle-history"><br></div><div class="battle-history">The opposing Missoula used <strong>Giga Drain</strong>!<br></div><div class="battle-history"><small>It's not very effective...</small><br></div><div class="battle-history"><small>(Rapidash lost <abbr title="−37/271">13.7%</abbr> of its health!)</small><br></div><div class="battle-history"><small>Rapidash had its energy drained!</small><br></div><div class="spacer battle-history"><br></div><div class="battle-history"><small>Rapidash restored a little HP using its Leftovers!</small><br></div><div class="spacer battle-history"><br></div><h2 class="battle-history">Turn 19</h2><div class="chat chatmessage-redpanda2577"><strong style="color:hsl(1,64%,44.75059299975905%)"><small>☆</small><span class="username" data-name="RedPanda2577">RedPanda2577</span>:</strong> <em>alright listen karl</em></div><div class="chat chatmessage-redpanda2577"><strong style="color:hsl(1,64%,44.75059299975905%)"><small>☆</small><span class="username" data-name="RedPanda2577">RedPanda2577</span>:</strong> <em>this can go one of 2 ways</em></div><div class="chat chatmessage-redpanda2577"><strong style="color:hsl(1,64%,44.75059299975905%)"><small>☆</small><span class="username" data-name="RedPanda2577">RedPanda2577</span>:</strong> <em>i can crit</em></div><div class="chat chatmessage-redpanda2577"><strong style="color:hsl(1,64%,44.75059299975905%)"><small>☆</small><span class="username" data-name="RedPanda2577">RedPanda2577</span>:</strong> <em>and win</em></div><div class="chat chatmessage-redpanda2577"><strong style="color:hsl(1,64%,44.75059299975905%)"><small>☆</small><span class="username" data-name="RedPanda2577">RedPanda2577</span>:</strong> <em>or i can not crit</em></div><div class="chat chatmessage-redpanda2577"><strong style="color:hsl(1,64%,44.75059299975905%)"><small>☆</small><span class="username" data-name="RedPanda2577">RedPanda2577</span>:</strong> <em>and i lose</em></div><div class="chat chatmessage-mrthroh"><strong style="color:hsl(165,70%,30%)"><small>☆</small><span class="username" data-name="Mr. Throh">Mr. Throh</span>:</strong> <em><span class="greentext">&gt;scope lens</span></em></div><div class="chat chatmessage-redpanda2577"><strong style="color:hsl(1,64%,44.75059299975905%)"><small>☆</small><span class="username" data-name="RedPanda2577">RedPanda2577</span>:</strong> <em>and sorry for calling you karl it seemed like the right thing to do</em></div><div class="chat chatmessage-redpanda2577"><strong style="color:hsl(1,64%,44.75059299975905%)"><small>☆</small><span class="username" data-name="RedPanda2577">RedPanda2577</span>:</strong> <em>u_u</em></div><div class="chat chatmessage-redpanda2577"><strong style="color:hsl(1,64%,44.75059299975905%)"><small>☆</small><span class="username" data-name="RedPanda2577">RedPanda2577</span>:</strong> <em>!dt scope lens</em></div><div class="chat message-error">[outdated code no longer supported]</div><div class="chat"><font size="1"><font color="#686868">Gen:</font> 2&nbsp;|  <font color="#686868">Fling Base Power:</font> 30</font></div><div class="chat chatmessage-redpanda2577"><strong style="color:hsl(1,64%,44.75059299975905%)"><small>☆</small><span class="username" data-name="RedPanda2577">RedPanda2577</span>:</strong> <em>why would i have that</em></div><div class="chat chatmessage-deceived"><strong style="color:hsl(202,69%,43%)"><small>+</small><span class="username" data-name="Deceived">Deceived</span>:</strong> <em>Just pick the move</em></div><div class="spacer battle-history"><br></div><div class="battle-history">Rapidash used <strong>Flare Blitz</strong>!<br></div><div class="battle-history"><small>A critical hit!</small><br></div><div class="battle-history"><small>(The opposing Missoula lost <abbr title="−208/336">61.9%</abbr> of its health!)</small><br></div><div class="battle-history"><small>Rapidash is damaged by the recoil!</small><br></div><div class="spacer battle-history"><br></div><div class="battle-history">The opposing Missoula used <strong>Ancient Power</strong>!<br></div><div class="battle-history"><small>It's super effective!</small><br></div><div class="battle-history"><small>(Rapidash lost <abbr title="−108/271">39.9%</abbr> of its health!)</small><br></div><div class="spacer battle-history"><br></div><div class="battle-history"><small>Rapidash restored a little HP using its Leftovers!</small><br></div><div class="spacer battle-history"><br></div><h2 class="battle-history">Turn 20</h2><div class="chat chatmessage-redpanda2577"><strong style="color:hsl(1,64%,44.75059299975905%)"><small>☆</small><span class="username" data-name="RedPanda2577">RedPanda2577</span>:</strong> <em>when you were bluffing about the crit and actually get it</em></div><div class="spacer battle-history"><br></div><div class="battle-history">Rapidash used <strong>Flare Blitz</strong>!<br></div><div class="battle-history"><small>(The opposing Missoula lost <abbr title="−106/336">31.5%</abbr> of its health!)</small><br></div><div class="battle-history"><small>Rapidash is damaged by the recoil!</small><br></div><div class="spacer battle-history"><br></div><div class="battle-history">The opposing Missoula fainted!<br></div><div class="spacer battle-history"><br></div><div class="battle-history"><small>Rapidash restored a little HP using its Leftovers!</small><br></div><div class="chat chatmessage-mrthroh"><strong style="color:hsl(165,70%,30%)"><small>☆</small><span class="username" data-name="Mr. Throh">Mr. Throh</span>:</strong> <em>BEcause waiting for RNG.</em></div><div class="spacer battle-history"><br></div><div class="battle-history">Mr. Throh sent out Orofino (<strong>Armaldo</strong>)!<br></div><div class="battle-history"><small>Pointed stones dug into the opposing Orofino!</small><br></div><div class="spacer battle-history"><br></div><h2 class="battle-history">Turn 21</h2><div class="spacer battle-history"><br></div><div class="battle-history">Rapidash, come back!<br></div><div class="battle-history">Go! <strong>Prinplup</strong>!<br></div><div class="spacer battle-history"><br></div><div class="battle-history">The opposing Orofino used <strong>Rock Blast</strong>!<br></div><div class="battle-history"><small>(Prinplup lost <abbr title="−25/331">7.6%</abbr> of its health!)</small><br></div><div class="battle-history"><small>(Prinplup lost <abbr title="−28/331">8.5%</abbr> of its health!)</small><br></div><div class="battle-history"><small>(Prinplup lost <abbr title="−25/331">7.6%</abbr> of its health!)</small><br></div><div class="battle-history"><small>Hit 3 times!</small><br></div><div class="spacer battle-history"><br></div><h2 class="battle-history">Turn 22</h2><div class="spacer battle-history"><br></div><div class="battle-history">The opposing Orofino used <strong>Knock Off</strong>!<br></div><div class="battle-history"><small>(Prinplup lost <abbr title="−70/331">21.1%</abbr> of its health!)</small><br></div><div class="battle-history"><small>The opposing Orofino knocked off Prinplup's Eviolite!</small><br></div><div class="spacer battle-history"><br></div><div class="battle-history">Prinplup used <strong>Scald</strong>!<br></div><div class="battle-history"><small>It's super effective!</small><br></div><div class="battle-history"><small>(The opposing Orofino lost <abbr title="−116/354">32.8%</abbr> of its health!)</small><br></div><div class="battle-history"><small>The opposing Orofino was burned!</small><br></div><div class="spacer battle-history"><br></div><div class="battle-history"><small>The opposing Orofino was hurt by its burn!</small><br></div><div class="spacer battle-history"><br></div><h2 class="battle-history">Turn 23</h2><div class="chat chatmessage-redpanda2577"><strong style="color:hsl(1,64%,44.75059299975905%)"><small>☆</small><span class="username" data-name="RedPanda2577">RedPanda2577</span>:</strong> <em>;)</em></div><div class="spacer battle-history"><br></div><div class="battle-history">The opposing Orofino used <strong>Rock Blast</strong>!<br></div><div class="battle-history"><small>(Prinplup lost <abbr title="−18/331">5.4%</abbr> of its health!)</small><br></div><div class="battle-history"><small>(Prinplup lost <abbr title="−18/331">5.4%</abbr> of its health!)</small><br></div><div class="battle-history"><small>(Prinplup lost <abbr title="−21/331">6.3%</abbr> of its health!)</small><br></div><div class="battle-history"><small>Hit 3 times!</small><br></div><div class="spacer battle-history"><br></div><div class="battle-history">Prinplup used <strong>Scald</strong>!<br></div><div class="battle-history"><small>It's super effective!</small><br></div><div class="battle-history"><small>(The opposing Orofino lost <abbr title="−106/354">29.9%</abbr> of its health!)</small><br></div><div class="spacer battle-history"><br></div><div class="battle-history">The opposing Orofino fainted!<br></div><div class="spacer battle-history"><br></div><div class="battle-history">Mr. Throh sent out Payette (<strong>Carbink</strong>)!<br></div><div class="battle-history"><small>Pointed stones dug into the opposing Payette!</small><br></div><div class="spacer battle-history"><br></div><h2 class="battle-history">Turn 24</h2><div class="chat"><small>Corinth Ashlight left.</small></div><div class="chat chatmessage-redpanda2577"><strong style="color:hsl(1,64%,44.75059299975905%)"><small>☆</small><span class="username" data-name="RedPanda2577">RedPanda2577</span>:</strong> <em>i like how the damage was less after you knocked off the eviolite</em></div><div class="chat chatmessage-redpanda2577"><strong style="color:hsl(1,64%,44.75059299975905%)"><small>☆</small><span class="username" data-name="RedPanda2577">RedPanda2577</span>:</strong> <em>lol</em></div><div class="spacer battle-history"><br></div><div class="battle-history">Prinplup used <strong>Scald</strong>!<br></div><div class="battle-history"><small>It's super effective!</small><br></div><div class="battle-history"><small>(The opposing Payette lost <abbr title="−170/304">55.9%</abbr> of its health!)</small><br></div><div class="spacer battle-history"><br></div><div class="battle-history">The opposing Payette used <strong>Calm Mind</strong>!<br></div><div class="battle-history"><small>The opposing Payette's Special Attack rose!</small><br></div><div class="battle-history"><small>The opposing Payette's Special Defense rose!</small><br></div><div class="spacer battle-history"><br></div><div class="battle-history"><small>The opposing Payette restored a little HP using its Leftovers!</small><br></div><div class="spacer battle-history"><br></div><h2 class="battle-history">Turn 25</h2><div class="spacer battle-history"><br></div><div class="battle-history">The opposing Payette used <strong>Rest</strong>!<br></div><div class="battle-history"><small>The opposing Payette fell asleep!</small><br></div><div class="battle-history"><small>The opposing Payette slept and became healthy!</small><br></div><div class="spacer battle-history"><br></div><div class="battle-history">Prinplup used <strong>Scald</strong>!<br></div><div class="battle-history"><small>It's super effective!</small><br></div><div class="battle-history"><small>(The opposing Payette lost <abbr title="−114/304">37.5%</abbr> of its health!)</small><br></div><div class="spacer battle-history"><br></div><div class="battle-history"><small>The opposing Payette restored a little HP using its Leftovers!</small><br></div><div class="spacer battle-history"><br></div><h2 class="battle-history">Turn 26</h2><div class="chat chatmessage-redpanda2577"><strong style="color:hsl(1,64%,44.75059299975905%)"><small>☆</small><span class="username" data-name="RedPanda2577">RedPanda2577</span>:</strong> <em>oh rip speed tie</em></div><div class="chat"><small>Sambo left.</small></div><div class="spacer battle-history"><br></div><div class="battle-history">The opposing Payette is fast asleep.<br></div><div class="spacer battle-history"><br></div><div class="battle-history">The opposing Payette used <strong>Sleep Talk</strong>!<br></div><div class="spacer battle-history"><br></div><div class="battle-history">The opposing Payette used <strong>Calm Mind</strong>!<br></div><div class="battle-history"><small>The opposing Payette's Special Attack rose!</small><br></div><div class="battle-history"><small>The opposing Payette's Special Defense rose!</small><br></div><div class="spacer battle-history"><br></div><div class="battle-history">Prinplup used <strong>Scald</strong>!<br></div><div class="battle-history"><small>It's super effective!</small><br></div><div class="battle-history"><small>(The opposing Payette lost <abbr title="−78/304">25.7%</abbr> of its health!)</small><br></div><div class="spacer battle-history"><br></div><div class="battle-history"><small>The opposing Payette restored a little HP using its Leftovers!</small><br></div><div class="spacer battle-history"><br></div><h2 class="battle-history">Turn 27</h2><div class="spacer battle-history"><br></div><div class="battle-history">Prinplup used <strong>Scald</strong>!<br></div><div class="battle-history"><small>It's super effective!</small><br></div><div class="battle-history"><small>(The opposing Payette lost <abbr title="−84/304">27.6%</abbr> of its health!)</small><br></div><div class="spacer battle-history"><br></div><div class="battle-history">The opposing Payette is fast asleep.<br></div><div class="spacer battle-history"><br></div><div class="battle-history">The opposing Payette used <strong>Sleep Talk</strong>!<br></div><div class="spacer battle-history"><br></div><div class="battle-history">The opposing Payette used <strong>Moonblast</strong>!<br></div><div class="battle-history"><small>(Prinplup lost <abbr title="−66/331">19.9%</abbr> of its health!)</small><br></div><div class="spacer battle-history"><br></div><div class="battle-history">Prinplup fainted!<br></div><div class="spacer battle-history"><br></div><div class="battle-history"><small>The opposing Payette restored a little HP using its Leftovers!</small><br></div><div class="chat chatmessage-redpanda2577"><strong style="color:hsl(1,64%,44.75059299975905%)"><small>☆</small><span class="username" data-name="RedPanda2577">RedPanda2577</span>:</strong> <em>i win right?</em></div><div class="spacer battle-history"><br></div><div class="battle-history">Go! <strong>Mr. Mime</strong>!<br></div><div class="spacer battle-history"><br></div><h2 class="battle-history">Turn 28</h2><div class="chat chatmessage-redpanda2577"><strong style="color:hsl(1,64%,44.75059299975905%)"><small>☆</small><span class="username" data-name="RedPanda2577">RedPanda2577</span>:</strong> <em>gg</em></div><div class="spacer battle-history"><br></div><div class="battle-history">Mr. Mime used <strong>Psychic</strong>!<br></div><div class="battle-history"><small>(The opposing Payette lost <abbr title="−51/304">16.8%</abbr> of its health!)</small><br></div><div class="battle-history"><small>The opposing Payette woke up!</small><br></div><div class="spacer battle-history"><br></div><div class="battle-history">The opposing Payette used <strong>Rest</strong>!<br></div><div class="battle-history"><small>The opposing Payette fell asleep!</small><br></div><div class="battle-history"><small>The opposing Payette slept and became healthy!</small><br></div><div class="spacer battle-history"><br></div><h2 class="battle-history">Turn 29</h2><div class="chat chatmessage-redpanda2577"><strong style="color:hsl(1,64%,44.75059299975905%)"><small>☆</small><span class="username" data-name="RedPanda2577">RedPanda2577</span>:</strong> <em>......</em></div><div class="chat chatmessage-lordnochin"><strong style="color:hsl(310,50%,48%)"><small> </small><span class="username" data-name="LordNoChin">LordNoChin</span>:</strong> <em>why wouldnt you send in rapidash!</em></div><div class="spacer battle-history"><br></div><div class="battle-history">Mr. Mime, come back!<br></div><div class="battle-history">Go! <strong>Rapidash</strong>!<br></div><div class="spacer battle-history"><br></div><div class="battle-history">The opposing Payette is fast asleep.<br></div><div class="spacer battle-history"><br></div><div class="battle-history">The opposing Payette used <strong>Sleep Talk</strong>!<br></div><div class="spacer battle-history"><br></div><div class="battle-history">The opposing Payette used <strong>Moonblast</strong>!<br></div><div class="battle-history"><small>It's not very effective...</small><br></div><div class="battle-history"><small>(Rapidash lost <abbr title="−70/271">25.8%</abbr> of its health!)</small><br></div><div class="spacer battle-history"><br></div><div class="battle-history">Rapidash fainted!<br></div><div class="chat chatmessage-lordnochin"><strong style="color:hsl(310,50%,48%)"><small> </small><span class="username" data-name="LordNoChin">LordNoChin</span>:</strong> <em>it has +2 special defense</em></div><div class="chat chatmessage-redpanda2577"><strong style="color:hsl(1,64%,44.75059299975905%)"><small>☆</small><span class="username" data-name="RedPanda2577">RedPanda2577</span>:</strong> <em>welp i lost</em></div><div class="chat chatmessage-mrthroh"><strong style="color:hsl(165,70%,30%)"><small>☆</small><span class="username" data-name="Mr. Throh">Mr. Throh</span>:</strong> <em>gg</em></div><div class="spacer battle-history"><br></div><div class="battle-history">Go! <strong>Mr. Mime</strong>!<br></div><div class="spacer battle-history"><br></div><h2 class="battle-history">Turn 30</h2><div class="chat chatmessage-lordnochin"><strong style="color:hsl(310,50%,48%)"><small> </small><span class="username" data-name="LordNoChin">LordNoChin</span>:</strong> <em>riperino</em></div><div class="spacer battle-history"><br></div><div class="battle-history">Mr. Mime used <strong>Trick</strong>!<br></div><div class="battle-history"><small>Mr. Mime switched items with its target!</small><br></div><div class="battle-history"><small>The opposing Payette obtained one Choice Scarf.</small><br></div><div class="battle-history"><small>Mr. Mime obtained one Leftovers.</small><br></div><div class="spacer battle-history"><br></div><div class="battle-history">The opposing Payette is fast asleep.<br></div><div class="spacer battle-history"><br></div><div class="battle-history">The opposing Payette used <strong>Sleep Talk</strong>!<br></div><div class="spacer battle-history"><br></div><div class="battle-history">The opposing Payette used <strong>Moonblast</strong>!<br></div><div class="battle-history"><small>(Mr. Mime lost <abbr title="−101/221">45.7%</abbr> of its health!)</small><br></div><div class="spacer battle-history"><br></div><div class="battle-history">Mr. Mime fainted!<br></div><div class="spacer battle-history"><br></div><div class="battle-history"><strong>Mr. Throh</strong> won the battle!<br></div></div><div class="inner-preempt"></div></div></div>
</div>
<script>
let daily = Math.floor(Date.now()/1000/60/60/24);document.write('<script src="https://play.pokemonshowdown.com/js/replay-embed.js?version'+daily+'"></'+'script>');
</script>
