<!DOCTYPE html>
<meta charset="utf-8" />
<!-- version 1 -->
<title>PU replay: lcezasfuck vs. ParrotEyes</title>
<style>
html,body {font-family:Verdana, sans-serif;font-size:10pt;margin:0;padding:0;}body{padding:12px 0;} .battle-log {font-family:Verdana, sans-serif;font-size:10pt;} .battle-log-inline {border:1px solid #AAAAAA;background:#EEF2F5;color:black;max-width:640px;margin:0 auto 80px;padding-bottom:5px;} .battle-log .inner {padding:4px 8px 0px 8px;} .battle-log .inner-preempt {padding:0 8px 4px 8px;} .battle-log .inner-after {margin-top:0.5em;} .battle-log h2 {margin:0.5em -8px;padding:4px 8px;border:1px solid #AAAAAA;background:#E0E7EA;border-left:0;border-right:0;font-family:Verdana, sans-serif;font-size:13pt;} .battle-log .chat {vertical-align:middle;padding:3px 0 3px 0;font-size:8pt;} .battle-log .chat strong {color:#40576A;} .battle-log .chat em {padding:1px 4px 1px 3px;color:#000000;font-style:normal;} .chat.mine {background:rgba(0,0,0,0.05);margin-left:-8px;margin-right:-8px;padding-left:8px;padding-right:8px;} .spoiler {color:#BBBBBB;background:#BBBBBB;padding:0px 3px;} .spoiler:hover, .spoiler:active, .spoiler-shown {color:#000000;background:#E2E2E2;padding:0px 3px;} .spoiler a {color:#BBBBBB;} .spoiler:hover a, .spoiler:active a, .spoiler-shown a {color:#2288CC;} .chat code, .chat .spoiler:hover code, .chat .spoiler:active code, .chat .spoiler-shown code {border:1px solid #C0C0C0;background:#EEEEEE;color:black;padding:0 2px;} .chat .spoiler code {border:1px solid #CCCCCC;background:#CCCCCC;color:#CCCCCC;} .battle-log .rated {padding:3px 4px;} .battle-log .rated strong {color:white;background:#89A;padding:1px 4px;border-radius:4px;} .spacer {margin-top:0.5em;} .message-announce {background:#6688AA;color:white;padding:1px 4px 2px;} .message-announce a, .broadcast-green a, .broadcast-blue a, .broadcast-red a {color:#DDEEFF;} .broadcast-green {background-color:#559955;color:white;padding:2px 4px;} .broadcast-blue {background-color:#6688AA;color:white;padding:2px 4px;} .infobox {border:1px solid #6688AA;padding:2px 4px;} .infobox-limited {max-height:200px;overflow:auto;overflow-x:hidden;} .broadcast-red {background-color:#AA5544;color:white;padding:2px 4px;} .message-learn-canlearn {font-weight:bold;color:#228822;text-decoration:underline;} .message-learn-cannotlearn {font-weight:bold;color:#CC2222;text-decoration:underline;} .message-effect-weak {font-weight:bold;color:#CC2222;} .message-effect-resist {font-weight:bold;color:#6688AA;} .message-effect-immune {font-weight:bold;color:#666666;} .message-learn-list {margin-top:0;margin-bottom:0;} .message-throttle-notice, .message-error {color:#992222;} .message-overflow, .chat small.message-overflow {font-size:0pt;} .message-overflow::before {font-size:9pt;content:'...';} .subtle {color:#3A4A66;}
</style>
<div class="wrapper replay-wrapper" style="max-width:1180px;margin:0 auto">
<input type="hidden" name="replayid" value="pu-579980022" />
<div class="battle"></div><div class="battle-log"></div><div class="replay-controls"></div><div class="replay-controls-2"></div>
<h1 style="font-weight:normal;text-align:center"><strong>PU</strong><br /><a href="http://pokemonshowdown.com/users/lcezasfuck" class="subtle" target="_blank">lcezasfuck</a> vs. <a href="http://pokemonshowdown.com/users/parroteyes" class="subtle" target="_blank">ParrotEyes</a></h1>
<script type="text/plain" class="battle-log-data">|j|lcezasfuck
|j|ParrotEyes
|player|p1|lcezasfuck|#teamrocket
|teamsize|p1|6
|player|p2|ParrotEyes|102
|teamsize|p2|6
|gametype|singles
|gen|6
|tier|PU
|rated
|seed|2076,29872,31349,38269
|rule|Sleep Clause Mod: Limit one foe put to sleep
|rule|Species Clause: Limit one of each Pokémon
|rule|OHKO Clause: OHKO moves are banned
|rule|Moody Clause: Moody is banned
|rule|Evasion Moves Clause: Evasion moves are banned
|rule|Endless Battle Clause: Forcing endless battles is banned
|rule|HP Percentage Mod: HP is shown in percentages
|clearpoke
|poke|p1|Marshtomp, F|item
|poke|p1|Clefairy, M|item
|poke|p1|Arbok, F|item
|poke|p1|Pikachu, M|item
|poke|p1|Stoutland, M|item
|poke|p1|Servine, F|item
|poke|p2|Avalugg, F, shiny|item
|poke|p2|Solrock|item
|poke|p2|Frogadier, F|item
|poke|p2|Regigigas, shiny|item
|poke|p2|Maractus, M|item
|poke|p2|Zebstrika, F|item
|rule|Swagger Clause: Swagger is banned
|rule|Baton Pass Clause: Limit one Baton Passer, can't pass Spe and other stats simultaneously
|teampreview
|inactive|Battle timer is ON: inactive players will automatically lose when time's up. (requested by ParrotEyes)
|choice|team 1, team 2, team 3, team 4, team 5, team 6|team 6, team 2, team 3, team 4, team 5, team 1
|
|start
|switch|p1a: Marshtomp|Marshtomp, F|344\/344
|switch|p2a: Zebstrika|Zebstrika, F|293\/293
|turn|1
|choice|move stealthrock|move hiddenpower
|
|move|p2a: Zebstrika|Hidden Power|p1a: Marshtomp
|-supereffective|p1a: Marshtomp
|-crit|p1a: Marshtomp
|-damage|p1a: Marshtomp|0 fnt
|-damage|p2a: Zebstrika|264\/293|[from] item: Life Orb
|faint|p1a: Marshtomp
|
|upkeep
|choice|switch 4|
|
|switch|p1a: Pikachu|Pikachu, M|211\/211
|turn|2
|choice|move knockoff|switch 6
|
|switch|p2a: Avalugg|Avalugg, F, shiny|393\/393
|move|p1a: Pikachu|Knock Off|p2a: Avalugg
|-damage|p2a: Avalugg|318\/393
|-damage|p1a: Pikachu|176\/211|[from] item: Rocky Helmet|[of] p2a: Avalugg
|-enditem|p2a: Avalugg|Rocky Helmet|[from] move: Knock Off|[of] p1a: Pikachu
|
|upkeep
|turn|3
|choice|switch 3|switch 3
|
|switch|p1a: Arbok|Arbok, F|261\/261
|-ability|p1a: Arbok|Intimidate|boost
|-unboost|p2a: Avalugg|atk|1
|switch|p2a: Frogadier|Frogadier, F|249\/249
|
|upkeep
|turn|4
|choice|move coil|move hydropump
|
|move|p2a: Frogadier|Hydro Pump|p1a: Arbok
|-damage|p1a: Arbok|41\/261
|-damage|p2a: Frogadier|225\/249|[from] item: Life Orb
|move|p1a: Arbok|Coil|p1a: Arbok
|-boost|p1a: Arbok|atk|1
|-boost|p1a: Arbok|def|1
|-boost|p1a: Arbok|accuracy|1
|
|-heal|p1a: Arbok|57\/261|[from] item: Black Sludge
|upkeep
|turn|5
|choice|move suckerpunch|switch 3
|
|switch|p2a: Avalugg|Avalugg, F, shiny|318\/393
|move|p1a: Arbok|Sucker Punch|p2a: Avalugg|[still]
|-fail|p1a: Arbok
|
|-heal|p1a: Arbok|73\/261|[from] item: Black Sludge
|upkeep
|turn|6
|choice|move gunkshot|move avalanche
|
|move|p1a: Arbok|Gunk Shot|p2a: Avalugg
|-damage|p2a: Avalugg|200\/393
|move|p2a: Avalugg|Avalanche|p1a: Arbok
|-damage|p1a: Arbok|0 fnt
|faint|p1a: Arbok
|
|upkeep
|choice|switch 6|
|
|switch|p1a: Servine|Servine, F|261\/261
|turn|7
|choice|move leafstorm|switch 6
|
|switch|p2a: Zebstrika|Zebstrika, F|264\/293
|move|p1a: Servine|Leaf Storm|p2a: Zebstrika
|-ability|p2a: Zebstrika|Sap Sipper|boost
|-boost|p2a: Zebstrika|atk|1
|
|upkeep
|turn|8
|c|☆lcezasfuck|do for me
|c|☆lcezasfuck|ok
|c|☆ParrotEyes|nah, just did a few changes
|c|☆lcezasfuck|for my team
|c|☆lcezasfuck|nah
|c|☆ParrotEyes|cause my team is weak to servine
|c|☆ParrotEyes|nah
|choice|switch 5|move overheat
|
|switch|p1a: Stoutland|Stoutland, M|311\/311
|move|p2a: Zebstrika|Overheat|p1a: Stoutland
|-crit|p1a: Stoutland
|-damage|p1a: Stoutland|90\/311
|-unboost|p2a: Zebstrika|spa|2
|-damage|p2a: Zebstrika|235\/293|[from] item: Life Orb
|
|upkeep
|turn|9
|choice|move frustration|move voltswitch
|
|move|p1a: Stoutland|Frustration|p2a: Zebstrika
|-damage|p2a: Zebstrika|12\/293
|move|p2a: Zebstrika|Volt Switch|p1a: Stoutland
|-damage|p1a: Stoutland|24\/311
|-damage|p2a: Zebstrika|0 fnt|[from] item: Life Orb
|faint|p2a: Zebstrika
|
|upkeep
|c|☆lcezasfuck|nah
|c|☆lcezasfuck|ok
|choice||switch 2
|
|switch|p2a: Solrock|Solrock|344\/344
|turn|10
|choice|switch 5|move stealthrock
|
|switch|p1a: Servine|Servine, F|261\/261
|move|p2a: Solrock|Stealth Rock|p1a: Servine
|-sidestart|p1: lcezasfuck|move: Stealth Rock
|
|upkeep
|turn|11
|c|☆lcezasfuck|k
|choice|move leafstorm|switch 5
|
|switch|p2a: Maractus|Maractus, M|354\/354
|move|p1a: Servine|Leaf Storm|p2a: Maractus
|-resisted|p2a: Maractus
|-crit|p2a: Maractus
|-damage|p2a: Maractus|250\/354
|-boost|p1a: Servine|spa|2
|
|-heal|p2a: Maractus|272\/354|[from] item: Leftovers
|upkeep
|turn|12
|choice|move hiddenpower|move gigadrain
|
|move|p1a: Servine|Hidden Power|p2a: Maractus
|-supereffective|p2a: Maractus
|-damage|p2a: Maractus|124\/354
|move|p2a: Maractus|Giga Drain|p1a: Servine
|-resisted|p1a: Servine
|-damage|p1a: Servine|218\/261
|-heal|p2a: Maractus|146\/354|[from] drain|[of] p1a: Servine
|
|-heal|p2a: Maractus|168\/354|[from] item: Leftovers
|upkeep
|turn|13
|choice|move taunt|move gigadrain
|
|move|p1a: Servine|Taunt|p2a: Maractus
|-start|p2a: Maractus|move: Taunt
|move|p2a: Maractus|Giga Drain|p1a: Servine
|-resisted|p1a: Servine
|-damage|p1a: Servine|177\/261
|-heal|p2a: Maractus|189\/354|[from] drain|[of] p1a: Servine
|
|-heal|p2a: Maractus|211\/354|[from] item: Leftovers
|upkeep
|turn|14
|choice|move gigadrain|move gigadrain
|
|move|p1a: Servine|Giga Drain|p2a: Maractus
|-resisted|p2a: Maractus
|-damage|p2a: Maractus|136\/354
|-heal|p1a: Servine|215\/261|[from] drain|[of] p2a: Maractus
|move|p2a: Maractus|Giga Drain|p1a: Servine
|-resisted|p1a: Servine
|-damage|p1a: Servine|179\/261
|-heal|p2a: Maractus|154\/354|[from] drain|[of] p1a: Servine
|
|-heal|p2a: Maractus|176\/354|[from] item: Leftovers
|upkeep
|turn|15
|choice|move gigadrain|move gigadrain
|
|move|p1a: Servine|Giga Drain|p2a: Maractus
|-resisted|p2a: Maractus
|-damage|p2a: Maractus|106\/354
|-heal|p1a: Servine|214\/261|[from] drain|[of] p2a: Maractus
|move|p2a: Maractus|Giga Drain|p1a: Servine
|-resisted|p1a: Servine
|-damage|p1a: Servine|171\/261
|-heal|p2a: Maractus|128\/354|[from] drain|[of] p1a: Servine
|
|-heal|p2a: Maractus|150\/354|[from] item: Leftovers
|-end|p2a: Maractus|move: Taunt
|upkeep
|turn|16
|choice|move leafstorm|move spikyshield
|
|move|p2a: Maractus|Spiky Shield|p2a: Maractus
|-singleturn|p2a: Maractus|move: Protect
|move|p1a: Servine|Leaf Storm|p2a: Maractus
|-activate|p2a: Maractus|move: Protect
|
|-heal|p2a: Maractus|172\/354|[from] item: Leftovers
|upkeep
|turn|17
|choice|move gigadrain|move gigadrain
|
|move|p1a: Servine|Giga Drain|p2a: Maractus
|-resisted|p2a: Maractus
|-damage|p2a: Maractus|95\/354
|-heal|p1a: Servine|210\/261|[from] drain|[of] p2a: Maractus
|move|p2a: Maractus|Giga Drain|p1a: Servine
|-resisted|p1a: Servine
|-damage|p1a: Servine|171\/261
|-heal|p2a: Maractus|115\/354|[from] drain|[of] p1a: Servine
|
|-heal|p2a: Maractus|137\/354|[from] item: Leftovers
|upkeep
|turn|18
|choice|move hiddenpower|move gigadrain
|
|move|p1a: Servine|Hidden Power|p2a: Maractus
|-supereffective|p2a: Maractus
|-damage|p2a: Maractus|0 fnt
|faint|p2a: Maractus
|
|upkeep
|choice||switch 3
|
|switch|p2a: Frogadier|Frogadier, F|225\/249
|turn|19
|choice|switch 5|move icebeam
|
|switch|p1a: Stoutland|Stoutland, M|24\/311
|-damage|p1a: Stoutland|0 fnt|[from] stealthrock
|faint|p1a: Stoutland
|move|p2a: Frogadier|Ice Beam|p1: Stoutland|[notarget]
|-notarget
|
|upkeep
|choice|switch 3|
|
|switch|p1a: Pikachu|Pikachu, M|176\/211
|-damage|p1a: Pikachu|150\/211|[from] stealthrock
|turn|20
|choice|move extremespeed|switch 4
|
|switch|p2a: Regigigas|Regigigas, shiny|404\/404
|-start|p2a: Regigigas|ability: Slow Start
|move|p1a: Pikachu|Extreme Speed|p2a: Regigigas
|-damage|p2a: Regigigas|317\/404
|
|-heal|p2a: Regigigas|342\/404|[from] item: Leftovers
|upkeep
|turn|21
|c|☆lcezasfuck|Nah
|choice|move brickbreak|move confuseray
|
|move|p1a: Pikachu|Brick Break|p2a: Regigigas
|-supereffective|p2a: Regigigas
|-damage|p2a: Regigigas|150\/404
|move|p2a: Regigigas|Confuse Ray|p1a: Pikachu
|-start|p1a: Pikachu|confusion
|
|-heal|p2a: Regigigas|175\/404|[from] item: Leftovers
|upkeep
|turn|22
|choice|move brickbreak|switch 6
|
|-end|p2a: Regigigas|Slow Start|[silent]
|switch|p2a: Avalugg|Avalugg, F, shiny|200\/393
|-activate|p1a: Pikachu|confusion
|-damage|p1a: Pikachu|27\/211|[from] confusion
|
|upkeep
|turn|23
|c|☆lcezasfuck|woah
|choice|move brickbreak|move roar
|
|-activate|p1a: Pikachu|confusion
|-damage|p1a: Pikachu|0 fnt|[from] confusion
|faint|p1a: Pikachu
|move|p2a: Avalugg|Roar|p1: Pikachu|[notarget]
|-notarget
|
|upkeep
|choice|switch 5|
|
|switch|p1a: Servine|Servine, F|171\/261
|-damage|p1a: Servine|139\/261|[from] stealthrock
|turn|24
|choice|move leafstorm|move avalanche
|
|move|p1a: Servine|Leaf Storm|p2a: Avalugg
|-damage|p2a: Avalugg|31\/393
|-boost|p1a: Servine|spa|2
|move|p2a: Avalugg|Avalanche|p1a: Servine
|-supereffective|p1a: Servine
|-damage|p1a: Servine|0 fnt
|faint|p1a: Servine
|
|upkeep
|choice|switch 2|
|
|switch|p1a: Clefairy|Clefairy, M|344\/344
|turn|25
|choice|move calmmind|switch 6
|
|switch|p2a: Regigigas|Regigigas, shiny|175\/404
|-start|p2a: Regigigas|ability: Slow Start
|move|p1a: Clefairy|Calm Mind|p1a: Clefairy
|-boost|p1a: Clefairy|spa|1
|-boost|p1a: Clefairy|spd|1
|
|-heal|p2a: Regigigas|200\/404|[from] item: Leftovers
|upkeep
|turn|26
|c|☆lcezasfuck|I know
|choice|move moonblast|move confuseray
|
|move|p2a: Regigigas|Confuse Ray|p1a: Clefairy
|-start|p1a: Clefairy|confusion
|-activate|p1a: Clefairy|confusion
|-damage|p1a: Clefairy|335\/344|[from] confusion
|
|-heal|p2a: Regigigas|225\/404|[from] item: Leftovers
|upkeep
|turn|27
|c|☆lcezasfuck|Regi is problem
|c|☆lcezasfuck|and fucking annoy
|choice|move moonblast|move knockoff
|
|move|p2a: Regigigas|Knock Off|p1a: Clefairy
|-resisted|p1a: Clefairy
|-crit|p1a: Clefairy
|-damage|p1a: Clefairy|297\/344
|-enditem|p1a: Clefairy|Eviolite|[from] move: Knock Off|[of] p2a: Regigigas
|-end|p1a: Clefairy|confusion
|move|p1a: Clefairy|Moonblast|p2a: Regigigas
|-damage|p2a: Regigigas|138\/404
|
|-heal|p2a: Regigigas|163\/404|[from] item: Leftovers
|upkeep
|turn|28
|choice|move moonblast|move frustration
|
|move|p2a: Regigigas|Frustration|p1a: Clefairy
|-damage|p1a: Clefairy|180\/344
|move|p1a: Clefairy|Moonblast|p2a: Regigigas
|-damage|p2a: Regigigas|66\/404
|
|-heal|p2a: Regigigas|91\/404|[from] item: Leftovers
|upkeep
|turn|29
|choice|move moonblast|move frustration
|
|move|p2a: Regigigas|Frustration|p1a: Clefairy
|-damage|p1a: Clefairy|66\/344
|move|p1a: Clefairy|Moonblast|p2a: Regigigas
|-damage|p2a: Regigigas|0 fnt
|faint|p2a: Regigigas
|-end|p2a: Regigigas|Slow Start|[silent]
|
|upkeep
|choice||switch 4
|
|-end|p2: Regigigas|Slow Start|[silent]
|switch|p2a: Frogadier|Frogadier, F|225\/249
|turn|30
|choice|move softboiled|move hydropump
|
|move|p2a: Frogadier|Hydro Pump|p1a: Clefairy
|-damage|p1a: Clefairy|0 fnt
|-damage|p2a: Frogadier|201\/249|[from] item: Life Orb
|faint|p1a: Clefairy
|
|win|ParrotEyes
|c|☆ParrotEyes|gg
|raw|lcezasfuck's rating: 1364 &rarr; <strong>1336<\/strong><br \/>(-28 for losing)
|raw|ParrotEyes's rating: 1230 &rarr; <strong>1264<\/strong><br \/>(+34 for winning)
|c|☆lcezasfuck|nah
|l|lcezasfuck</script>
</div>
<div class="battle-log battle-log-inline"><div class="inner"><div class="battle-options"></div><div class="inner"><div class="chat"><small>lcezasfuck joined.</small></div><div class="chat"><small>ParrotEyes joined.</small></div><div class=""><small>Format:</small> <br><strong>PU</strong></div><div class="rated"><strong>Rated battle</strong></div><div class=""><small><em>Sleep Clause Mod:</em> Limit one foe put to sleep</small></div><div class=""><small><em>Species Clause:</em> Limit one of each Pokémon</small></div><div class=""><small><em>OHKO Clause:</em> OHKO moves are banned</small></div><div class=""><small><em>Moody Clause:</em> Moody is banned</small></div><div class=""><small><em>Evasion Moves Clause:</em> Evasion moves are banned</small></div><div class=""><small><em>Endless Battle Clause:</em> Forcing endless battles is banned</small></div><div class=""><small><em>HP Percentage Mod:</em> HP is shown in percentages</small></div><div class=""><small><em>Swagger Clause:</em> Swagger is banned</small></div><div class=""><small><em>Baton Pass Clause:</em> Limit one Baton Passer, can't pass Spe and other stats simultaneously</small></div><div class="chat battle-history"><strong>lcezasfuck's team:</strong> <em style="color:#445566;display:block;">Marshtomp / Clefairy / Arbok / Pikachu / Stoutland / Servine</em></div><div class="chat battle-history"><strong>ParrotEyes's team:</strong> <em style="color:#445566;display:block;">Avalugg / Solrock / Frogadier / Regigigas / Maractus / Zebstrika</em></div><div class="chat message-error">Battle timer is ON: inactive players will automatically lose when time's up. (requested by ParrotEyes)</div><div class="spacer battle-history"><br></div><div class="battle-history">Battle started between lcezasfuck and ParrotEyes!<br></div><div class="spacer battle-history"><br></div><div class="battle-history">Go! <strong>Marshtomp</strong>!<br></div><div class="spacer battle-history"><br></div><div class="battle-history">ParrotEyes sent out <strong>Zebstrika</strong>!<br></div><div class="spacer battle-history"><br></div><h2 class="battle-history">Turn 1</h2><div class="spacer battle-history"><br></div><div class="battle-history">The opposing Zebstrika used <strong>Hidden Power</strong>!<br></div><div class="battle-history"><small>It's super effective!</small><br></div><div class="battle-history"><small>A critical hit!</small><br></div><div class="battle-history"><small>(Marshtomp lost <abbr title="−344/344">100%</abbr> of its health!)</small><br></div><div class="battle-history"><small>The opposing Zebstrika lost some of its HP!</small><br></div><div class="spacer battle-history"><br></div><div class="battle-history">Marshtomp fainted!<br></div><div class="spacer battle-history"><br></div><div class="battle-history">Go! <strong>Pikachu</strong>!<br></div><div class="spacer battle-history"><br></div><h2 class="battle-history">Turn 2</h2><div class="spacer battle-history"><br></div><div class="battle-history">ParrotEyes withdrew Zebstrika!<br></div><div class="battle-history">ParrotEyes sent out <strong>Avalugg</strong>!<br></div><div class="spacer battle-history"><br></div><div class="battle-history">Pikachu used <strong>Knock Off</strong>!<br></div><div class="battle-history"><small>(The opposing Avalugg lost <abbr title="−75/393">19.1%</abbr> of its health!)</small><br></div><div class="battle-history"><small>Pikachu was hurt by the Rocky Helmet!</small><br></div><div class="battle-history"><small>Pikachu knocked off the opposing Avalugg's Rocky Helmet!</small><br></div><div class="spacer battle-history"><br></div><h2 class="battle-history">Turn 3</h2><div class="spacer battle-history"><br></div><div class="battle-history">Pikachu, come back!<br></div><div class="battle-history">Go! <strong>Arbok</strong>!<br></div><div class="battle-history"><small>[Arbok's Intimidate]</small><br></div><div class="battle-history"><small>The opposing Avalugg's Attack fell!</small><br></div><div class="spacer battle-history"><br></div><div class="battle-history">ParrotEyes withdrew Avalugg!<br></div><div class="battle-history">ParrotEyes sent out <strong>Frogadier</strong>!<br></div><div class="spacer battle-history"><br></div><h2 class="battle-history">Turn 4</h2><div class="spacer battle-history"><br></div><div class="battle-history">The opposing Frogadier used <strong>Hydro Pump</strong>!<br></div><div class="battle-history"><small>(Arbok lost <abbr title="−220/261">84.3%</abbr> of its health!)</small><br></div><div class="battle-history"><small>The opposing Frogadier lost some of its HP!</small><br></div><div class="spacer battle-history"><br></div><div class="battle-history">Arbok used <strong>Coil</strong>!<br></div><div class="battle-history"><small>Arbok's Attack rose!</small><br></div><div class="battle-history"><small>Arbok's Defense rose!</small><br></div><div class="battle-history"><small>Arbok's accuracy rose!</small><br></div><div class="spacer battle-history"><br></div><div class="battle-history"><small>Arbok restored a little HP using its Black Sludge!</small><br></div><div class="spacer battle-history"><br></div><h2 class="battle-history">Turn 5</h2><div class="spacer battle-history"><br></div><div class="battle-history">ParrotEyes withdrew Frogadier!<br></div><div class="battle-history">ParrotEyes sent out <strong>Avalugg</strong>!<br></div><div class="spacer battle-history"><br></div><div class="battle-history">Arbok used <strong>Sucker Punch</strong>!<br></div><div class="battle-history"><small>But it failed!</small><br></div><div class="spacer battle-history"><br></div><div class="battle-history"><small>Arbok restored a little HP using its Black Sludge!</small><br></div><div class="spacer battle-history"><br></div><h2 class="battle-history">Turn 6</h2><div class="spacer battle-history"><br></div><div class="battle-history">Arbok used <strong>Gunk Shot</strong>!<br></div><div class="battle-history"><small>(The opposing Avalugg lost <abbr title="−118/393">30.0%</abbr> of its health!)</small><br></div><div class="spacer battle-history"><br></div><div class="battle-history">The opposing Avalugg used <strong>Avalanche</strong>!<br></div><div class="battle-history"><small>(Arbok lost <abbr title="−73/261">28.0%</abbr> of its health!)</small><br></div><div class="spacer battle-history"><br></div><div class="battle-history">Arbok fainted!<br></div><div class="spacer battle-history"><br></div><div class="battle-history">Go! <strong>Servine</strong>!<br></div><div class="spacer battle-history"><br></div><h2 class="battle-history">Turn 7</h2><div class="spacer battle-history"><br></div><div class="battle-history">ParrotEyes withdrew Avalugg!<br></div><div class="battle-history">ParrotEyes sent out <strong>Zebstrika</strong>!<br></div><div class="spacer battle-history"><br></div><div class="battle-history">Servine used <strong>Leaf Storm</strong>!<br></div><div class="battle-history"><small>[The opposing Zebstrika's Sap Sipper]</small><br></div><div class="battle-history"><small>The opposing Zebstrika's Attack rose!</small><br></div><div class="spacer battle-history"><br></div><h2 class="battle-history">Turn 8</h2><div class="chat chatmessage-lcezasfuck"><strong style="color:hsl(63,60%,38.09380051909%)"><small>☆</small><span class="username" data-name="lcezasfuck">lcezasfuck</span>:</strong> <em>do for me</em></div><div class="chat chatmessage-lcezasfuck"><strong style="color:hsl(63,60%,38.09380051909%)"><small>☆</small><span class="username" data-name="lcezasfuck">lcezasfuck</span>:</strong> <em>ok</em></div><div class="chat chatmessage-parroteyes"><strong style="color:hsl(239,67%,64.53996780610788%)"><small>☆</small><span class="username" data-name="ParrotEyes">ParrotEyes</span>:</strong> <em>nah, just did a few changes</em></div><div class="chat chatmessage-lcezasfuck"><strong style="color:hsl(63,60%,38.09380051909%)"><small>☆</small><span class="username" data-name="lcezasfuck">lcezasfuck</span>:</strong> <em>for my team</em></div><div class="chat chatmessage-lcezasfuck"><strong style="color:hsl(63,60%,38.09380051909%)"><small>☆</small><span class="username" data-name="lcezasfuck">lcezasfuck</span>:</strong> <em>nah</em></div><div class="chat chatmessage-parroteyes"><strong style="color:hsl(239,67%,64.53996780610788%)"><small>☆</small><span class="username" data-name="ParrotEyes">ParrotEyes</span>:</strong> <em>cause my team is weak to servine</em></div><div class="chat chatmessage-parroteyes"><strong style="color:hsl(239,67%,64.53996780610788%)"><small>☆</small><span class="username" data-name="ParrotEyes">ParrotEyes</span>:</strong> <em>nah</em></div><div class="spacer battle-history"><br></div><div class="battle-history">Servine, come back!<br></div><div class="battle-history">Go! <strong>Stoutland</strong>!<br></div><div class="spacer battle-history"><br></div><div class="battle-history">The opposing Zebstrika used <strong>Overheat</strong>!<br></div><div class="battle-history"><small>A critical hit!</small><br></div><div class="battle-history"><small>(Stoutland lost <abbr title="−221/311">71.1%</abbr> of its health!)</small><br></div><div class="battle-history"><small>The opposing Zebstrika's Special Attack fell harshly!</small><br></div><div class="battle-history"><small>The opposing Zebstrika lost some of its HP!</small><br></div><div class="spacer battle-history"><br></div><h2 class="battle-history">Turn 9</h2><div class="spacer battle-history"><br></div><div class="battle-history">Stoutland used <strong>Frustration</strong>!<br></div><div class="battle-history"><small>(The opposing Zebstrika lost <abbr title="−223/293">76.1%</abbr> of its health!)</small><br></div><div class="spacer battle-history"><br></div><div class="battle-history">The opposing Zebstrika used <strong>Volt Switch</strong>!<br></div><div class="battle-history"><small>(Stoutland lost <abbr title="−66/311">21.2%</abbr> of its health!)</small><br></div><div class="battle-history"><small>The opposing Zebstrika lost some of its HP!</small><br></div><div class="spacer battle-history"><br></div><div class="battle-history">The opposing Zebstrika fainted!<br></div><div class="chat chatmessage-lcezasfuck"><strong style="color:hsl(63,60%,38.09380051909%)"><small>☆</small><span class="username" data-name="lcezasfuck">lcezasfuck</span>:</strong> <em>nah</em></div><div class="chat chatmessage-lcezasfuck"><strong style="color:hsl(63,60%,38.09380051909%)"><small>☆</small><span class="username" data-name="lcezasfuck">lcezasfuck</span>:</strong> <em>ok</em></div><div class="spacer battle-history"><br></div><div class="battle-history">ParrotEyes sent out <strong>Solrock</strong>!<br></div><div class="spacer battle-history"><br></div><h2 class="battle-history">Turn 10</h2><div class="spacer battle-history"><br></div><div class="battle-history">Stoutland, come back!<br></div><div class="battle-history">Go! <strong>Servine</strong>!<br></div><div class="spacer battle-history"><br></div><div class="battle-history">The opposing Solrock used <strong>Stealth Rock</strong>!<br></div><div class="battle-history"><small>Pointed stones float in the air around your team!</small><br></div><div class="spacer battle-history"><br></div><h2 class="battle-history">Turn 11</h2><div class="chat chatmessage-lcezasfuck"><strong style="color:hsl(63,60%,38.09380051909%)"><small>☆</small><span class="username" data-name="lcezasfuck">lcezasfuck</span>:</strong> <em>k</em></div><div class="spacer battle-history"><br></div><div class="battle-history">ParrotEyes withdrew Solrock!<br></div><div class="battle-history">ParrotEyes sent out <strong>Maractus</strong>!<br></div><div class="spacer battle-history"><br></div><div class="battle-history">Servine used <strong>Leaf Storm</strong>!<br></div><div class="battle-history"><small>It's not very effective...</small><br></div><div class="battle-history"><small>A critical hit!</small><br></div><div class="battle-history"><small>(The opposing Maractus lost <abbr title="−104/354">29.4%</abbr> of its health!)</small><br></div><div class="battle-history"><small>Servine's Special Attack rose sharply!</small><br></div><div class="spacer battle-history"><br></div><div class="battle-history"><small>The opposing Maractus restored a little HP using its Leftovers!</small><br></div><div class="spacer battle-history"><br></div><h2 class="battle-history">Turn 12</h2><div class="spacer battle-history"><br></div><div class="battle-history">Servine used <strong>Hidden Power</strong>!<br></div><div class="battle-history"><small>It's super effective!</small><br></div><div class="battle-history"><small>(The opposing Maractus lost <abbr title="−148/354">41.8%</abbr> of its health!)</small><br></div><div class="spacer battle-history"><br></div><div class="battle-history">The opposing Maractus used <strong>Giga Drain</strong>!<br></div><div class="battle-history"><small>It's not very effective...</small><br></div><div class="battle-history"><small>(Servine lost <abbr title="−43/261">16.5%</abbr> of its health!)</small><br></div><div class="battle-history"><small>Servine had its energy drained!</small><br></div><div class="spacer battle-history"><br></div><div class="battle-history"><small>The opposing Maractus restored a little HP using its Leftovers!</small><br></div><div class="spacer battle-history"><br></div><h2 class="battle-history">Turn 13</h2><div class="spacer battle-history"><br></div><div class="battle-history">Servine used <strong>Taunt</strong>!<br></div><div class="battle-history"><small>The opposing Maractus fell for the taunt!</small><br></div><div class="spacer battle-history"><br></div><div class="battle-history">The opposing Maractus used <strong>Giga Drain</strong>!<br></div><div class="battle-history"><small>It's not very effective...</small><br></div><div class="battle-history"><small>(Servine lost <abbr title="−41/261">15.7%</abbr> of its health!)</small><br></div><div class="battle-history"><small>Servine had its energy drained!</small><br></div><div class="spacer battle-history"><br></div><div class="battle-history"><small>The opposing Maractus restored a little HP using its Leftovers!</small><br></div><div class="spacer battle-history"><br></div><h2 class="battle-history">Turn 14</h2><div class="spacer battle-history"><br></div><div class="battle-history">Servine used <strong>Giga Drain</strong>!<br></div><div class="battle-history"><small>It's not very effective...</small><br></div><div class="battle-history"><small>(The opposing Maractus lost <abbr title="−75/354">21.2%</abbr> of its health!)</small><br></div><div class="battle-history"><small>The opposing Maractus had its energy drained!</small><br></div><div class="spacer battle-history"><br></div><div class="battle-history">The opposing Maractus used <strong>Giga Drain</strong>!<br></div><div class="battle-history"><small>It's not very effective...</small><br></div><div class="battle-history"><small>(Servine lost <abbr title="−36/261">13.8%</abbr> of its health!)</small><br></div><div class="battle-history"><small>Servine had its energy drained!</small><br></div><div class="spacer battle-history"><br></div><div class="battle-history"><small>The opposing Maractus restored a little HP using its Leftovers!</small><br></div><div class="spacer battle-history"><br></div><h2 class="battle-history">Turn 15</h2><div class="spacer battle-history"><br></div><div class="battle-history">Servine used <strong>Giga Drain</strong>!<br></div><div class="battle-history"><small>It's not very effective...</small><br></div><div class="battle-history"><small>(The opposing Maractus lost <abbr title="−70/354">19.8%</abbr> of its health!)</small><br></div><div class="battle-history"><small>The opposing Maractus had its energy drained!</small><br></div><div class="spacer battle-history"><br></div><div class="battle-history">The opposing Maractus used <strong>Giga Drain</strong>!<br></div><div class="battle-history"><small>It's not very effective...</small><br></div><div class="battle-history"><small>(Servine lost <abbr title="−43/261">16.5%</abbr> of its health!)</small><br></div><div class="battle-history"><small>Servine had its energy drained!</small><br></div><div class="spacer battle-history"><br></div><div class="battle-history"><small>The opposing Maractus restored a little HP using its Leftovers!</small><br></div><div class="battle-history"><small>The opposing Maractus's taunt wore off!</small><br></div><div class="spacer battle-history"><br></div><h2 class="battle-history">Turn 16</h2><div class="spacer battle-history"><br></div><div class="battle-history">The opposing Maractus used <strong>Spiky Shield</strong>!<br></div><div class="battle-history"><small>The opposing Maractus protected itself!</small><br></div><div class="spacer battle-history"><br></div><div class="battle-history">Servine used <strong>Leaf Storm</strong>!<br></div><div class="battle-history"><small>The opposing Maractus protected itself!</small><br></div><div class="spacer battle-history"><br></div><div class="battle-history"><small>The opposing Maractus restored a little HP using its Leftovers!</small><br></div><div class="spacer battle-history"><br></div><h2 class="battle-history">Turn 17</h2><div class="spacer battle-history"><br></div><div class="battle-history">Servine used <strong>Giga Drain</strong>!<br></div><div class="battle-history"><small>It's not very effective...</small><br></div><div class="battle-history"><small>(The opposing Maractus lost <abbr title="−77/354">21.8%</abbr> of its health!)</small><br></div><div class="battle-history"><small>The opposing Maractus had its energy drained!</small><br></div><div class="spacer battle-history"><br></div><div class="battle-history">The opposing Maractus used <strong>Giga Drain</strong>!<br></div><div class="battle-history"><small>It's not very effective...</small><br></div><div class="battle-history"><small>(Servine lost <abbr title="−39/261">14.9%</abbr> of its health!)</small><br></div><div class="battle-history"><small>Servine had its energy drained!</small><br></div><div class="spacer battle-history"><br></div><div class="battle-history"><small>The opposing Maractus restored a little HP using its Leftovers!</small><br></div><div class="spacer battle-history"><br></div><h2 class="battle-history">Turn 18</h2><div class="spacer battle-history"><br></div><div class="battle-history">Servine used <strong>Hidden Power</strong>!<br></div><div class="battle-history"><small>It's super effective!</small><br></div><div class="battle-history"><small>(The opposing Maractus lost <abbr title="−137/354">38.7%</abbr> of its health!)</small><br></div><div class="spacer battle-history"><br></div><div class="battle-history">The opposing Maractus fainted!<br></div><div class="spacer battle-history"><br></div><div class="battle-history">ParrotEyes sent out <strong>Frogadier</strong>!<br></div><div class="spacer battle-history"><br></div><h2 class="battle-history">Turn 19</h2><div class="spacer battle-history"><br></div><div class="battle-history">Servine, come back!<br></div><div class="battle-history">Go! <strong>Stoutland</strong>!<br></div><div class="battle-history"><small>Pointed stones dug into Stoutland!</small><br></div><div class="spacer battle-history"><br></div><div class="battle-history">Stoutland fainted!<br></div><div class="battle-history">The opposing Frogadier used <strong>Ice Beam</strong>!<br></div><div class="battle-history"><small>But there was no target...</small><br></div><div class="spacer battle-history"><br></div><div class="battle-history">Go! <strong>Pikachu</strong>!<br></div><div class="battle-history"><small>Pointed stones dug into Pikachu!</small><br></div><div class="spacer battle-history"><br></div><h2 class="battle-history">Turn 20</h2><div class="spacer battle-history"><br></div><div class="battle-history">ParrotEyes withdrew Frogadier!<br></div><div class="battle-history">ParrotEyes sent out <strong>Regigigas</strong>!<br></div><div class="battle-history"><small>[The opposing Regigigas's Slow Start]</small><br><small>The opposing Regigigas can't get it going!</small><br></div><div class="spacer battle-history"><br></div><div class="battle-history">Pikachu used <strong>Extreme Speed</strong>!<br></div><div class="battle-history"><small>(The opposing Regigigas lost <abbr title="−87/404">21.5%</abbr> of its health!)</small><br></div><div class="spacer battle-history"><br></div><div class="battle-history"><small>The opposing Regigigas restored a little HP using its Leftovers!</small><br></div><div class="spacer battle-history"><br></div><h2 class="battle-history">Turn 21</h2><div class="chat chatmessage-lcezasfuck"><strong style="color:hsl(63,60%,38.09380051909%)"><small>☆</small><span class="username" data-name="lcezasfuck">lcezasfuck</span>:</strong> <em>Nah</em></div><div class="spacer battle-history"><br></div><div class="battle-history">Pikachu used <strong>Brick Break</strong>!<br></div><div class="battle-history"><small>It's super effective!</small><br></div><div class="battle-history"><small>(The opposing Regigigas lost <abbr title="−192/404">47.5%</abbr> of its health!)</small><br></div><div class="spacer battle-history"><br></div><div class="battle-history">The opposing Regigigas used <strong>Confuse Ray</strong>!<br></div><div class="battle-history"><small>Pikachu became confused!</small><br></div><div class="spacer battle-history"><br></div><div class="battle-history"><small>The opposing Regigigas restored a little HP using its Leftovers!</small><br></div><div class="spacer battle-history"><br></div><h2 class="battle-history">Turn 22</h2><div class="spacer battle-history"><br></div><div class="battle-history">ParrotEyes withdrew Regigigas!<br></div><div class="battle-history">ParrotEyes sent out <strong>Avalugg</strong>!<br></div><div class="spacer battle-history"><br></div><div class="battle-history"><small>Pikachu is confused!</small><br></div><div class="battle-history">It hurt itself in its confusion!<br></div><div class="spacer battle-history"><br></div><h2 class="battle-history">Turn 23</h2><div class="chat chatmessage-lcezasfuck"><strong style="color:hsl(63,60%,38.09380051909%)"><small>☆</small><span class="username" data-name="lcezasfuck">lcezasfuck</span>:</strong> <em>woah</em></div><div class="spacer battle-history"><br></div><div class="battle-history"><small>Pikachu is confused!</small><br></div><div class="battle-history">It hurt itself in its confusion!<br></div><div class="spacer battle-history"><br></div><div class="battle-history">Pikachu fainted!<br></div><div class="battle-history">The opposing Avalugg used <strong>Roar</strong>!<br></div><div class="battle-history"><small>But there was no target...</small><br></div><div class="spacer battle-history"><br></div><div class="battle-history">Go! <strong>Servine</strong>!<br></div><div class="battle-history"><small>Pointed stones dug into Servine!</small><br></div><div class="spacer battle-history"><br></div><h2 class="battle-history">Turn 24</h2><div class="spacer battle-history"><br></div><div class="battle-history">Servine used <strong>Leaf Storm</strong>!<br></div><div class="battle-history"><small>(The opposing Avalugg lost <abbr title="−169/393">43.0%</abbr> of its health!)</small><br></div><div class="battle-history"><small>Servine's Special Attack rose sharply!</small><br></div><div class="spacer battle-history"><br></div><div class="battle-history">The opposing Avalugg used <strong>Avalanche</strong>!<br></div><div class="battle-history"><small>It's super effective!</small><br></div><div class="battle-history"><small>(Servine lost <abbr title="−139/261">53.3%</abbr> of its health!)</small><br></div><div class="spacer battle-history"><br></div><div class="battle-history">Servine fainted!<br></div><div class="spacer battle-history"><br></div><div class="battle-history">Go! <strong>Clefairy</strong>!<br></div><div class="spacer battle-history"><br></div><h2 class="battle-history">Turn 25</h2><div class="spacer battle-history"><br></div><div class="battle-history">ParrotEyes withdrew Avalugg!<br></div><div class="battle-history">ParrotEyes sent out <strong>Regigigas</strong>!<br></div><div class="battle-history"><small>[The opposing Regigigas's Slow Start]</small><br><small>The opposing Regigigas can't get it going!</small><br></div><div class="spacer battle-history"><br></div><div class="battle-history">Clefairy used <strong>Calm Mind</strong>!<br></div><div class="battle-history"><small>Clefairy's Special Attack rose!</small><br></div><div class="battle-history"><small>Clefairy's Special Defense rose!</small><br></div><div class="spacer battle-history"><br></div><div class="battle-history"><small>The opposing Regigigas restored a little HP using its Leftovers!</small><br></div><div class="spacer battle-history"><br></div><h2 class="battle-history">Turn 26</h2><div class="chat chatmessage-lcezasfuck"><strong style="color:hsl(63,60%,38.09380051909%)"><small>☆</small><span class="username" data-name="lcezasfuck">lcezasfuck</span>:</strong> <em>I know</em></div><div class="spacer battle-history"><br></div><div class="battle-history">The opposing Regigigas used <strong>Confuse Ray</strong>!<br></div><div class="battle-history"><small>Clefairy became confused!</small><br></div><div class="spacer battle-history"><br></div><div class="battle-history"><small>Clefairy is confused!</small><br></div><div class="battle-history">It hurt itself in its confusion!<br></div><div class="spacer battle-history"><br></div><div class="battle-history"><small>The opposing Regigigas restored a little HP using its Leftovers!</small><br></div><div class="spacer battle-history"><br></div><h2 class="battle-history">Turn 27</h2><div class="chat chatmessage-lcezasfuck"><strong style="color:hsl(63,60%,38.09380051909%)"><small>☆</small><span class="username" data-name="lcezasfuck">lcezasfuck</span>:</strong> <em>Regi is problem</em></div><div class="chat chatmessage-lcezasfuck"><strong style="color:hsl(63,60%,38.09380051909%)"><small>☆</small><span class="username" data-name="lcezasfuck">lcezasfuck</span>:</strong> <em>and fucking annoy</em></div><div class="spacer battle-history"><br></div><div class="battle-history">The opposing Regigigas used <strong>Knock Off</strong>!<br></div><div class="battle-history"><small>It's not very effective...</small><br></div><div class="battle-history"><small>A critical hit!</small><br></div><div class="battle-history"><small>(Clefairy lost <abbr title="−38/344">11.0%</abbr> of its health!)</small><br></div><div class="battle-history"><small>The opposing Regigigas knocked off Clefairy's Eviolite!</small><br></div><div class="battle-history"><small>Clefairy snapped out of its confusion!</small><br></div><div class="spacer battle-history"><br></div><div class="battle-history">Clefairy used <strong>Moonblast</strong>!<br></div><div class="battle-history"><small>(The opposing Regigigas lost <abbr title="−87/404">21.5%</abbr> of its health!)</small><br></div><div class="spacer battle-history"><br></div><div class="battle-history"><small>The opposing Regigigas restored a little HP using its Leftovers!</small><br></div><div class="spacer battle-history"><br></div><h2 class="battle-history">Turn 28</h2><div class="spacer battle-history"><br></div><div class="battle-history">The opposing Regigigas used <strong>Frustration</strong>!<br></div><div class="battle-history"><small>(Clefairy lost <abbr title="−117/344">34.0%</abbr> of its health!)</small><br></div><div class="spacer battle-history"><br></div><div class="battle-history">Clefairy used <strong>Moonblast</strong>!<br></div><div class="battle-history"><small>(The opposing Regigigas lost <abbr title="−97/404">24.0%</abbr> of its health!)</small><br></div><div class="spacer battle-history"><br></div><div class="battle-history"><small>The opposing Regigigas restored a little HP using its Leftovers!</small><br></div><div class="spacer battle-history"><br></div><h2 class="battle-history">Turn 29</h2><div class="spacer battle-history"><br></div><div class="battle-history">The opposing Regigigas used <strong>Frustration</strong>!<br></div><div class="battle-history"><small>(Clefairy lost <abbr title="−114/344">33.1%</abbr> of its health!)</small><br></div><div class="spacer battle-history"><br></div><div class="battle-history">Clefairy used <strong>Moonblast</strong>!<br></div><div class="battle-history"><small>(The opposing Regigigas lost <abbr title="−91/404">22.5%</abbr> of its health!)</small><br></div><div class="spacer battle-history"><br></div><div class="battle-history">The opposing Regigigas fainted!<br></div><div class="spacer battle-history"><br></div><div class="battle-history">ParrotEyes sent out <strong>Frogadier</strong>!<br></div><div class="spacer battle-history"><br></div><h2 class="battle-history">Turn 30</h2><div class="spacer battle-history"><br></div><div class="battle-history">The opposing Frogadier used <strong>Hydro Pump</strong>!<br></div><div class="battle-history"><small>(Clefairy lost <abbr title="−66/344">19.2%</abbr> of its health!)</small><br></div><div class="battle-history"><small>The opposing Frogadier lost some of its HP!</small><br></div><div class="spacer battle-history"><br></div><div class="battle-history">Clefairy fainted!<br></div><div class="spacer battle-history"><br></div><div class="battle-history"><strong>ParrotEyes</strong> won the battle!<br></div><div class="chat chatmessage-parroteyes"><strong style="color:hsl(239,67%,64.53996780610788%)"><small>☆</small><span class="username" data-name="ParrotEyes">ParrotEyes</span>:</strong> <em>gg</em></div><div class="chat">lcezasfuck's rating: 1364 → <strong>1336</strong><br>(-28 for losing)</div><div class="chat">ParrotEyes's rating: 1230 → <strong>1264</strong><br>(+34 for winning)</div><div class="chat chatmessage-lcezasfuck"><strong style="color:hsl(63,60%,38.09380051909%)"><small>☆</small><span class="username" data-name="lcezasfuck">lcezasfuck</span>:</strong> <em>nah</em></div><div class="chat"><small>lcezasfuck left.</small></div></div><div class="inner-preempt"></div></div></div>
</div>
<script>
let daily = Math.floor(Date.now()/1000/60/60/24);document.write('<script src="https://play.pokemonshowdown.com/js/replay-embed.js?version'+daily+'"></'+'script>');
</script>
