<!DOCTYPE html>
<meta charset="utf-8" />
<!-- version 1 -->
<title>PU replay: thekangaroorider vs. sir haxelot</title>
<style>
html,body {font-family:Verdana, sans-serif;font-size:10pt;margin:0;padding:0;}body{padding:12px 0;} .battle-log {font-family:Verdana, sans-serif;font-size:10pt;} .battle-log-inline {border:1px solid #AAAAAA;background:#EEF2F5;color:black;max-width:640px;margin:0 auto 80px;padding-bottom:5px;} .battle-log .inner {padding:4px 8px 0px 8px;} .battle-log .inner-preempt {padding:0 8px 4px 8px;} .battle-log .inner-after {margin-top:0.5em;} .battle-log h2 {margin:0.5em -8px;padding:4px 8px;border:1px solid #AAAAAA;background:#E0E7EA;border-left:0;border-right:0;font-family:Verdana, sans-serif;font-size:13pt;} .battle-log .chat {vertical-align:middle;padding:3px 0 3px 0;font-size:8pt;} .battle-log .chat strong {color:#40576A;} .battle-log .chat em {padding:1px 4px 1px 3px;color:#000000;font-style:normal;} .chat.mine {background:rgba(0,0,0,0.05);margin-left:-8px;margin-right:-8px;padding-left:8px;padding-right:8px;} .spoiler {color:#BBBBBB;background:#BBBBBB;padding:0px 3px;} .spoiler:hover, .spoiler:active, .spoiler-shown {color:#000000;background:#E2E2E2;padding:0px 3px;} .spoiler a {color:#BBBBBB;} .spoiler:hover a, .spoiler:active a, .spoiler-shown a {color:#2288CC;} .chat code, .chat .spoiler:hover code, .chat .spoiler:active code, .chat .spoiler-shown code {border:1px solid #C0C0C0;background:#EEEEEE;color:black;padding:0 2px;} .chat .spoiler code {border:1px solid #CCCCCC;background:#CCCCCC;color:#CCCCCC;} .battle-log .rated {padding:3px 4px;} .battle-log .rated strong {color:white;background:#89A;padding:1px 4px;border-radius:4px;} .spacer {margin-top:0.5em;} .message-announce {background:#6688AA;color:white;padding:1px 4px 2px;} .message-announce a, .broadcast-green a, .broadcast-blue a, .broadcast-red a {color:#DDEEFF;} .broadcast-green {background-color:#559955;color:white;padding:2px 4px;} .broadcast-blue {background-color:#6688AA;color:white;padding:2px 4px;} .infobox {border:1px solid #6688AA;padding:2px 4px;} .infobox-limited {max-height:200px;overflow:auto;overflow-x:hidden;} .broadcast-red {background-color:#AA5544;color:white;padding:2px 4px;} .message-learn-canlearn {font-weight:bold;color:#228822;text-decoration:underline;} .message-learn-cannotlearn {font-weight:bold;color:#CC2222;text-decoration:underline;} .message-effect-weak {font-weight:bold;color:#CC2222;} .message-effect-resist {font-weight:bold;color:#6688AA;} .message-effect-immune {font-weight:bold;color:#666666;} .message-learn-list {margin-top:0;margin-bottom:0;} .message-throttle-notice, .message-error {color:#992222;} .message-overflow, .chat small.message-overflow {font-size:0pt;} .message-overflow::before {font-size:9pt;content:'...';} .subtle {color:#3A4A66;}
</style>
<div class="wrapper replay-wrapper" style="max-width:1180px;margin:0 auto">
<input type="hidden" name="replayid" value="pu-587077189" />
<div class="battle"></div><div class="battle-log"></div><div class="replay-controls"></div><div class="replay-controls-2"></div>
<h1 style="font-weight:normal;text-align:center"><strong>PU</strong><br /><a href="http://pokemonshowdown.com/users/thekangaroorider" class="subtle" target="_blank">thekangaroorider</a> vs. <a href="http://pokemonshowdown.com/users/sirhaxelot" class="subtle" target="_blank">sir haxelot</a></h1>
<script type="text/plain" class="battle-log-data">|j|thekangaroorider
|j|sir haxelot
|player|p1|thekangaroorider|43
|teamsize|p1|6
|player|p2|sir haxelot|129
|teamsize|p2|6
|gametype|singles
|gen|6
|tier|PU
|rated
|seed|31504,63961,46416,21799
|rule|Sleep Clause Mod: Limit one foe put to sleep
|rule|Species Clause: Limit one of each Pokémon
|rule|OHKO Clause: OHKO moves are banned
|rule|Moody Clause: Moody is banned
|rule|Evasion Moves Clause: Evasion moves are banned
|rule|Endless Battle Clause: Forcing endless battles is banned
|rule|HP Percentage Mod: HP is shown in percentages
|clearpoke
|poke|p1|Eelektrik, F|item
|poke|p1|Lumineon, M|item
|poke|p1|Monferno, F|item
|poke|p1|Misdreavus, F|item
|poke|p1|Simipour, F|item
|poke|p1|Probopass, F|item
|poke|p2|Servine, F|item
|poke|p2|Croconaw, F|item
|poke|p2|Krokorok, M|item
|poke|p2|Electabuzz, M|item
|poke|p2|Dragonair, F|item
|poke|p2|Omanyte, F|item
|rule|Swagger Clause: Swagger is banned
|rule|Baton Pass Clause: Limit one Baton Passer, can't pass Spe and other stats simultaneously
|teampreview
|c|☆thekangaroorider|glhf
|c|☆sir haxelot|gl hf
|choice|team 6, team 2, team 3, team 4, team 5, team 1|team 6, team 2, team 3, team 4, team 5, team 1
|
|start
|switch|p1a: Probopass|Probopass, F|261\/261
|switch|p2a: Omanyte|Omanyte, F|271\/271
|-item|p1a: Probopass|Air Balloon
|turn|1
|choice|move taunt|move stealthrock
|
|move|p1a: Probopass|Taunt|p2a: Omanyte
|-start|p2a: Omanyte|move: Taunt
|cant|p2a: Omanyte|move: Taunt|Stealth Rock
|
|upkeep
|turn|2
|choice|move stealthrock|switch 3
|
|switch|p2a: Krokorok|Krokorok, M|261\/261
|move|p1a: Probopass|Stealth Rock|p2a: Krokorok
|-sidestart|p2: sir haxelot|move: Stealth Rock
|
|upkeep
|turn|3
|choice|switch 2|move lowkick
|
|switch|p1a: Lumineon|Lumineon, M|330\/330
|move|p2a: Krokorok|Low Kick|p1a: Lumineon
|-damage|p1a: Lumineon|295\/330
|
|-heal|p1a: Lumineon|315\/330|[from] item: Leftovers
|upkeep
|turn|4
|choice|move uturn|switch 3
|
|switch|p2a: Omanyte|Omanyte, F|271\/271
|-damage|p2a: Omanyte|238\/271|[from] Stealth Rock
|move|p1a: Lumineon|U-turn|p2a: Omanyte
|-damage|p2a: Omanyte|216\/271
|choice|switch 4|
|
|switch|p1a: Misdreavus|Misdreavus, F|324\/324
|
|upkeep
|turn|5
|choice|move taunt|move stealthrock
|
|move|p1a: Misdreavus|Taunt|p2a: Omanyte
|-start|p2a: Omanyte|move: Taunt
|cant|p2a: Omanyte|move: Taunt|Stealth Rock
|
|upkeep
|turn|6
|choice|switch 5|switch 4
|
|switch|p1a: Simipour|Simipour, F|291\/291
|switch|p2a: Electabuzz|Electabuzz, M|271\/271
|-damage|p2a: Electabuzz|238\/271|[from] Stealth Rock
|
|upkeep
|turn|7
|choice|switch 5|move voltswitch
|
|switch|p1a: Misdreavus|Misdreavus, F|324\/324
|move|p2a: Electabuzz|Volt Switch|p1a: Misdreavus
|-damage|p1a: Misdreavus|216\/324
|choice||switch 3
|
|switch|p2a: Krokorok|Krokorok, M|261\/261
|-damage|p2a: Krokorok|245\/261|[from] Stealth Rock
|
|upkeep
|turn|8
|choice|move hex|move knockoff
|
|move|p2a: Krokorok|Knock Off|p1a: Misdreavus
|-supereffective|p1a: Misdreavus
|-damage|p1a: Misdreavus|0 fnt
|-enditem|p1a: Misdreavus|Eviolite|[from] move: Knock Off|[of] p2a: Krokorok
|faint|p1a: Misdreavus
|-ability|p2a: Krokorok|Moxie|boost
|-boost|p2a: Krokorok|atk|1
|
|upkeep
|choice|switch 5|
|
|switch|p1a: Simipour|Simipour, F|291\/291
|turn|9
|choice|move hydropump|switch 4
|
|switch|p2a: Omanyte|Omanyte, F|216\/271
|-damage|p2a: Omanyte|183\/271|[from] Stealth Rock
|move|p1a: Simipour|Hydro Pump|p2a: Omanyte
|-damage|p2a: Omanyte|3\/271
|
|upkeep
|turn|10
|choice|move hydropump|move stealthrock
|
|move|p1a: Simipour|Hydro Pump|p2a: Omanyte
|-damage|p2a: Omanyte|0 fnt
|faint|p2a: Omanyte
|
|upkeep
|choice||switch 2
|
|switch|p2a: Croconaw|Croconaw, F|271\/271
|-damage|p2a: Croconaw|238\/271|[from] Stealth Rock
|turn|11
|choice|switch 4|move dragondance
|
|switch|p1a: Lumineon|Lumineon, M|315\/330
|move|p2a: Croconaw|Dragon Dance|p2a: Croconaw
|-boost|p2a: Croconaw|atk|1
|-boost|p2a: Croconaw|spe|1
|
|-heal|p1a: Lumineon|330\/330|[from] item: Leftovers
|upkeep
|turn|12
|choice|move toxic|move rockslide
|
|move|p2a: Croconaw|Rock Slide|p1a: Lumineon
|-damage|p1a: Lumineon|191\/330
|move|p1a: Lumineon|Toxic|p2a: Croconaw
|-status|p2a: Croconaw|tox
|
|-heal|p1a: Lumineon|211\/330|[from] item: Leftovers
|-damage|p2a: Croconaw|222\/271 tox|[from] psn
|upkeep
|turn|13
|choice|move scald|move rockslide
|
|move|p2a: Croconaw|Rock Slide|p1a: Lumineon
|-damage|p1a: Lumineon|64\/330
|move|p1a: Lumineon|Scald|p2a: Croconaw
|-resisted|p2a: Croconaw
|-damage|p2a: Croconaw|174\/271 tox
|
|-heal|p1a: Lumineon|84\/330|[from] item: Leftovers
|-damage|p2a: Croconaw|142\/271 tox|[from] psn
|upkeep
|turn|14
|choice|switch 2|move rockslide
|
|switch|p1a: Probopass|Probopass, F|261\/261
|-item|p1a: Probopass|Air Balloon
|move|p2a: Croconaw|Rock Slide|p1a: Probopass
|-resisted|p1a: Probopass
|-damage|p1a: Probopass|199\/261
|-enditem|p1a: Probopass|Air Balloon
|
|-damage|p2a: Croconaw|94\/271 tox|[from] psn
|upkeep
|turn|15
|choice|switch 2|switch 3
|
|switch|p2a: Electabuzz|Electabuzz, M|238\/271
|-damage|p2a: Electabuzz|205\/271|[from] Stealth Rock
|switch|p1a: Lumineon|Lumineon, M|84\/330
|
|-heal|p1a: Lumineon|104\/330|[from] item: Leftovers
|upkeep
|turn|16
|choice|switch 6|move voltswitch
|
|switch|p1a: Eelektrik|Eelektrik, F|334\/334
|move|p2a: Electabuzz|Volt Switch|p1a: Eelektrik
|-resisted|p1a: Eelektrik
|-damage|p1a: Eelektrik|286\/334
|choice||switch 5
|
|switch|p2a: Dragonair|Dragonair, F|321\/321
|-damage|p2a: Dragonair|281\/321|[from] Stealth Rock
|
|upkeep
|turn|17
|choice|move knockoff|move dragondance
|
|move|p2a: Dragonair|Dragon Dance|p2a: Dragonair
|-boost|p2a: Dragonair|atk|1
|-boost|p2a: Dragonair|spe|1
|move|p1a: Eelektrik|Knock Off|p2a: Dragonair
|-damage|p2a: Dragonair|220\/321
|-enditem|p2a: Dragonair|Eviolite|[from] move: Knock Off|[of] p1a: Eelektrik
|
|upkeep
|turn|18
|choice|switch 6|move dragondance
|
|switch|p1a: Lumineon|Lumineon, M|104\/330
|move|p2a: Dragonair|Dragon Dance|p2a: Dragonair
|-boost|p2a: Dragonair|atk|1
|-boost|p2a: Dragonair|spe|1
|
|-heal|p1a: Lumineon|124\/330|[from] item: Leftovers
|upkeep
|turn|19
|choice|move toxic|move dragondance
|
|move|p2a: Dragonair|Dragon Dance|p2a: Dragonair
|-boost|p2a: Dragonair|atk|1
|-boost|p2a: Dragonair|spe|1
|move|p1a: Lumineon|Toxic|p2a: Dragonair
|-status|p2a: Dragonair|tox
|
|-heal|p1a: Lumineon|144\/330|[from] item: Leftovers
|-damage|p2a: Dragonair|200\/321 tox|[from] psn
|upkeep
|turn|20
|choice|move scald|move dragontail
|
|move|p1a: Lumineon|Scald|p2a: Dragonair
|-resisted|p2a: Dragonair
|-damage|p2a: Dragonair|168\/321 tox
|move|p2a: Dragonair|Dragon Tail|p1a: Lumineon
|-damage|p1a: Lumineon|18\/330
|drag|p1a: Monferno|Monferno, F|269\/269
|
|-damage|p2a: Dragonair|128\/321 tox|[from] psn
|upkeep
|turn|21
|choice|switch 3|move rest
|
|switch|p1a: Lumineon|Lumineon, M|18\/330
|move|p2a: Dragonair|Rest|p2a: Dragonair
|-status|p2a: Dragonair|slp
|-heal|p2a: Dragonair|321\/321 slp|[silent]
|-status|p2a: Dragonair|slp|[from] move: Rest
|
|-heal|p1a: Lumineon|38\/330|[from] item: Leftovers
|upkeep
|turn|22
|choice|move uturn|move sleeptalk
|
|cant|p2a: Dragonair|slp
|move|p2a: Dragonair|Sleep Talk|p2a: Dragonair
|move|p2a: Dragonair|Dragon Tail|p1a: Lumineon|[from]Sleep Talk
|-damage|p1a: Lumineon|0 fnt
|faint|p1a: Lumineon
|
|upkeep
|choice|switch 4|
|
|switch|p1a: Simipour|Simipour, F|291\/291
|turn|23
|choice|move icebeam|move sleeptalk
|
|move|p1a: Simipour|Ice Beam|p2a: Dragonair
|-supereffective|p2a: Dragonair
|-damage|p2a: Dragonair|161\/321 slp
|cant|p2a: Dragonair|slp
|move|p2a: Dragonair|Sleep Talk|p2a: Dragonair
|move|p2a: Dragonair|Rest|p2a: Dragonair|[from]Sleep Talk
|-fail|p2a: Dragonair
|
|upkeep
|turn|24
|choice|move icebeam|move dragondance
|
|move|p1a: Simipour|Ice Beam|p2a: Dragonair
|-supereffective|p2a: Dragonair
|-damage|p2a: Dragonair|0 fnt
|faint|p2a: Dragonair
|
|upkeep
|choice||switch 6
|
|switch|p2a: Servine|Servine, F|321\/321
|-damage|p2a: Servine|281\/321|[from] Stealth Rock
|turn|25
|choice|switch 3|move glare
|
|switch|p1a: Monferno|Monferno, F|269\/269
|move|p2a: Servine|Glare|p1a: Monferno
|-status|p1a: Monferno|par
|
|upkeep
|turn|26
|choice|move flareblitz|move leafstorm
|
|move|p2a: Servine|Leaf Storm|p1a: Monferno
|-resisted|p1a: Monferno
|-damage|p1a: Monferno|185\/269 par
|-boost|p2a: Servine|spa|2
|cant|p1a: Monferno|par
|
|upkeep
|turn|27
|choice|move flareblitz|move leafstorm
|
|move|p2a: Servine|Leaf Storm|p1a: Monferno|[miss]
|-miss|p2a: Servine|p1a: Monferno
|move|p1a: Monferno|Flare Blitz|p2a: Servine
|-supereffective|p2a: Servine
|-damage|p2a: Servine|17\/321
|-damage|p1a: Monferno|98\/269 par|[from] Recoil|[of] p2a: Servine
|
|upkeep
|turn|28
|choice|move machpunch|move leafstorm
|
|move|p1a: Monferno|Mach Punch|p2a: Servine
|-damage|p2a: Servine|0 fnt
|faint|p2a: Servine
|
|upkeep
|j|Tifou
|l|Tifou
|choice||switch 3
|
|switch|p2a: Croconaw|Croconaw, F|94\/271 tox
|-damage|p2a: Croconaw|61\/271 tox|[from] Stealth Rock
|turn|29
|choice|switch 3|move waterfall
|
|switch|p1a: Simipour|Simipour, F|291\/291
|move|p2a: Croconaw|Waterfall|p1a: Simipour
|-resisted|p1a: Simipour
|-crit|p1a: Simipour
|-damage|p1a: Simipour|96\/291
|
|-damage|p2a: Croconaw|45\/271 tox|[from] psn
|upkeep
|turn|30
|choice|move knockoff|move waterfall
|
|move|p1a: Simipour|Knock Off|p2a: Croconaw
|-damage|p2a: Croconaw|0 fnt
|-enditem|p2a: Croconaw|Life Orb|[from] move: Knock Off|[of] p1a: Simipour
|faint|p2a: Croconaw
|
|upkeep
|choice||switch 4
|
|switch|p2a: Krokorok|Krokorok, M|245\/261
|-damage|p2a: Krokorok|229\/261|[from] Stealth Rock
|turn|31
|choice|switch 2|move knockoff
|
|switch|p1a: Probopass|Probopass, F|199\/261
|move|p2a: Krokorok|Knock Off|p1a: Probopass
|-damage|p1a: Probopass|132\/261
|
|upkeep
|turn|32
|choice|move earthpower|move knockoff
|
|move|p2a: Krokorok|Knock Off|p1a: Probopass
|-damage|p1a: Probopass|59\/261
|move|p1a: Probopass|Earth Power|p2a: Krokorok
|-damage|p2a: Krokorok|100\/261
|
|upkeep
|turn|33
|choice|move earthpower|move knockoff
|
|move|p2a: Krokorok|Knock Off|p1a: Probopass
|-damage|p1a: Probopass|0 fnt
|faint|p1a: Probopass
|-ability|p2a: Krokorok|Moxie|boost
|-boost|p2a: Krokorok|atk|1
|
|upkeep
|-message|sir haxelot forfeited.
|
|win|thekangaroorider
|l|sir haxelot
|raw|thekangaroorider's rating: 1000 &rarr; <strong>1066<\/strong><br \/>(+66 for winning)
|raw|sir haxelot's rating: 1273 &rarr; <strong>1232<\/strong><br \/>(-41 for losing)
|c|☆thekangaroorider|gg</script>
</div>
<div class="battle-log battle-log-inline"><div class="inner"><div class="battle-options"></div><div class="inner"><div class="chat"><small>thekangaroorider joined.</small></div><div class="chat"><small>sir haxelot joined.</small></div><div class=""><small>Format:</small> <br><strong>PU</strong></div><div class="rated"><strong>Rated battle</strong></div><div class=""><small><em>Sleep Clause Mod:</em> Limit one foe put to sleep</small></div><div class=""><small><em>Species Clause:</em> Limit one of each Pokémon</small></div><div class=""><small><em>OHKO Clause:</em> OHKO moves are banned</small></div><div class=""><small><em>Moody Clause:</em> Moody is banned</small></div><div class=""><small><em>Evasion Moves Clause:</em> Evasion moves are banned</small></div><div class=""><small><em>Endless Battle Clause:</em> Forcing endless battles is banned</small></div><div class=""><small><em>HP Percentage Mod:</em> HP is shown in percentages</small></div><div class=""><small><em>Swagger Clause:</em> Swagger is banned</small></div><div class=""><small><em>Baton Pass Clause:</em> Limit one Baton Passer, can't pass Spe and other stats simultaneously</small></div><div class="chat battle-history"><strong>thekangaroorider's team:</strong> <em style="color:#445566;display:block;">Eelektrik / Lumineon / Monferno / Misdreavus / Simipour / Probopass</em></div><div class="chat battle-history"><strong>sir haxelot's team:</strong> <em style="color:#445566;display:block;">Servine / Croconaw / Krokorok / Electabuzz / Dragonair / Omanyte</em></div><div class="chat chatmessage-thekangaroorider"><strong style="color:hsl(156,59%,37%)"><small>☆</small><span class="username" data-name="thekangaroorider">thekangaroorider</span>:</strong> <em>glhf</em></div><div class="chat chatmessage-sirhaxelot"><strong style="color:hsl(263,55%,58.22921238493045%)"><small>☆</small><span class="username" data-name="sir haxelot">sir haxelot</span>:</strong> <em>gl hf</em></div><div class="spacer battle-history"><br></div><div class="battle-history">Battle started between thekangaroorider and sir haxelot!<br></div><div class="spacer battle-history"><br></div><div class="battle-history">Go! <strong>Probopass</strong>!<br></div><div class="spacer battle-history"><br></div><div class="battle-history">sir haxelot sent out <strong>Omanyte</strong>!<br></div><div class="battle-history"><small>Probopass floats in the air with its Air Balloon!</small><br></div><div class="spacer battle-history"><br></div><h2 class="battle-history">Turn 1</h2><div class="spacer battle-history"><br></div><div class="battle-history">Probopass used <strong>Taunt</strong>!<br></div><div class="battle-history"><small>The opposing Omanyte fell for the taunt!</small><br></div><div class="spacer battle-history"><br></div><div class="battle-history">The opposing Omanyte can't use Stealth Rock after the taunt!<br></div><div class="spacer battle-history"><br></div><h2 class="battle-history">Turn 2</h2><div class="spacer battle-history"><br></div><div class="battle-history">sir haxelot withdrew Omanyte!<br></div><div class="battle-history">sir haxelot sent out <strong>Krokorok</strong>!<br></div><div class="spacer battle-history"><br></div><div class="battle-history">Probopass used <strong>Stealth Rock</strong>!<br></div><div class="battle-history"><small>Pointed stones float in the air around the opposing team!</small><br></div><div class="spacer battle-history"><br></div><h2 class="battle-history">Turn 3</h2><div class="spacer battle-history"><br></div><div class="battle-history">Probopass, come back!<br></div><div class="battle-history">Go! <strong>Lumineon</strong>!<br></div><div class="spacer battle-history"><br></div><div class="battle-history">The opposing Krokorok used <strong>Low Kick</strong>!<br></div><div class="battle-history"><small>(Lumineon lost <abbr title="−35/330">10.6%</abbr> of its health!)</small><br></div><div class="spacer battle-history"><br></div><div class="battle-history"><small>Lumineon restored a little HP using its Leftovers!</small><br></div><div class="spacer battle-history"><br></div><h2 class="battle-history">Turn 4</h2><div class="spacer battle-history"><br></div><div class="battle-history">sir haxelot withdrew Krokorok!<br></div><div class="battle-history">sir haxelot sent out <strong>Omanyte</strong>!<br></div><div class="battle-history"><small>Pointed stones dug into the opposing Omanyte!</small><br></div><div class="spacer battle-history"><br></div><div class="battle-history">Lumineon used <strong>U-turn</strong>!<br></div><div class="battle-history"><small>(The opposing Omanyte lost <abbr title="−22/271">8.1%</abbr> of its health!)</small><br></div><div class="spacer battle-history"><br></div><div class="battle-history">Lumineon went back to thekangaroorider!<br></div><div class="battle-history">Go! <strong>Misdreavus</strong>!<br></div><div class="spacer battle-history"><br></div><h2 class="battle-history">Turn 5</h2><div class="spacer battle-history"><br></div><div class="battle-history">Misdreavus used <strong>Taunt</strong>!<br></div><div class="battle-history"><small>The opposing Omanyte fell for the taunt!</small><br></div><div class="spacer battle-history"><br></div><div class="battle-history">The opposing Omanyte can't use Stealth Rock after the taunt!<br></div><div class="spacer battle-history"><br></div><h2 class="battle-history">Turn 6</h2><div class="spacer battle-history"><br></div><div class="battle-history">Misdreavus, come back!<br></div><div class="battle-history">Go! <strong>Simipour</strong>!<br></div><div class="spacer battle-history"><br></div><div class="battle-history">sir haxelot withdrew Omanyte!<br></div><div class="battle-history">sir haxelot sent out <strong>Electabuzz</strong>!<br></div><div class="battle-history"><small>Pointed stones dug into the opposing Electabuzz!</small><br></div><div class="spacer battle-history"><br></div><h2 class="battle-history">Turn 7</h2><div class="spacer battle-history"><br></div><div class="battle-history">Simipour, come back!<br></div><div class="battle-history">Go! <strong>Misdreavus</strong>!<br></div><div class="spacer battle-history"><br></div><div class="battle-history">The opposing Electabuzz used <strong>Volt Switch</strong>!<br></div><div class="battle-history"><small>(Misdreavus lost <abbr title="−108/324">33.3%</abbr> of its health!)</small><br></div><div class="spacer battle-history"><br></div><div class="battle-history">The opposing Electabuzz went back to sir haxelot!<br></div><div class="battle-history">sir haxelot sent out <strong>Krokorok</strong>!<br></div><div class="battle-history"><small>Pointed stones dug into the opposing Krokorok!</small><br></div><div class="spacer battle-history"><br></div><h2 class="battle-history">Turn 8</h2><div class="spacer battle-history"><br></div><div class="battle-history">The opposing Krokorok used <strong>Knock Off</strong>!<br></div><div class="battle-history"><small>It's super effective!</small><br></div><div class="battle-history"><small>(Misdreavus lost <abbr title="−216/324">66.7%</abbr> of its health!)</small><br></div><div class="battle-history"><small>The opposing Krokorok knocked off Misdreavus's Eviolite!</small><br></div><div class="spacer battle-history"><br></div><div class="battle-history">Misdreavus fainted!<br></div><div class="battle-history"><small>[The opposing Krokorok's Moxie]</small><br></div><div class="battle-history"><small>The opposing Krokorok's Attack rose!</small><br></div><div class="spacer battle-history"><br></div><div class="battle-history">Go! <strong>Simipour</strong>!<br></div><div class="spacer battle-history"><br></div><h2 class="battle-history">Turn 9</h2><div class="spacer battle-history"><br></div><div class="battle-history">sir haxelot withdrew Krokorok!<br></div><div class="battle-history">sir haxelot sent out <strong>Omanyte</strong>!<br></div><div class="battle-history"><small>Pointed stones dug into the opposing Omanyte!</small><br></div><div class="spacer battle-history"><br></div><div class="battle-history">Simipour used <strong>Hydro Pump</strong>!<br></div><div class="battle-history"><small>(The opposing Omanyte lost <abbr title="−180/271">66.4%</abbr> of its health!)</small><br></div><div class="spacer battle-history"><br></div><h2 class="battle-history">Turn 10</h2><div class="spacer battle-history"><br></div><div class="battle-history">Simipour used <strong>Hydro Pump</strong>!<br></div><div class="battle-history"><small>(The opposing Omanyte lost <abbr title="−3/271">1.1%</abbr> of its health!)</small><br></div><div class="spacer battle-history"><br></div><div class="battle-history">The opposing Omanyte fainted!<br></div><div class="spacer battle-history"><br></div><div class="battle-history">sir haxelot sent out <strong>Croconaw</strong>!<br></div><div class="battle-history"><small>Pointed stones dug into the opposing Croconaw!</small><br></div><div class="spacer battle-history"><br></div><h2 class="battle-history">Turn 11</h2><div class="spacer battle-history"><br></div><div class="battle-history">Simipour, come back!<br></div><div class="battle-history">Go! <strong>Lumineon</strong>!<br></div><div class="spacer battle-history"><br></div><div class="battle-history">The opposing Croconaw used <strong>Dragon Dance</strong>!<br></div><div class="battle-history"><small>The opposing Croconaw's Attack rose!</small><br></div><div class="battle-history"><small>The opposing Croconaw's Speed rose!</small><br></div><div class="spacer battle-history"><br></div><div class="battle-history"><small>Lumineon restored a little HP using its Leftovers!</small><br></div><div class="spacer battle-history"><br></div><h2 class="battle-history">Turn 12</h2><div class="spacer battle-history"><br></div><div class="battle-history">The opposing Croconaw used <strong>Rock Slide</strong>!<br></div><div class="battle-history"><small>(Lumineon lost <abbr title="−139/330">42.1%</abbr> of its health!)</small><br></div><div class="spacer battle-history"><br></div><div class="battle-history">Lumineon used <strong>Toxic</strong>!<br></div><div class="battle-history"><small>The opposing Croconaw was badly poisoned!</small><br></div><div class="spacer battle-history"><br></div><div class="battle-history"><small>Lumineon restored a little HP using its Leftovers!</small><br></div><div class="battle-history"><small>The opposing Croconaw was hurt by poison!</small><br></div><div class="spacer battle-history"><br></div><h2 class="battle-history">Turn 13</h2><div class="spacer battle-history"><br></div><div class="battle-history">The opposing Croconaw used <strong>Rock Slide</strong>!<br></div><div class="battle-history"><small>(Lumineon lost <abbr title="−147/330">44.5%</abbr> of its health!)</small><br></div><div class="spacer battle-history"><br></div><div class="battle-history">Lumineon used <strong>Scald</strong>!<br></div><div class="battle-history"><small>It's not very effective...</small><br></div><div class="battle-history"><small>(The opposing Croconaw lost <abbr title="−48/271">17.7%</abbr> of its health!)</small><br></div><div class="spacer battle-history"><br></div><div class="battle-history"><small>Lumineon restored a little HP using its Leftovers!</small><br></div><div class="battle-history"><small>The opposing Croconaw was hurt by poison!</small><br></div><div class="spacer battle-history"><br></div><h2 class="battle-history">Turn 14</h2><div class="spacer battle-history"><br></div><div class="battle-history">Lumineon, come back!<br></div><div class="battle-history">Go! <strong>Probopass</strong>!<br></div><div class="battle-history"><small>Probopass floats in the air with its Air Balloon!</small><br></div><div class="spacer battle-history"><br></div><div class="battle-history">The opposing Croconaw used <strong>Rock Slide</strong>!<br></div><div class="battle-history"><small>It's not very effective...</small><br></div><div class="battle-history"><small>(Probopass lost <abbr title="−62/261">23.8%</abbr> of its health!)</small><br></div><div class="battle-history"><small>Probopass's Air Balloon popped!</small><br></div><div class="spacer battle-history"><br></div><div class="battle-history"><small>The opposing Croconaw was hurt by poison!</small><br></div><div class="spacer battle-history"><br></div><h2 class="battle-history">Turn 15</h2><div class="spacer battle-history"><br></div><div class="battle-history">sir haxelot withdrew Croconaw!<br></div><div class="battle-history">sir haxelot sent out <strong>Electabuzz</strong>!<br></div><div class="battle-history"><small>Pointed stones dug into the opposing Electabuzz!</small><br></div><div class="spacer battle-history"><br></div><div class="battle-history">Probopass, come back!<br></div><div class="battle-history">Go! <strong>Lumineon</strong>!<br></div><div class="spacer battle-history"><br></div><div class="battle-history"><small>Lumineon restored a little HP using its Leftovers!</small><br></div><div class="spacer battle-history"><br></div><h2 class="battle-history">Turn 16</h2><div class="spacer battle-history"><br></div><div class="battle-history">Lumineon, come back!<br></div><div class="battle-history">Go! <strong>Eelektrik</strong>!<br></div><div class="spacer battle-history"><br></div><div class="battle-history">The opposing Electabuzz used <strong>Volt Switch</strong>!<br></div><div class="battle-history"><small>It's not very effective...</small><br></div><div class="battle-history"><small>(Eelektrik lost <abbr title="−48/334">14.4%</abbr> of its health!)</small><br></div><div class="spacer battle-history"><br></div><div class="battle-history">The opposing Electabuzz went back to sir haxelot!<br></div><div class="battle-history">sir haxelot sent out <strong>Dragonair</strong>!<br></div><div class="battle-history"><small>Pointed stones dug into the opposing Dragonair!</small><br></div><div class="spacer battle-history"><br></div><h2 class="battle-history">Turn 17</h2><div class="spacer battle-history"><br></div><div class="battle-history">The opposing Dragonair used <strong>Dragon Dance</strong>!<br></div><div class="battle-history"><small>The opposing Dragonair's Attack rose!</small><br></div><div class="battle-history"><small>The opposing Dragonair's Speed rose!</small><br></div><div class="spacer battle-history"><br></div><div class="battle-history">Eelektrik used <strong>Knock Off</strong>!<br></div><div class="battle-history"><small>(The opposing Dragonair lost <abbr title="−61/321">19.0%</abbr> of its health!)</small><br></div><div class="battle-history"><small>Eelektrik knocked off the opposing Dragonair's Eviolite!</small><br></div><div class="spacer battle-history"><br></div><h2 class="battle-history">Turn 18</h2><div class="spacer battle-history"><br></div><div class="battle-history">Eelektrik, come back!<br></div><div class="battle-history">Go! <strong>Lumineon</strong>!<br></div><div class="spacer battle-history"><br></div><div class="battle-history">The opposing Dragonair used <strong>Dragon Dance</strong>!<br></div><div class="battle-history"><small>The opposing Dragonair's Attack rose!</small><br></div><div class="battle-history"><small>The opposing Dragonair's Speed rose!</small><br></div><div class="spacer battle-history"><br></div><div class="battle-history"><small>Lumineon restored a little HP using its Leftovers!</small><br></div><div class="spacer battle-history"><br></div><h2 class="battle-history">Turn 19</h2><div class="spacer battle-history"><br></div><div class="battle-history">The opposing Dragonair used <strong>Dragon Dance</strong>!<br></div><div class="battle-history"><small>The opposing Dragonair's Attack rose!</small><br></div><div class="battle-history"><small>The opposing Dragonair's Speed rose!</small><br></div><div class="spacer battle-history"><br></div><div class="battle-history">Lumineon used <strong>Toxic</strong>!<br></div><div class="battle-history"><small>The opposing Dragonair was badly poisoned!</small><br></div><div class="spacer battle-history"><br></div><div class="battle-history"><small>Lumineon restored a little HP using its Leftovers!</small><br></div><div class="battle-history"><small>The opposing Dragonair was hurt by poison!</small><br></div><div class="spacer battle-history"><br></div><h2 class="battle-history">Turn 20</h2><div class="spacer battle-history"><br></div><div class="battle-history">Lumineon used <strong>Scald</strong>!<br></div><div class="battle-history"><small>It's not very effective...</small><br></div><div class="battle-history"><small>(The opposing Dragonair lost <abbr title="−32/321">10.0%</abbr> of its health!)</small><br></div><div class="spacer battle-history"><br></div><div class="battle-history">The opposing Dragonair used <strong>Dragon Tail</strong>!<br></div><div class="battle-history"><small>(Lumineon lost <abbr title="−126/330">38.2%</abbr> of its health!)</small><br></div><div class="spacer battle-history"><br></div><div class="battle-history"><strong>Monferno</strong> was dragged out!<br></div><div class="spacer battle-history"><br></div><div class="battle-history"><small>The opposing Dragonair was hurt by poison!</small><br></div><div class="spacer battle-history"><br></div><h2 class="battle-history">Turn 21</h2><div class="spacer battle-history"><br></div><div class="battle-history">Monferno, come back!<br></div><div class="battle-history">Go! <strong>Lumineon</strong>!<br></div><div class="spacer battle-history"><br></div><div class="battle-history">The opposing Dragonair used <strong>Rest</strong>!<br></div><div class="battle-history"><small>The opposing Dragonair fell asleep!</small><br></div><div class="battle-history"><small>The opposing Dragonair slept and became healthy!</small><br></div><div class="spacer battle-history"><br></div><div class="battle-history"><small>Lumineon restored a little HP using its Leftovers!</small><br></div><div class="spacer battle-history"><br></div><h2 class="battle-history">Turn 22</h2><div class="spacer battle-history"><br></div><div class="battle-history">The opposing Dragonair is fast asleep.<br></div><div class="spacer battle-history"><br></div><div class="battle-history">The opposing Dragonair used <strong>Sleep Talk</strong>!<br></div><div class="spacer battle-history"><br></div><div class="battle-history">The opposing Dragonair used <strong>Dragon Tail</strong>!<br></div><div class="battle-history"><small>(Lumineon lost <abbr title="−38/330">11.5%</abbr> of its health!)</small><br></div><div class="spacer battle-history"><br></div><div class="battle-history">Lumineon fainted!<br></div><div class="spacer battle-history"><br></div><div class="battle-history">Go! <strong>Simipour</strong>!<br></div><div class="spacer battle-history"><br></div><h2 class="battle-history">Turn 23</h2><div class="spacer battle-history"><br></div><div class="battle-history">Simipour used <strong>Ice Beam</strong>!<br></div><div class="battle-history"><small>It's super effective!</small><br></div><div class="battle-history"><small>(The opposing Dragonair lost <abbr title="−160/321">49.8%</abbr> of its health!)</small><br></div><div class="spacer battle-history"><br></div><div class="battle-history">The opposing Dragonair is fast asleep.<br></div><div class="spacer battle-history"><br></div><div class="battle-history">The opposing Dragonair used <strong>Sleep Talk</strong>!<br></div><div class="spacer battle-history"><br></div><div class="battle-history">The opposing Dragonair used <strong>Rest</strong>!<br></div><div class="battle-history"><small>But it failed!</small><br></div><div class="spacer battle-history"><br></div><h2 class="battle-history">Turn 24</h2><div class="spacer battle-history"><br></div><div class="battle-history">Simipour used <strong>Ice Beam</strong>!<br></div><div class="battle-history"><small>It's super effective!</small><br></div><div class="battle-history"><small>(The opposing Dragonair lost <abbr title="−161/321">50.2%</abbr> of its health!)</small><br></div><div class="spacer battle-history"><br></div><div class="battle-history">The opposing Dragonair fainted!<br></div><div class="spacer battle-history"><br></div><div class="battle-history">sir haxelot sent out <strong>Servine</strong>!<br></div><div class="battle-history"><small>Pointed stones dug into the opposing Servine!</small><br></div><div class="spacer battle-history"><br></div><h2 class="battle-history">Turn 25</h2><div class="spacer battle-history"><br></div><div class="battle-history">Simipour, come back!<br></div><div class="battle-history">Go! <strong>Monferno</strong>!<br></div><div class="spacer battle-history"><br></div><div class="battle-history">The opposing Servine used <strong>Glare</strong>!<br></div><div class="battle-history"><small>Monferno is paralyzed! It may be unable to move!</small><br></div><div class="spacer battle-history"><br></div><h2 class="battle-history">Turn 26</h2><div class="spacer battle-history"><br></div><div class="battle-history">The opposing Servine used <strong>Leaf Storm</strong>!<br></div><div class="battle-history"><small>It's not very effective...</small><br></div><div class="battle-history"><small>(Monferno lost <abbr title="−84/269">31.2%</abbr> of its health!)</small><br></div><div class="battle-history"><small>The opposing Servine's Special Attack rose sharply!</small><br></div><div class="spacer battle-history"><br></div><div class="battle-history">Monferno is paralyzed! It can't move!<br></div><div class="spacer battle-history"><br></div><h2 class="battle-history">Turn 27</h2><div class="spacer battle-history"><br></div><div class="battle-history">The opposing Servine used <strong>Leaf Storm</strong>!<br></div><div class="battle-history"><small>Monferno avoided the attack!</small><br></div><div class="spacer battle-history"><br></div><div class="battle-history">Monferno used <strong>Flare Blitz</strong>!<br></div><div class="battle-history"><small>It's super effective!</small><br></div><div class="battle-history"><small>(The opposing Servine lost <abbr title="−264/321">82.2%</abbr> of its health!)</small><br></div><div class="battle-history"><small>Monferno is damaged by the recoil!</small><br></div><div class="spacer battle-history"><br></div><h2 class="battle-history">Turn 28</h2><div class="spacer battle-history"><br></div><div class="battle-history">Monferno used <strong>Mach Punch</strong>!<br></div><div class="battle-history"><small>(The opposing Servine lost <abbr title="−17/321">5.3%</abbr> of its health!)</small><br></div><div class="spacer battle-history"><br></div><div class="battle-history">The opposing Servine fainted!<br></div><div class="chat"><small>Tifou joined.</small></div><div class="chat"><small>Tifou left.</small></div><div class="spacer battle-history"><br></div><div class="battle-history">sir haxelot sent out <strong>Croconaw</strong>!<br></div><div class="battle-history"><small>Pointed stones dug into the opposing Croconaw!</small><br></div><div class="spacer battle-history"><br></div><h2 class="battle-history">Turn 29</h2><div class="spacer battle-history"><br></div><div class="battle-history">Monferno, come back!<br></div><div class="battle-history">Go! <strong>Simipour</strong>!<br></div><div class="spacer battle-history"><br></div><div class="battle-history">The opposing Croconaw used <strong>Waterfall</strong>!<br></div><div class="battle-history"><small>It's not very effective...</small><br></div><div class="battle-history"><small>A critical hit!</small><br></div><div class="battle-history"><small>(Simipour lost <abbr title="−195/291">67.0%</abbr> of its health!)</small><br></div><div class="spacer battle-history"><br></div><div class="battle-history"><small>The opposing Croconaw was hurt by poison!</small><br></div><div class="spacer battle-history"><br></div><h2 class="battle-history">Turn 30</h2><div class="spacer battle-history"><br></div><div class="battle-history">Simipour used <strong>Knock Off</strong>!<br></div><div class="battle-history"><small>(The opposing Croconaw lost <abbr title="−45/271">16.6%</abbr> of its health!)</small><br></div><div class="battle-history"><small>Simipour knocked off the opposing Croconaw's Life Orb!</small><br></div><div class="spacer battle-history"><br></div><div class="battle-history">The opposing Croconaw fainted!<br></div><div class="spacer battle-history"><br></div><div class="battle-history">sir haxelot sent out <strong>Krokorok</strong>!<br></div><div class="battle-history"><small>Pointed stones dug into the opposing Krokorok!</small><br></div><div class="spacer battle-history"><br></div><h2 class="battle-history">Turn 31</h2><div class="spacer battle-history"><br></div><div class="battle-history">Simipour, come back!<br></div><div class="battle-history">Go! <strong>Probopass</strong>!<br></div><div class="spacer battle-history"><br></div><div class="battle-history">The opposing Krokorok used <strong>Knock Off</strong>!<br></div><div class="battle-history"><small>(Probopass lost <abbr title="−67/261">25.7%</abbr> of its health!)</small><br></div><div class="spacer battle-history"><br></div><h2 class="battle-history">Turn 32</h2><div class="spacer battle-history"><br></div><div class="battle-history">The opposing Krokorok used <strong>Knock Off</strong>!<br></div><div class="battle-history"><small>(Probopass lost <abbr title="−73/261">28.0%</abbr> of its health!)</small><br></div><div class="spacer battle-history"><br></div><div class="battle-history">Probopass used <strong>Earth Power</strong>!<br></div><div class="battle-history"><small>(The opposing Krokorok lost <abbr title="−129/261">49.4%</abbr> of its health!)</small><br></div><div class="spacer battle-history"><br></div><h2 class="battle-history">Turn 33</h2><div class="spacer battle-history"><br></div><div class="battle-history">The opposing Krokorok used <strong>Knock Off</strong>!<br></div><div class="battle-history"><small>(Probopass lost <abbr title="−59/261">22.6%</abbr> of its health!)</small><br></div><div class="spacer battle-history"><br></div><div class="battle-history">Probopass fainted!<br></div><div class="battle-history"><small>[The opposing Krokorok's Moxie]</small><br></div><div class="battle-history"><small>The opposing Krokorok's Attack rose!</small><br></div><div class="spacer battle-history"><br></div><div class="battle-history"><small>sir haxelot forfeited.</small><br></div><div class="spacer battle-history"><br></div><div class="battle-history"><strong>thekangaroorider</strong> won the battle!<br></div><div class="chat"><small>sir haxelot left.</small></div><div class="chat">thekangaroorider's rating: 1000 → <strong>1066</strong><br>(+66 for winning)</div><div class="chat">sir haxelot's rating: 1273 → <strong>1232</strong><br>(-41 for losing)</div><div class="chat chatmessage-thekangaroorider"><strong style="color:hsl(156,59%,37%)"><small>☆</small><span class="username" data-name="thekangaroorider">thekangaroorider</span>:</strong> <em>gg</em></div></div><div class="inner-preempt"></div></div></div>
</div>
<script>
let daily = Math.floor(Date.now()/1000/60/60/24);document.write('<script src="https://play.pokemonshowdown.com/js/replay-embed.js?version'+daily+'"></'+'script>');
</script>
