<!DOCTYPE html>
<meta charset="utf-8" />
<!-- version 1 -->
<title>PU replay: tukutukutu vs. beefdreams</title>
<style>
html,body {font-family:Verdana, sans-serif;font-size:10pt;margin:0;padding:0;}body{padding:12px 0;} .battle-log {font-family:Verdana, sans-serif;font-size:10pt;} .battle-log-inline {border:1px solid #AAAAAA;background:#EEF2F5;color:black;max-width:640px;margin:0 auto 80px;padding-bottom:5px;} .battle-log .inner {padding:4px 8px 0px 8px;} .battle-log .inner-preempt {padding:0 8px 4px 8px;} .battle-log .inner-after {margin-top:0.5em;} .battle-log h2 {margin:0.5em -8px;padding:4px 8px;border:1px solid #AAAAAA;background:#E0E7EA;border-left:0;border-right:0;font-family:Verdana, sans-serif;font-size:13pt;} .battle-log .chat {vertical-align:middle;padding:3px 0 3px 0;font-size:8pt;} .battle-log .chat strong {color:#40576A;} .battle-log .chat em {padding:1px 4px 1px 3px;color:#000000;font-style:normal;} .chat.mine {background:rgba(0,0,0,0.05);margin-left:-8px;margin-right:-8px;padding-left:8px;padding-right:8px;} .spoiler {color:#BBBBBB;background:#BBBBBB;padding:0px 3px;} .spoiler:hover, .spoiler:active, .spoiler-shown {color:#000000;background:#E2E2E2;padding:0px 3px;} .spoiler a {color:#BBBBBB;} .spoiler:hover a, .spoiler:active a, .spoiler-shown a {color:#2288CC;} .chat code, .chat .spoiler:hover code, .chat .spoiler:active code, .chat .spoiler-shown code {border:1px solid #C0C0C0;background:#EEEEEE;color:black;padding:0 2px;} .chat .spoiler code {border:1px solid #CCCCCC;background:#CCCCCC;color:#CCCCCC;} .battle-log .rated {padding:3px 4px;} .battle-log .rated strong {color:white;background:#89A;padding:1px 4px;border-radius:4px;} .spacer {margin-top:0.5em;} .message-announce {background:#6688AA;color:white;padding:1px 4px 2px;} .message-announce a, .broadcast-green a, .broadcast-blue a, .broadcast-red a {color:#DDEEFF;} .broadcast-green {background-color:#559955;color:white;padding:2px 4px;} .broadcast-blue {background-color:#6688AA;color:white;padding:2px 4px;} .infobox {border:1px solid #6688AA;padding:2px 4px;} .infobox-limited {max-height:200px;overflow:auto;overflow-x:hidden;} .broadcast-red {background-color:#AA5544;color:white;padding:2px 4px;} .message-learn-canlearn {font-weight:bold;color:#228822;text-decoration:underline;} .message-learn-cannotlearn {font-weight:bold;color:#CC2222;text-decoration:underline;} .message-effect-weak {font-weight:bold;color:#CC2222;} .message-effect-resist {font-weight:bold;color:#6688AA;} .message-effect-immune {font-weight:bold;color:#666666;} .message-learn-list {margin-top:0;margin-bottom:0;} .message-throttle-notice, .message-error {color:#992222;} .message-overflow, .chat small.message-overflow {font-size:0pt;} .message-overflow::before {font-size:9pt;content:'...';} .subtle {color:#3A4A66;}
</style>
<div class="wrapper replay-wrapper" style="max-width:1180px;margin:0 auto">
<input type="hidden" name="replayid" value="pu-575831458" />
<div class="battle"></div><div class="battle-log"></div><div class="replay-controls"></div><div class="replay-controls-2"></div>
<h1 style="font-weight:normal;text-align:center"><strong>PU</strong><br /><a href="http://pokemonshowdown.com/users/tukutukutu" class="subtle" target="_blank">tukutukutu</a> vs. <a href="http://pokemonshowdown.com/users/beefdreams" class="subtle" target="_blank">beefdreams</a></h1>
<script type="text/plain" class="battle-log-data">|j|tukutukutu
|j|beefdreams
|player|p1|tukutukutu|43
|player|p2|beefdreams|1
|gametype|singles
|gen|6
|tier|PU
|rated
|seed|36318,12473,34319,9539
|rule|Sleep Clause Mod: Limit one foe put to sleep
|rule|Species Clause: Limit one of each Pokémon
|rule|OHKO Clause: OHKO moves are banned
|rule|Moody Clause: Moody is banned
|rule|Evasion Moves Clause: Evasion moves are banned
|rule|Endless Battle Clause: Forcing endless battles is banned
|rule|HP Percentage Mod: HP is shown in percentages
|clearpoke
|poke|p1|Eelektrik, F|item
|poke|p1|Lumineon, M|item
|poke|p1|Monferno, F|item
|poke|p1|Misdreavus, F|item
|poke|p1|Simipour, F|item
|poke|p1|Probopass, F|item
|poke|p2|Vullaby, F|item
|poke|p2|Altaria, F|item
|poke|p2|Ursaring, M|item
|poke|p2|Bronzor|item
|poke|p2|Grumpig, M|item
|poke|p2|Leafeon, M|item
|rule|Swagger Clause: Swagger is banned
|rule|Baton Pass Clause: Limit one Baton Passer, can't pass Spe and other stats simultaneously
|teampreview
|c|☆tukutukutu|glhf
|c|☆beefdreams|u2
|choice|team 4, team 2, team 3, team 1, team 5, team 6|team 4, team 2, team 3, team 1, team 5, team 6
|
|start
|switch|p1a: Misdreavus|Misdreavus, F|324\/324
|switch|p2a: Bronzor|Bronzor|318\/318
|turn|1
|choice|move thunderwave|move toxic
|
|move|p1a: Misdreavus|Thunder Wave|p2a: Bronzor
|-status|p2a: Bronzor|par
|move|p2a: Bronzor|Toxic|p1a: Misdreavus
|-status|p1a: Misdreavus|tox
|
|-damage|p1a: Misdreavus|304\/324 tox|[from] psn
|upkeep
|turn|2
|choice|move taunt|move stealthrock
|
|move|p1a: Misdreavus|Taunt|p2a: Bronzor
|-start|p2a: Bronzor|move: Taunt
|cant|p2a: Bronzor|move: Taunt|Stealth Rock
|
|-damage|p1a: Misdreavus|264\/324 tox|[from] psn
|upkeep
|turn|3
|choice|switch 4|move psywave
|
|switch|p1a: Eelektrik|Eelektrik, F|334\/334
|cant|p2a: Bronzor|par
|
|upkeep
|turn|4
|choice|move knockoff|switch 2
|
|switch|p2a: Altaria|Altaria, F|353\/353
|move|p1a: Eelektrik|Knock Off|p2a: Altaria
|-damage|p2a: Altaria|292\/353
|-enditem|p2a: Altaria|Leftovers|[from] move: Knock Off|[of] p1a: Eelektrik
|
|upkeep
|turn|5
|choice|move superfang|move perishsong
|
|move|p2a: Altaria|Perish Song|p2a: Altaria
|-start|p1a: Eelektrik|perish3|[silent]
|-start|p2a: Altaria|perish3|[silent]
|-fieldactivate|move: Perish Song
|move|p1a: Eelektrik|Super Fang|p2a: Altaria|[miss]
|-miss|p1a: Eelektrik|p2a: Altaria
|
|-start|p2a: Altaria|perish3
|-start|p1a: Eelektrik|perish3
|upkeep
|turn|6
|choice|switch 2|move healbell
|
|switch|p1a: Lumineon|Lumineon, M|330\/330
|move|p2a: Altaria|Heal Bell|p2a: Altaria
|-activate|p2a: Altaria|move: Heal Bell
|-curestatus|p2: Bronzor|par|[msg]
|
|-start|p2a: Altaria|perish2
|upkeep
|turn|7
|choice|move uturn|switch 2
|
|switch|p2a: Bronzor|Bronzor|318\/318
|move|p1a: Lumineon|U-turn|p2a: Bronzor
|-damage|p2a: Bronzor|295\/318
|choice|switch 5|
|
|switch|p1a: Simipour|Simipour, F|291\/291
|
|upkeep
|turn|8
|choice|move knockoff|switch 3
|
|switch|p2a: Ursaring|Ursaring, M|383\/383
|move|p1a: Simipour|Knock Off|p2a: Ursaring
|-damage|p2a: Ursaring|291\/383
|-enditem|p2a: Ursaring|Leftovers|[from] move: Knock Off|[of] p1a: Simipour
|
|upkeep
|turn|9
|choice|switch 6|switch 3
|
|switch|p1a: Probopass|Probopass, F|261\/261
|-item|p1a: Probopass|Air Balloon
|switch|p2a: Bronzor|Bronzor|295\/318
|
|upkeep
|turn|10
|choice|move taunt|move stealthrock
|
|move|p1a: Probopass|Taunt|p2a: Bronzor
|-start|p2a: Bronzor|move: Taunt
|cant|p2a: Bronzor|move: Taunt|Stealth Rock
|
|upkeep
|turn|11
|choice|move stealthrock|move psywave
|
|move|p1a: Probopass|Stealth Rock|p2a: Bronzor
|-sidestart|p2: beefdreams|move: Stealth Rock
|move|p2a: Bronzor|Psywave|p1a: Probopass
|-damage|p1a: Probopass|132\/261
|-enditem|p1a: Probopass|Air Balloon
|
|upkeep
|turn|12
|choice|switch 2|move psywave
|
|switch|p1a: Eelektrik|Eelektrik, F|334\/334
|move|p2a: Bronzor|Psywave|p1a: Eelektrik
|-damage|p1a: Eelektrik|216\/334
|
|-end|p2a: Bronzor|move: Taunt
|upkeep
|turn|13
|choice|move superfang|switch 6
|
|switch|p2a: Leafeon|Leafeon, M|271\/271
|-damage|p2a: Leafeon|238\/271|[from] stealthrock
|move|p1a: Eelektrik|Super Fang|p2a: Leafeon
|-damage|p2a: Leafeon|119\/271
|
|-heal|p2a: Leafeon|135\/271|[from] item: Leftovers
|upkeep
|turn|14
|choice|switch 3|move synthesis
|
|switch|p1a: Monferno|Monferno, F|269\/269
|move|p2a: Leafeon|Synthesis|p2a: Leafeon
|-heal|p2a: Leafeon|270\/271
|
|-heal|p2a: Leafeon|271\/271|[from] item: Leftovers
|upkeep
|turn|15
|choice|switch 3|switch 2
|
|switch|p2a: Altaria|Altaria, F|292\/353
|-damage|p2a: Altaria|204\/353|[from] stealthrock
|switch|p1a: Eelektrik|Eelektrik, F|216\/334
|
|upkeep
|turn|16
|choice|move superfang|move roost
|
|move|p2a: Altaria|Roost|p2a: Altaria
|-heal|p2a: Altaria|353\/353
|move|p1a: Eelektrik|Super Fang|p2a: Altaria
|-damage|p2a: Altaria|177\/353
|
|upkeep
|turn|17
|choice|move coil|move roost
|
|move|p2a: Altaria|Roost|p2a: Altaria
|-heal|p2a: Altaria|353\/353
|move|p1a: Eelektrik|Coil|p1a: Eelektrik
|-boost|p1a: Eelektrik|atk|1
|-boost|p1a: Eelektrik|def|1
|-boost|p1a: Eelektrik|accuracy|1
|
|upkeep
|turn|18
|choice|move irontail|move perishsong
|
|move|p2a: Altaria|Perish Song|p2a: Altaria
|-start|p1a: Eelektrik|perish3|[silent]
|-start|p2a: Altaria|perish3|[silent]
|-fieldactivate|move: Perish Song
|move|p1a: Eelektrik|Iron Tail|p2a: Altaria
|-damage|p2a: Altaria|266\/353
|
|-start|p2a: Altaria|perish3
|-start|p1a: Eelektrik|perish3
|upkeep
|turn|19
|choice|move superfang|switch 4
|
|switch|p2a: Vullaby|Vullaby, F|343\/343
|-damage|p2a: Vullaby|258\/343|[from] stealthrock
|move|p1a: Eelektrik|Super Fang|p2a: Vullaby
|-damage|p2a: Vullaby|129\/343
|
|-start|p1a: Eelektrik|perish2
|upkeep
|turn|20
|choice|move knockoff|move defog
|
|move|p2a: Vullaby|Defog|p1a: Eelektrik
|-unboost|p1a: Eelektrik|evasion|1
|-sideend|p2: beefdreams|stealthrock|[from] move: Defog|[of] p2a: Vullaby
|move|p1a: Eelektrik|Knock Off|p2a: Vullaby
|-resisted|p2a: Vullaby
|-damage|p2a: Vullaby|101\/343
|-enditem|p2a: Vullaby|Eviolite|[from] move: Knock Off|[of] p1a: Eelektrik
|
|-start|p1a: Eelektrik|perish1
|upkeep
|turn|21
|choice|switch 2|move knockoff
|
|switch|p1a: Probopass|Probopass, F|132\/261
|move|p2a: Vullaby|Knock Off|p1a: Probopass
|-damage|p1a: Probopass|98\/261
|
|upkeep
|turn|22
|choice|move stealthrock|move roost
|
|move|p1a: Probopass|Stealth Rock|p2a: Vullaby
|-sidestart|p2: beefdreams|move: Stealth Rock
|move|p2a: Vullaby|Roost|p2a: Vullaby
|-heal|p2a: Vullaby|273\/343
|
|upkeep
|turn|23
|choice|move taunt|switch 5
|
|switch|p2a: Grumpig|Grumpig, M|321\/321
|-damage|p2a: Grumpig|281\/321|[from] stealthrock
|move|p1a: Probopass|Taunt|p2a: Grumpig
|-start|p2a: Grumpig|move: Taunt
|
|-heal|p2a: Grumpig|301\/321|[from] item: Leftovers
|upkeep
|turn|24
|choice|switch 2|move focusblast
|
|switch|p1a: Eelektrik|Eelektrik, F|216\/334
|move|p2a: Grumpig|Focus Blast|p1a: Eelektrik
|-damage|p1a: Eelektrik|149\/334
|
|-heal|p2a: Grumpig|321\/321|[from] item: Leftovers
|upkeep
|turn|25
|choice|switch 6|switch 2
|
|switch|p2a: Leafeon|Leafeon, M|271\/271
|-damage|p2a: Leafeon|238\/271|[from] stealthrock
|switch|p1a: Simipour|Simipour, F|291\/291
|
|-heal|p2a: Leafeon|254\/271|[from] item: Leftovers
|upkeep
|turn|26
|choice|switch 2|switch 3
|
|switch|p1a: Probopass|Probopass, F|98\/261
|switch|p2a: Ursaring|Ursaring, M|291\/383
|-damage|p2a: Ursaring|244\/383|[from] stealthrock
|
|upkeep
|turn|27
|choice|move taunt|move return
|
|move|p1a: Probopass|Taunt|p2a: Ursaring
|-start|p2a: Ursaring|move: Taunt
|move|p2a: Ursaring|Return|p1a: Probopass
|-resisted|p1a: Probopass
|-damage|p1a: Probopass|71\/261
|
|upkeep
|turn|28
|choice|move flashcannon|move return
|
|move|p1a: Probopass|Flash Cannon|p2a: Ursaring
|-damage|p2a: Ursaring|159\/383
|-unboost|p2a: Ursaring|spd|1
|move|p2a: Ursaring|Return|p1a: Probopass
|-resisted|p1a: Probopass
|-damage|p1a: Probopass|42\/261
|
|upkeep
|turn|29
|choice|move flashcannon|switch 5
|
|switch|p2a: Vullaby|Vullaby, F|273\/343
|-damage|p2a: Vullaby|188\/343|[from] stealthrock
|move|p1a: Probopass|Flash Cannon|p2a: Vullaby
|-crit|p2a: Vullaby
|-damage|p2a: Vullaby|0 fnt
|faint|p2a: Vullaby
|
|upkeep
|c|☆tukutukutu|Sorry
|choice||switch 2
|
|switch|p2a: Grumpig|Grumpig, M|321\/321
|-damage|p2a: Grumpig|281\/321|[from] stealthrock
|turn|30
|choice|move flashcannon|move substitute
|
|move|p2a: Grumpig|Substitute|p2a: Grumpig
|-start|p2a: Grumpig|Substitute
|-damage|p2a: Grumpig|201\/321
|move|p1a: Probopass|Flash Cannon|p2a: Grumpig
|-end|p2a: Grumpig|Substitute
|
|-heal|p2a: Grumpig|221\/321|[from] item: Leftovers
|upkeep
|turn|31
|choice|switch 5|move calmmind
|
|switch|p1a: Lumineon|Lumineon, M|330\/330
|move|p2a: Grumpig|Calm Mind|p2a: Grumpig
|-boost|p2a: Grumpig|spa|1
|-boost|p2a: Grumpig|spd|1
|
|-heal|p2a: Grumpig|241\/321|[from] item: Leftovers
|upkeep
|turn|32
|choice|move uturn|move substitute
|
|move|p2a: Grumpig|Substitute|p2a: Grumpig
|-start|p2a: Grumpig|Substitute
|-damage|p2a: Grumpig|161\/321
|move|p1a: Lumineon|U-turn|p2a: Grumpig
|-supereffective|p2a: Grumpig
|-end|p2a: Grumpig|Substitute
|choice|switch 2|
|
|switch|p1a: Simipour|Simipour, F|291\/291
|
|-heal|p2a: Grumpig|181\/321|[from] item: Leftovers
|upkeep
|turn|33
|choice|move knockoff|switch 4
|
|switch|p2a: Altaria|Altaria, F|266\/353
|-damage|p2a: Altaria|178\/353|[from] stealthrock
|move|p1a: Simipour|Knock Off|p2a: Altaria
|-damage|p2a: Altaria|137\/353
|
|upkeep
|turn|34
|choice|switch 5|move roost
|
|switch|p1a: Probopass|Probopass, F|42\/261
|move|p2a: Altaria|Roost|p2a: Altaria
|-heal|p2a: Altaria|314\/353
|
|upkeep
|turn|35
|choice|move taunt|move dragonpulse
|
|move|p2a: Altaria|Dragon Pulse|p1a: Probopass
|-resisted|p1a: Probopass
|-damage|p1a: Probopass|16\/261
|move|p1a: Probopass|Taunt|p2a: Altaria
|-start|p2a: Altaria|move: Taunt
|
|upkeep
|turn|36
|choice|switch 2|move dragonpulse
|
|switch|p1a: Lumineon|Lumineon, M|330\/330
|move|p2a: Altaria|Dragon Pulse|p1a: Lumineon
|-crit|p1a: Lumineon
|-damage|p1a: Lumineon|200\/330
|
|-heal|p1a: Lumineon|220\/330|[from] item: Leftovers
|upkeep
|turn|37
|choice|move uturn|move dragonpulse
|
|move|p1a: Lumineon|U-turn|p2a: Altaria
|-resisted|p2a: Altaria
|-damage|p2a: Altaria|299\/353
|choice|switch 5|
|
|switch|p1a: Simipour|Simipour, F|291\/291
|move|p2a: Altaria|Dragon Pulse|p1a: Simipour
|-damage|p1a: Simipour|162\/291
|
|upkeep
|turn|38
|choice|move icebeam|switch 4
|
|switch|p2a: Grumpig|Grumpig, M|181\/321
|-damage|p2a: Grumpig|141\/321|[from] stealthrock
|move|p1a: Simipour|Ice Beam|p2a: Grumpig
|-damage|p2a: Grumpig|101\/321
|
|-heal|p2a: Grumpig|121\/321|[from] item: Leftovers
|upkeep
|turn|39
|choice|switch 6|move psyshock
|
|switch|p1a: Eelektrik|Eelektrik, F|149\/334
|move|p2a: Grumpig|Psyshock|p1a: Eelektrik
|-damage|p1a: Eelektrik|53\/334
|
|-heal|p2a: Grumpig|141\/321|[from] item: Leftovers
|upkeep
|turn|40
|choice|move knockoff|move psyshock
|
|move|p2a: Grumpig|Psyshock|p1a: Eelektrik
|-damage|p1a: Eelektrik|0 fnt
|faint|p1a: Eelektrik
|
|-heal|p2a: Grumpig|161\/321|[from] item: Leftovers
|upkeep
|choice|switch 4|
|
|switch|p1a: Misdreavus|Misdreavus, F|264\/324 tox
|turn|41
|choice|move taunt|switch 5
|
|switch|p2a: Ursaring|Ursaring, M|159\/383
|-damage|p2a: Ursaring|112\/383|[from] stealthrock
|move|p1a: Misdreavus|Taunt|p2a: Ursaring
|-start|p2a: Ursaring|move: Taunt
|
|-damage|p1a: Misdreavus|244\/324 tox|[from] psn
|upkeep
|turn|42
|choice|move thunderwave|move return
|
|move|p1a: Misdreavus|Thunder Wave|p2a: Ursaring
|-status|p2a: Ursaring|par
|move|p2a: Ursaring|Return|p1a: Misdreavus
|-immune|p1a: Misdreavus|[msg]
|
|-damage|p1a: Misdreavus|204\/324 tox|[from] psn
|upkeep
|turn|43
|choice|move hiddenpower|move return
|
|move|p1a: Misdreavus|Hidden Power|p2a: Ursaring
|-supereffective|p2a: Ursaring
|-damage|p2a: Ursaring|40\/383 par
|move|p2a: Ursaring|Return|p1a: Misdreavus
|-immune|p1a: Misdreavus|[msg]
|
|-damage|p1a: Misdreavus|144\/324 tox|[from] psn
|-end|p2a: Ursaring|move: Taunt
|upkeep
|turn|44
|choice|move hiddenpower|move return
|
|move|p1a: Misdreavus|Hidden Power|p2a: Ursaring
|-supereffective|p2a: Ursaring
|-damage|p2a: Ursaring|0 fnt
|faint|p2a: Ursaring
|
|-damage|p1a: Misdreavus|64\/324 tox|[from] psn
|upkeep
|choice||switch 3
|
|switch|p2a: Leafeon|Leafeon, M|254\/271
|-damage|p2a: Leafeon|221\/271|[from] stealthrock
|turn|45
|choice|switch 2|move knockoff
|
|switch|p1a: Probopass|Probopass, F|16\/261
|move|p2a: Leafeon|Knock Off|p1a: Probopass
|-crit|p1a: Probopass
|-damage|p1a: Probopass|0 fnt
|faint|p1a: Probopass
|
|-heal|p2a: Leafeon|237\/271|[from] item: Leftovers
|upkeep
|choice|switch 3|
|
|switch|p1a: Monferno|Monferno, F|269\/269
|turn|46
|choice|move flareblitz|switch 4
|
|switch|p2a: Altaria|Altaria, F|299\/353
|-damage|p2a: Altaria|211\/353|[from] stealthrock
|move|p1a: Monferno|Flare Blitz|p2a: Altaria
|-resisted|p2a: Altaria
|-damage|p2a: Altaria|142\/353
|-status|p2a: Altaria|brn
|-damage|p1a: Monferno|246\/269|[from] Recoil|[of] p2a: Altaria
|
|-damage|p2a: Altaria|98\/353 brn|[from] brn
|upkeep
|turn|47
|choice|move swordsdance|move roost
|
|move|p1a: Monferno|Swords Dance|p1a: Monferno
|-boost|p1a: Monferno|atk|2
|move|p2a: Altaria|Roost|p2a: Altaria
|-heal|p2a: Altaria|275\/353 brn
|
|-damage|p2a: Altaria|231\/353 brn|[from] brn
|upkeep
|turn|48
|choice|move flareblitz|move perishsong
|
|move|p1a: Monferno|Flare Blitz|p2a: Altaria
|-resisted|p2a: Altaria
|-damage|p2a: Altaria|82\/353 brn
|-damage|p1a: Monferno|197\/269|[from] Recoil|[of] p2a: Altaria
|move|p2a: Altaria|Perish Song|p2a: Altaria
|-start|p1a: Monferno|perish3|[silent]
|-start|p2a: Altaria|perish3|[silent]
|-fieldactivate|move: Perish Song
|
|-damage|p2a: Altaria|38\/353 brn|[from] brn
|-start|p1a: Monferno|perish3
|-start|p2a: Altaria|perish3
|upkeep
|turn|49
|choice|move machpunch|move roost
|
|move|p1a: Monferno|Mach Punch|p2a: Altaria
|-resisted|p2a: Altaria
|-damage|p2a: Altaria|0 fnt
|faint|p2a: Altaria
|
|-start|p1a: Monferno|perish2
|upkeep
|choice||switch 5
|
|switch|p2a: Grumpig|Grumpig, M|161\/321
|-damage|p2a: Grumpig|121\/321|[from] stealthrock
|turn|50
|choice|switch 5|move psyshock
|
|switch|p1a: Lumineon|Lumineon, M|220\/330
|move|p2a: Grumpig|Psyshock|p1a: Lumineon
|-damage|p1a: Lumineon|127\/330
|
|-heal|p2a: Grumpig|141\/321|[from] item: Leftovers
|-heal|p1a: Lumineon|147\/330|[from] item: Leftovers
|upkeep
|turn|51
|choice|move uturn|move psyshock
|
|move|p2a: Grumpig|Psyshock|p1a: Lumineon
|-damage|p1a: Lumineon|53\/330
|move|p1a: Lumineon|U-turn|p2a: Grumpig
|-supereffective|p2a: Grumpig
|-damage|p2a: Grumpig|41\/321
|choice|switch 2|
|
|switch|p1a: Misdreavus|Misdreavus, F|64\/324 tox
|
|-heal|p2a: Grumpig|61\/321|[from] item: Leftovers
|-damage|p1a: Misdreavus|44\/324 tox|[from] psn
|upkeep
|turn|52
|choice|move hex|move psyshock
|
|move|p1a: Misdreavus|Hex|p2a: Grumpig
|-supereffective|p2a: Grumpig
|-damage|p2a: Grumpig|0 fnt
|faint|p2a: Grumpig
|
|-damage|p1a: Misdreavus|4\/324 tox|[from] psn
|upkeep
|choice||switch 4
|
|switch|p2a: Leafeon|Leafeon, M|237\/271
|-damage|p2a: Leafeon|204\/271|[from] stealthrock
|turn|53
|choice|switch 2|move knockoff
|
|switch|p1a: Lumineon|Lumineon, M|53\/330
|move|p2a: Leafeon|Knock Off|p1a: Lumineon
|-damage|p1a: Lumineon|0 fnt
|-enditem|p1a: Lumineon|Leftovers|[from] move: Knock Off|[of] p2a: Leafeon
|faint|p1a: Lumineon
|
|-heal|p2a: Leafeon|220\/271|[from] item: Leftovers
|upkeep
|choice|switch 5|
|
|switch|p1a: Monferno|Monferno, F|197\/269
|turn|54
|choice|move flareblitz|move knockoff
|
|move|p2a: Leafeon|Knock Off|p1a: Monferno
|-resisted|p1a: Monferno
|-damage|p1a: Monferno|144\/269
|-enditem|p1a: Monferno|Eviolite|[from] move: Knock Off|[of] p2a: Leafeon
|move|p1a: Monferno|Flare Blitz|p2a: Leafeon
|-supereffective|p2a: Leafeon
|-damage|p2a: Leafeon|0 fnt
|-damage|p1a: Monferno|71\/269|[from] Recoil|[of] p2a: Leafeon
|faint|p2a: Leafeon
|
|upkeep
|choice||switch 6
|
|switch|p2a: Bronzor|Bronzor|295\/318
|-damage|p2a: Bronzor|276\/318|[from] stealthrock
|turn|55
|choice|move flareblitz|move rest
|
|move|p1a: Monferno|Flare Blitz|p2a: Bronzor
|-supereffective|p2a: Bronzor
|-damage|p2a: Bronzor|88\/318
|-damage|p1a: Monferno|9\/269|[from] Recoil|[of] p2a: Bronzor
|move|p2a: Bronzor|Rest|p2a: Bronzor
|-status|p2a: Bronzor|slp
|-heal|p2a: Bronzor|318\/318 slp|[silent]
|-status|p2a: Bronzor|slp|[from] move: Rest
|
|upkeep
|turn|56
|choice|switch 6|move rest
|
|switch|p1a: Simipour|Simipour, F|162\/291
|cant|p2a: Bronzor|slp
|
|upkeep
|turn|57
|choice|move knockoff|move stealthrock
|
|move|p1a: Simipour|Knock Off|p2a: Bronzor
|-supereffective|p2a: Bronzor
|-damage|p2a: Bronzor|236\/318 slp
|-enditem|p2a: Bronzor|Eviolite|[from] move: Knock Off|[of] p1a: Simipour
|cant|p2a: Bronzor|slp
|
|upkeep
|turn|58
|choice|switch 6|move stealthrock
|
|switch|p1a: Monferno|Monferno, F|9\/269
|-curestatus|p2a: Bronzor|slp|[msg]
|move|p2a: Bronzor|Stealth Rock|p1a: Monferno
|-sidestart|p1: tukutukutu|move: Stealth Rock
|
|upkeep
|turn|59
|choice|move flareblitz|move rest
|
|move|p1a: Monferno|Flare Blitz|p2a: Bronzor
|-supereffective|p2a: Bronzor
|-damage|p2a: Bronzor|0 fnt
|-damage|p1a: Monferno|0 fnt|[from] Recoil|[of] p2a: Bronzor
|faint|p2a: Bronzor
|faint|p1a: Monferno
|
|win|tukutukutu
|c|☆tukutukutu|gg
|c|☆beefdreams|gg
|raw|tukutukutu's rating: 1190 &rarr; <strong>1230<\/strong><br \/>(+40 for winning)
|raw|beefdreams's rating: 1451 &rarr; <strong>1419<\/strong><br \/>(-32 for losing)</script>
</div>
<div class="battle-log battle-log-inline"><div class="inner"><div class="battle-options"></div><div class="inner"><div class="chat"><small>tukutukutu joined.</small></div><div class="chat"><small>beefdreams joined.</small></div><div class=""><small>Format:</small> <br><strong>PU</strong></div><div class="rated"><strong>Rated battle</strong></div><div class=""><small><em>Sleep Clause Mod:</em> Limit one foe put to sleep</small></div><div class=""><small><em>Species Clause:</em> Limit one of each Pokémon</small></div><div class=""><small><em>OHKO Clause:</em> OHKO moves are banned</small></div><div class=""><small><em>Moody Clause:</em> Moody is banned</small></div><div class=""><small><em>Evasion Moves Clause:</em> Evasion moves are banned</small></div><div class=""><small><em>Endless Battle Clause:</em> Forcing endless battles is banned</small></div><div class=""><small><em>HP Percentage Mod:</em> HP is shown in percentages</small></div><div class=""><small><em>Swagger Clause:</em> Swagger is banned</small></div><div class=""><small><em>Baton Pass Clause:</em> Limit one Baton Passer, can't pass Spe and other stats simultaneously</small></div><div class="chat battle-history"><strong>tukutukutu's team:</strong> <em style="color:#445566;display:block;">Eelektrik / Lumineon / Monferno / Misdreavus / Simipour / Probopass</em></div><div class="chat battle-history"><strong>beefdreams's team:</strong> <em style="color:#445566;display:block;">Vullaby / Altaria / Ursaring / Bronzor / Grumpig / Leafeon</em></div><div class="chat chatmessage-tukutukutu"><strong style="color:hsl(250,53%,63.32816366333229%)"><small>☆</small><span class="username" data-name="tukutukutu">tukutukutu</span>:</strong> <em>glhf</em></div><div class="chat chatmessage-beefdreams"><strong style="color:hsl(50,83%,35%)"><small>☆</small><span class="username" data-name="beefdreams">beefdreams</span>:</strong> <em>u2</em></div><div class="spacer battle-history"><br></div><div class="battle-history">Battle started between tukutukutu and beefdreams!<br></div><div class="spacer battle-history"><br></div><div class="battle-history">Go! <strong>Misdreavus</strong>!<br></div><div class="spacer battle-history"><br></div><div class="battle-history">beefdreams sent out <strong>Bronzor</strong>!<br></div><div class="spacer battle-history"><br></div><h2 class="battle-history">Turn 1</h2><div class="spacer battle-history"><br></div><div class="battle-history">Misdreavus used <strong>Thunder Wave</strong>!<br></div><div class="battle-history"><small>The opposing Bronzor is paralyzed! It may be unable to move!</small><br></div><div class="spacer battle-history"><br></div><div class="battle-history">The opposing Bronzor used <strong>Toxic</strong>!<br></div><div class="battle-history"><small>Misdreavus was badly poisoned!</small><br></div><div class="spacer battle-history"><br></div><div class="battle-history"><small>Misdreavus was hurt by poison!</small><br></div><div class="spacer battle-history"><br></div><h2 class="battle-history">Turn 2</h2><div class="spacer battle-history"><br></div><div class="battle-history">Misdreavus used <strong>Taunt</strong>!<br></div><div class="battle-history"><small>The opposing Bronzor fell for the taunt!</small><br></div><div class="spacer battle-history"><br></div><div class="battle-history">The opposing Bronzor can't use Stealth Rock after the taunt!<br></div><div class="spacer battle-history"><br></div><div class="battle-history"><small>Misdreavus was hurt by poison!</small><br></div><div class="spacer battle-history"><br></div><h2 class="battle-history">Turn 3</h2><div class="spacer battle-history"><br></div><div class="battle-history">Misdreavus, come back!<br></div><div class="battle-history">Go! <strong>Eelektrik</strong>!<br></div><div class="spacer battle-history"><br></div><div class="battle-history">The opposing Bronzor is paralyzed! It can't move!<br></div><div class="spacer battle-history"><br></div><h2 class="battle-history">Turn 4</h2><div class="spacer battle-history"><br></div><div class="battle-history">beefdreams withdrew Bronzor!<br></div><div class="battle-history">beefdreams sent out <strong>Altaria</strong>!<br></div><div class="spacer battle-history"><br></div><div class="battle-history">Eelektrik used <strong>Knock Off</strong>!<br></div><div class="battle-history"><small>(The opposing Altaria lost <abbr title="−61/353">17.3%</abbr> of its health!)</small><br></div><div class="battle-history"><small>Eelektrik knocked off the opposing Altaria's Leftovers!</small><br></div><div class="spacer battle-history"><br></div><h2 class="battle-history">Turn 5</h2><div class="spacer battle-history"><br></div><div class="battle-history">The opposing Altaria used <strong>Perish Song</strong>!<br></div><div class="battle-history"><small>All Pokémon that heard the song will faint in three turns!</small><br></div><div class="spacer battle-history"><br></div><div class="battle-history">Eelektrik used <strong>Super Fang</strong>!<br></div><div class="battle-history"><small>The opposing Altaria avoided the attack!</small><br></div><div class="spacer battle-history"><br></div><div class="battle-history"><small>The opposing Altaria's perish count fell to 3.</small><br></div><div class="battle-history"><small>Eelektrik's perish count fell to 3.</small><br></div><div class="spacer battle-history"><br></div><h2 class="battle-history">Turn 6</h2><div class="spacer battle-history"><br></div><div class="battle-history">Eelektrik, come back!<br></div><div class="battle-history">Go! <strong>Lumineon</strong>!<br></div><div class="spacer battle-history"><br></div><div class="battle-history">The opposing Altaria used <strong>Heal Bell</strong>!<br></div><div class="battle-history"><small>A bell chimed!</small><br></div><div class="battle-history"><small>The opposing Bronzor was cured of paralysis.</small><br></div><div class="spacer battle-history"><br></div><div class="battle-history"><small>The opposing Altaria's perish count fell to 2.</small><br></div><div class="spacer battle-history"><br></div><h2 class="battle-history">Turn 7</h2><div class="spacer battle-history"><br></div><div class="battle-history">beefdreams withdrew Altaria!<br></div><div class="battle-history">beefdreams sent out <strong>Bronzor</strong>!<br></div><div class="spacer battle-history"><br></div><div class="battle-history">Lumineon used <strong>U-turn</strong>!<br></div><div class="battle-history"><small>(The opposing Bronzor lost <abbr title="−23/318">7.2%</abbr> of its health!)</small><br></div><div class="spacer battle-history"><br></div><div class="battle-history">Lumineon went back to tukutukutu!<br></div><div class="battle-history">Go! <strong>Simipour</strong>!<br></div><div class="spacer battle-history"><br></div><h2 class="battle-history">Turn 8</h2><div class="spacer battle-history"><br></div><div class="battle-history">beefdreams withdrew Bronzor!<br></div><div class="battle-history">beefdreams sent out <strong>Ursaring</strong>!<br></div><div class="spacer battle-history"><br></div><div class="battle-history">Simipour used <strong>Knock Off</strong>!<br></div><div class="battle-history"><small>(The opposing Ursaring lost <abbr title="−92/383">24.0%</abbr> of its health!)</small><br></div><div class="battle-history"><small>Simipour knocked off the opposing Ursaring's Leftovers!</small><br></div><div class="spacer battle-history"><br></div><h2 class="battle-history">Turn 9</h2><div class="spacer battle-history"><br></div><div class="battle-history">Simipour, come back!<br></div><div class="battle-history">Go! <strong>Probopass</strong>!<br></div><div class="battle-history"><small>Probopass floats in the air with its Air Balloon!</small><br></div><div class="spacer battle-history"><br></div><div class="battle-history">beefdreams withdrew Ursaring!<br></div><div class="battle-history">beefdreams sent out <strong>Bronzor</strong>!<br></div><div class="spacer battle-history"><br></div><h2 class="battle-history">Turn 10</h2><div class="spacer battle-history"><br></div><div class="battle-history">Probopass used <strong>Taunt</strong>!<br></div><div class="battle-history"><small>The opposing Bronzor fell for the taunt!</small><br></div><div class="spacer battle-history"><br></div><div class="battle-history">The opposing Bronzor can't use Stealth Rock after the taunt!<br></div><div class="spacer battle-history"><br></div><h2 class="battle-history">Turn 11</h2><div class="spacer battle-history"><br></div><div class="battle-history">Probopass used <strong>Stealth Rock</strong>!<br></div><div class="battle-history"><small>Pointed stones float in the air around the opposing team!</small><br></div><div class="spacer battle-history"><br></div><div class="battle-history">The opposing Bronzor used <strong>Psywave</strong>!<br></div><div class="battle-history"><small>(Probopass lost <abbr title="−129/261">49.4%</abbr> of its health!)</small><br></div><div class="battle-history"><small>Probopass's Air Balloon popped!</small><br></div><div class="spacer battle-history"><br></div><h2 class="battle-history">Turn 12</h2><div class="spacer battle-history"><br></div><div class="battle-history">Probopass, come back!<br></div><div class="battle-history">Go! <strong>Eelektrik</strong>!<br></div><div class="spacer battle-history"><br></div><div class="battle-history">The opposing Bronzor used <strong>Psywave</strong>!<br></div><div class="battle-history"><small>(Eelektrik lost <abbr title="−118/334">35.3%</abbr> of its health!)</small><br></div><div class="spacer battle-history"><br></div><div class="battle-history"><small>The opposing Bronzor's taunt wore off!</small><br></div><div class="spacer battle-history"><br></div><h2 class="battle-history">Turn 13</h2><div class="spacer battle-history"><br></div><div class="battle-history">beefdreams withdrew Bronzor!<br></div><div class="battle-history">beefdreams sent out <strong>Leafeon</strong>!<br></div><div class="battle-history"><small>Pointed stones dug into the opposing Leafeon!</small><br></div><div class="spacer battle-history"><br></div><div class="battle-history">Eelektrik used <strong>Super Fang</strong>!<br></div><div class="battle-history"><small>(The opposing Leafeon lost <abbr title="−119/271">43.9%</abbr> of its health!)</small><br></div><div class="spacer battle-history"><br></div><div class="battle-history"><small>The opposing Leafeon restored a little HP using its Leftovers!</small><br></div><div class="spacer battle-history"><br></div><h2 class="battle-history">Turn 14</h2><div class="spacer battle-history"><br></div><div class="battle-history">Eelektrik, come back!<br></div><div class="battle-history">Go! <strong>Monferno</strong>!<br></div><div class="spacer battle-history"><br></div><div class="battle-history">The opposing Leafeon used <strong>Synthesis</strong>!<br></div><div class="battle-history"><small>The opposing Leafeon restored its HP.</small><br></div><div class="spacer battle-history"><br></div><div class="battle-history"><small>The opposing Leafeon restored a little HP using its Leftovers!</small><br></div><div class="spacer battle-history"><br></div><h2 class="battle-history">Turn 15</h2><div class="spacer battle-history"><br></div><div class="battle-history">beefdreams withdrew Leafeon!<br></div><div class="battle-history">beefdreams sent out <strong>Altaria</strong>!<br></div><div class="battle-history"><small>Pointed stones dug into the opposing Altaria!</small><br></div><div class="spacer battle-history"><br></div><div class="battle-history">Monferno, come back!<br></div><div class="battle-history">Go! <strong>Eelektrik</strong>!<br></div><div class="spacer battle-history"><br></div><h2 class="battle-history">Turn 16</h2><div class="spacer battle-history"><br></div><div class="battle-history">The opposing Altaria used <strong>Roost</strong>!<br></div><div class="battle-history"><small>The opposing Altaria restored its HP.</small><br></div><div class="spacer battle-history"><br></div><div class="battle-history">Eelektrik used <strong>Super Fang</strong>!<br></div><div class="battle-history"><small>(The opposing Altaria lost <abbr title="−176/353">49.9%</abbr> of its health!)</small><br></div><div class="spacer battle-history"><br></div><h2 class="battle-history">Turn 17</h2><div class="spacer battle-history"><br></div><div class="battle-history">The opposing Altaria used <strong>Roost</strong>!<br></div><div class="battle-history"><small>The opposing Altaria restored its HP.</small><br></div><div class="spacer battle-history"><br></div><div class="battle-history">Eelektrik used <strong>Coil</strong>!<br></div><div class="battle-history"><small>Eelektrik's Attack rose!</small><br></div><div class="battle-history"><small>Eelektrik's Defense rose!</small><br></div><div class="battle-history"><small>Eelektrik's accuracy rose!</small><br></div><div class="spacer battle-history"><br></div><h2 class="battle-history">Turn 18</h2><div class="spacer battle-history"><br></div><div class="battle-history">The opposing Altaria used <strong>Perish Song</strong>!<br></div><div class="battle-history"><small>All Pokémon that heard the song will faint in three turns!</small><br></div><div class="spacer battle-history"><br></div><div class="battle-history">Eelektrik used <strong>Iron Tail</strong>!<br></div><div class="battle-history"><small>(The opposing Altaria lost <abbr title="−87/353">24.6%</abbr> of its health!)</small><br></div><div class="spacer battle-history"><br></div><div class="battle-history"><small>The opposing Altaria's perish count fell to 3.</small><br></div><div class="battle-history"><small>Eelektrik's perish count fell to 3.</small><br></div><div class="spacer battle-history"><br></div><h2 class="battle-history">Turn 19</h2><div class="spacer battle-history"><br></div><div class="battle-history">beefdreams withdrew Altaria!<br></div><div class="battle-history">beefdreams sent out <strong>Vullaby</strong>!<br></div><div class="battle-history"><small>Pointed stones dug into the opposing Vullaby!</small><br></div><div class="spacer battle-history"><br></div><div class="battle-history">Eelektrik used <strong>Super Fang</strong>!<br></div><div class="battle-history"><small>(The opposing Vullaby lost <abbr title="−129/343">37.6%</abbr> of its health!)</small><br></div><div class="spacer battle-history"><br></div><div class="battle-history"><small>Eelektrik's perish count fell to 2.</small><br></div><div class="spacer battle-history"><br></div><h2 class="battle-history">Turn 20</h2><div class="spacer battle-history"><br></div><div class="battle-history">The opposing Vullaby used <strong>Defog</strong>!<br></div><div class="battle-history"><small>Eelektrik's evasiveness fell!</small><br></div><div class="battle-history"><small>The pointed stones disappeared from around the opposing team!</small><br></div><div class="spacer battle-history"><br></div><div class="battle-history">Eelektrik used <strong>Knock Off</strong>!<br></div><div class="battle-history"><small>It's not very effective...</small><br></div><div class="battle-history"><small>(The opposing Vullaby lost <abbr title="−28/343">8.2%</abbr> of its health!)</small><br></div><div class="battle-history"><small>Eelektrik knocked off the opposing Vullaby's Eviolite!</small><br></div><div class="spacer battle-history"><br></div><div class="battle-history"><small>Eelektrik's perish count fell to 1.</small><br></div><div class="spacer battle-history"><br></div><h2 class="battle-history">Turn 21</h2><div class="spacer battle-history"><br></div><div class="battle-history">Eelektrik, come back!<br></div><div class="battle-history">Go! <strong>Probopass</strong>!<br></div><div class="spacer battle-history"><br></div><div class="battle-history">The opposing Vullaby used <strong>Knock Off</strong>!<br></div><div class="battle-history"><small>(Probopass lost <abbr title="−34/261">13.0%</abbr> of its health!)</small><br></div><div class="spacer battle-history"><br></div><h2 class="battle-history">Turn 22</h2><div class="spacer battle-history"><br></div><div class="battle-history">Probopass used <strong>Stealth Rock</strong>!<br></div><div class="battle-history"><small>Pointed stones float in the air around the opposing team!</small><br></div><div class="spacer battle-history"><br></div><div class="battle-history">The opposing Vullaby used <strong>Roost</strong>!<br></div><div class="battle-history"><small>The opposing Vullaby restored its HP.</small><br></div><div class="spacer battle-history"><br></div><h2 class="battle-history">Turn 23</h2><div class="spacer battle-history"><br></div><div class="battle-history">beefdreams withdrew Vullaby!<br></div><div class="battle-history">beefdreams sent out <strong>Grumpig</strong>!<br></div><div class="battle-history"><small>Pointed stones dug into the opposing Grumpig!</small><br></div><div class="spacer battle-history"><br></div><div class="battle-history">Probopass used <strong>Taunt</strong>!<br></div><div class="battle-history"><small>The opposing Grumpig fell for the taunt!</small><br></div><div class="spacer battle-history"><br></div><div class="battle-history"><small>The opposing Grumpig restored a little HP using its Leftovers!</small><br></div><div class="spacer battle-history"><br></div><h2 class="battle-history">Turn 24</h2><div class="spacer battle-history"><br></div><div class="battle-history">Probopass, come back!<br></div><div class="battle-history">Go! <strong>Eelektrik</strong>!<br></div><div class="spacer battle-history"><br></div><div class="battle-history">The opposing Grumpig used <strong>Focus Blast</strong>!<br></div><div class="battle-history"><small>(Eelektrik lost <abbr title="−67/334">20.1%</abbr> of its health!)</small><br></div><div class="spacer battle-history"><br></div><div class="battle-history"><small>The opposing Grumpig restored a little HP using its Leftovers!</small><br></div><div class="spacer battle-history"><br></div><h2 class="battle-history">Turn 25</h2><div class="spacer battle-history"><br></div><div class="battle-history">beefdreams withdrew Grumpig!<br></div><div class="battle-history">beefdreams sent out <strong>Leafeon</strong>!<br></div><div class="battle-history"><small>Pointed stones dug into the opposing Leafeon!</small><br></div><div class="spacer battle-history"><br></div><div class="battle-history">Eelektrik, come back!<br></div><div class="battle-history">Go! <strong>Simipour</strong>!<br></div><div class="spacer battle-history"><br></div><div class="battle-history"><small>The opposing Leafeon restored a little HP using its Leftovers!</small><br></div><div class="spacer battle-history"><br></div><h2 class="battle-history">Turn 26</h2><div class="spacer battle-history"><br></div><div class="battle-history">Simipour, come back!<br></div><div class="battle-history">Go! <strong>Probopass</strong>!<br></div><div class="spacer battle-history"><br></div><div class="battle-history">beefdreams withdrew Leafeon!<br></div><div class="battle-history">beefdreams sent out <strong>Ursaring</strong>!<br></div><div class="battle-history"><small>Pointed stones dug into the opposing Ursaring!</small><br></div><div class="spacer battle-history"><br></div><h2 class="battle-history">Turn 27</h2><div class="spacer battle-history"><br></div><div class="battle-history">Probopass used <strong>Taunt</strong>!<br></div><div class="battle-history"><small>The opposing Ursaring fell for the taunt!</small><br></div><div class="spacer battle-history"><br></div><div class="battle-history">The opposing Ursaring used <strong>Return</strong>!<br></div><div class="battle-history"><small>It's not very effective...</small><br></div><div class="battle-history"><small>(Probopass lost <abbr title="−27/261">10.3%</abbr> of its health!)</small><br></div><div class="spacer battle-history"><br></div><h2 class="battle-history">Turn 28</h2><div class="spacer battle-history"><br></div><div class="battle-history">Probopass used <strong>Flash Cannon</strong>!<br></div><div class="battle-history"><small>(The opposing Ursaring lost <abbr title="−85/383">22.2%</abbr> of its health!)</small><br></div><div class="battle-history"><small>The opposing Ursaring's Special Defense fell!</small><br></div><div class="spacer battle-history"><br></div><div class="battle-history">The opposing Ursaring used <strong>Return</strong>!<br></div><div class="battle-history"><small>It's not very effective...</small><br></div><div class="battle-history"><small>(Probopass lost <abbr title="−29/261">11.1%</abbr> of its health!)</small><br></div><div class="spacer battle-history"><br></div><h2 class="battle-history">Turn 29</h2><div class="spacer battle-history"><br></div><div class="battle-history">beefdreams withdrew Ursaring!<br></div><div class="battle-history">beefdreams sent out <strong>Vullaby</strong>!<br></div><div class="battle-history"><small>Pointed stones dug into the opposing Vullaby!</small><br></div><div class="spacer battle-history"><br></div><div class="battle-history">Probopass used <strong>Flash Cannon</strong>!<br></div><div class="battle-history"><small>A critical hit!</small><br></div><div class="battle-history"><small>(The opposing Vullaby lost <abbr title="−188/343">54.8%</abbr> of its health!)</small><br></div><div class="spacer battle-history"><br></div><div class="battle-history">The opposing Vullaby fainted!<br></div><div class="chat chatmessage-tukutukutu"><strong style="color:hsl(250,53%,63.32816366333229%)"><small>☆</small><span class="username" data-name="tukutukutu">tukutukutu</span>:</strong> <em>Sorry</em></div><div class="spacer battle-history"><br></div><div class="battle-history">beefdreams sent out <strong>Grumpig</strong>!<br></div><div class="battle-history"><small>Pointed stones dug into the opposing Grumpig!</small><br></div><div class="spacer battle-history"><br></div><h2 class="battle-history">Turn 30</h2><div class="spacer battle-history"><br></div><div class="battle-history">The opposing Grumpig used <strong>Substitute</strong>!<br></div><div class="battle-history"><small>The opposing Grumpig put in a substitute!</small><br></div><div class="battle-history"><small>(The opposing Grumpig lost <abbr title="−80/321">24.9%</abbr> of its health!)</small><br></div><div class="spacer battle-history"><br></div><div class="battle-history">Probopass used <strong>Flash Cannon</strong>!<br></div><div class="battle-history"><small>The opposing Grumpig's substitute faded!</small><br></div><div class="spacer battle-history"><br></div><div class="battle-history"><small>The opposing Grumpig restored a little HP using its Leftovers!</small><br></div><div class="spacer battle-history"><br></div><h2 class="battle-history">Turn 31</h2><div class="spacer battle-history"><br></div><div class="battle-history">Probopass, come back!<br></div><div class="battle-history">Go! <strong>Lumineon</strong>!<br></div><div class="spacer battle-history"><br></div><div class="battle-history">The opposing Grumpig used <strong>Calm Mind</strong>!<br></div><div class="battle-history"><small>The opposing Grumpig's Special Attack rose!</small><br></div><div class="battle-history"><small>The opposing Grumpig's Special Defense rose!</small><br></div><div class="spacer battle-history"><br></div><div class="battle-history"><small>The opposing Grumpig restored a little HP using its Leftovers!</small><br></div><div class="spacer battle-history"><br></div><h2 class="battle-history">Turn 32</h2><div class="spacer battle-history"><br></div><div class="battle-history">The opposing Grumpig used <strong>Substitute</strong>!<br></div><div class="battle-history"><small>The opposing Grumpig put in a substitute!</small><br></div><div class="battle-history"><small>(The opposing Grumpig lost <abbr title="−80/321">24.9%</abbr> of its health!)</small><br></div><div class="spacer battle-history"><br></div><div class="battle-history">Lumineon used <strong>U-turn</strong>!<br></div><div class="battle-history"><small>It's super effective!</small><br></div><div class="battle-history"><small>The opposing Grumpig's substitute faded!</small><br></div><div class="spacer battle-history"><br></div><div class="battle-history">Lumineon went back to tukutukutu!<br></div><div class="battle-history">Go! <strong>Simipour</strong>!<br></div><div class="spacer battle-history"><br></div><div class="battle-history"><small>The opposing Grumpig restored a little HP using its Leftovers!</small><br></div><div class="spacer battle-history"><br></div><h2 class="battle-history">Turn 33</h2><div class="spacer battle-history"><br></div><div class="battle-history">beefdreams withdrew Grumpig!<br></div><div class="battle-history">beefdreams sent out <strong>Altaria</strong>!<br></div><div class="battle-history"><small>Pointed stones dug into the opposing Altaria!</small><br></div><div class="spacer battle-history"><br></div><div class="battle-history">Simipour used <strong>Knock Off</strong>!<br></div><div class="battle-history"><small>(The opposing Altaria lost <abbr title="−41/353">11.6%</abbr> of its health!)</small><br></div><div class="spacer battle-history"><br></div><h2 class="battle-history">Turn 34</h2><div class="spacer battle-history"><br></div><div class="battle-history">Simipour, come back!<br></div><div class="battle-history">Go! <strong>Probopass</strong>!<br></div><div class="spacer battle-history"><br></div><div class="battle-history">The opposing Altaria used <strong>Roost</strong>!<br></div><div class="battle-history"><small>The opposing Altaria restored its HP.</small><br></div><div class="spacer battle-history"><br></div><h2 class="battle-history">Turn 35</h2><div class="spacer battle-history"><br></div><div class="battle-history">The opposing Altaria used <strong>Dragon Pulse</strong>!<br></div><div class="battle-history"><small>It's not very effective...</small><br></div><div class="battle-history"><small>(Probopass lost <abbr title="−26/261">10.0%</abbr> of its health!)</small><br></div><div class="spacer battle-history"><br></div><div class="battle-history">Probopass used <strong>Taunt</strong>!<br></div><div class="battle-history"><small>The opposing Altaria fell for the taunt!</small><br></div><div class="spacer battle-history"><br></div><h2 class="battle-history">Turn 36</h2><div class="spacer battle-history"><br></div><div class="battle-history">Probopass, come back!<br></div><div class="battle-history">Go! <strong>Lumineon</strong>!<br></div><div class="spacer battle-history"><br></div><div class="battle-history">The opposing Altaria used <strong>Dragon Pulse</strong>!<br></div><div class="battle-history"><small>A critical hit!</small><br></div><div class="battle-history"><small>(Lumineon lost <abbr title="−130/330">39.4%</abbr> of its health!)</small><br></div><div class="spacer battle-history"><br></div><div class="battle-history"><small>Lumineon restored a little HP using its Leftovers!</small><br></div><div class="spacer battle-history"><br></div><h2 class="battle-history">Turn 37</h2><div class="spacer battle-history"><br></div><div class="battle-history">Lumineon used <strong>U-turn</strong>!<br></div><div class="battle-history"><small>It's not very effective...</small><br></div><div class="battle-history"><small>(The opposing Altaria lost <abbr title="−15/353">4.2%</abbr> of its health!)</small><br></div><div class="spacer battle-history"><br></div><div class="battle-history">Lumineon went back to tukutukutu!<br></div><div class="battle-history">Go! <strong>Simipour</strong>!<br></div><div class="spacer battle-history"><br></div><div class="battle-history">The opposing Altaria used <strong>Dragon Pulse</strong>!<br></div><div class="battle-history"><small>(Simipour lost <abbr title="−129/291">44.3%</abbr> of its health!)</small><br></div><div class="spacer battle-history"><br></div><h2 class="battle-history">Turn 38</h2><div class="spacer battle-history"><br></div><div class="battle-history">beefdreams withdrew Altaria!<br></div><div class="battle-history">beefdreams sent out <strong>Grumpig</strong>!<br></div><div class="battle-history"><small>Pointed stones dug into the opposing Grumpig!</small><br></div><div class="spacer battle-history"><br></div><div class="battle-history">Simipour used <strong>Ice Beam</strong>!<br></div><div class="battle-history"><small>(The opposing Grumpig lost <abbr title="−40/321">12.5%</abbr> of its health!)</small><br></div><div class="spacer battle-history"><br></div><div class="battle-history"><small>The opposing Grumpig restored a little HP using its Leftovers!</small><br></div><div class="spacer battle-history"><br></div><h2 class="battle-history">Turn 39</h2><div class="spacer battle-history"><br></div><div class="battle-history">Simipour, come back!<br></div><div class="battle-history">Go! <strong>Eelektrik</strong>!<br></div><div class="spacer battle-history"><br></div><div class="battle-history">The opposing Grumpig used <strong>Psyshock</strong>!<br></div><div class="battle-history"><small>(Eelektrik lost <abbr title="−96/334">28.7%</abbr> of its health!)</small><br></div><div class="spacer battle-history"><br></div><div class="battle-history"><small>The opposing Grumpig restored a little HP using its Leftovers!</small><br></div><div class="spacer battle-history"><br></div><h2 class="battle-history">Turn 40</h2><div class="spacer battle-history"><br></div><div class="battle-history">The opposing Grumpig used <strong>Psyshock</strong>!<br></div><div class="battle-history"><small>(Eelektrik lost <abbr title="−53/334">15.9%</abbr> of its health!)</small><br></div><div class="spacer battle-history"><br></div><div class="battle-history">Eelektrik fainted!<br></div><div class="spacer battle-history"><br></div><div class="battle-history"><small>The opposing Grumpig restored a little HP using its Leftovers!</small><br></div><div class="spacer battle-history"><br></div><div class="battle-history">Go! <strong>Misdreavus</strong>!<br></div><div class="spacer battle-history"><br></div><h2 class="battle-history">Turn 41</h2><div class="spacer battle-history"><br></div><div class="battle-history">beefdreams withdrew Grumpig!<br></div><div class="battle-history">beefdreams sent out <strong>Ursaring</strong>!<br></div><div class="battle-history"><small>Pointed stones dug into the opposing Ursaring!</small><br></div><div class="spacer battle-history"><br></div><div class="battle-history">Misdreavus used <strong>Taunt</strong>!<br></div><div class="battle-history"><small>The opposing Ursaring fell for the taunt!</small><br></div><div class="spacer battle-history"><br></div><div class="battle-history"><small>Misdreavus was hurt by poison!</small><br></div><div class="spacer battle-history"><br></div><h2 class="battle-history">Turn 42</h2><div class="spacer battle-history"><br></div><div class="battle-history">Misdreavus used <strong>Thunder Wave</strong>!<br></div><div class="battle-history"><small>The opposing Ursaring is paralyzed! It may be unable to move!</small><br></div><div class="spacer battle-history"><br></div><div class="battle-history">The opposing Ursaring used <strong>Return</strong>!<br></div><div class="battle-history"><small>It doesn't affect Misdreavus...</small><br></div><div class="spacer battle-history"><br></div><div class="battle-history"><small>Misdreavus was hurt by poison!</small><br></div><div class="spacer battle-history"><br></div><h2 class="battle-history">Turn 43</h2><div class="spacer battle-history"><br></div><div class="battle-history">Misdreavus used <strong>Hidden Power</strong>!<br></div><div class="battle-history"><small>It's super effective!</small><br></div><div class="battle-history"><small>(The opposing Ursaring lost <abbr title="−72/383">18.8%</abbr> of its health!)</small><br></div><div class="spacer battle-history"><br></div><div class="battle-history">The opposing Ursaring used <strong>Return</strong>!<br></div><div class="battle-history"><small>It doesn't affect Misdreavus...</small><br></div><div class="spacer battle-history"><br></div><div class="battle-history"><small>Misdreavus was hurt by poison!</small><br></div><div class="battle-history"><small>The opposing Ursaring's taunt wore off!</small><br></div><div class="spacer battle-history"><br></div><h2 class="battle-history">Turn 44</h2><div class="spacer battle-history"><br></div><div class="battle-history">Misdreavus used <strong>Hidden Power</strong>!<br></div><div class="battle-history"><small>It's super effective!</small><br></div><div class="battle-history"><small>(The opposing Ursaring lost <abbr title="−40/383">10.4%</abbr> of its health!)</small><br></div><div class="spacer battle-history"><br></div><div class="battle-history">The opposing Ursaring fainted!<br></div><div class="spacer battle-history"><br></div><div class="battle-history"><small>Misdreavus was hurt by poison!</small><br></div><div class="spacer battle-history"><br></div><div class="battle-history">beefdreams sent out <strong>Leafeon</strong>!<br></div><div class="battle-history"><small>Pointed stones dug into the opposing Leafeon!</small><br></div><div class="spacer battle-history"><br></div><h2 class="battle-history">Turn 45</h2><div class="spacer battle-history"><br></div><div class="battle-history">Misdreavus, come back!<br></div><div class="battle-history">Go! <strong>Probopass</strong>!<br></div><div class="spacer battle-history"><br></div><div class="battle-history">The opposing Leafeon used <strong>Knock Off</strong>!<br></div><div class="battle-history"><small>A critical hit!</small><br></div><div class="battle-history"><small>(Probopass lost <abbr title="−16/261">6.1%</abbr> of its health!)</small><br></div><div class="spacer battle-history"><br></div><div class="battle-history">Probopass fainted!<br></div><div class="spacer battle-history"><br></div><div class="battle-history"><small>The opposing Leafeon restored a little HP using its Leftovers!</small><br></div><div class="spacer battle-history"><br></div><div class="battle-history">Go! <strong>Monferno</strong>!<br></div><div class="spacer battle-history"><br></div><h2 class="battle-history">Turn 46</h2><div class="spacer battle-history"><br></div><div class="battle-history">beefdreams withdrew Leafeon!<br></div><div class="battle-history">beefdreams sent out <strong>Altaria</strong>!<br></div><div class="battle-history"><small>Pointed stones dug into the opposing Altaria!</small><br></div><div class="spacer battle-history"><br></div><div class="battle-history">Monferno used <strong>Flare Blitz</strong>!<br></div><div class="battle-history"><small>It's not very effective...</small><br></div><div class="battle-history"><small>(The opposing Altaria lost <abbr title="−69/353">19.5%</abbr> of its health!)</small><br></div><div class="battle-history"><small>The opposing Altaria was burned!</small><br></div><div class="battle-history"><small>Monferno is damaged by the recoil!</small><br></div><div class="spacer battle-history"><br></div><div class="battle-history"><small>The opposing Altaria was hurt by its burn!</small><br></div><div class="spacer battle-history"><br></div><h2 class="battle-history">Turn 47</h2><div class="spacer battle-history"><br></div><div class="battle-history">Monferno used <strong>Swords Dance</strong>!<br></div><div class="battle-history"><small>Monferno's Attack rose sharply!</small><br></div><div class="spacer battle-history"><br></div><div class="battle-history">The opposing Altaria used <strong>Roost</strong>!<br></div><div class="battle-history"><small>The opposing Altaria restored its HP.</small><br></div><div class="spacer battle-history"><br></div><div class="battle-history"><small>The opposing Altaria was hurt by its burn!</small><br></div><div class="spacer battle-history"><br></div><h2 class="battle-history">Turn 48</h2><div class="spacer battle-history"><br></div><div class="battle-history">Monferno used <strong>Flare Blitz</strong>!<br></div><div class="battle-history"><small>It's not very effective...</small><br></div><div class="battle-history"><small>(The opposing Altaria lost <abbr title="−149/353">42.2%</abbr> of its health!)</small><br></div><div class="battle-history"><small>Monferno is damaged by the recoil!</small><br></div><div class="spacer battle-history"><br></div><div class="battle-history">The opposing Altaria used <strong>Perish Song</strong>!<br></div><div class="battle-history"><small>All Pokémon that heard the song will faint in three turns!</small><br></div><div class="spacer battle-history"><br></div><div class="battle-history"><small>The opposing Altaria was hurt by its burn!</small><br></div><div class="battle-history"><small>Monferno's perish count fell to 3.</small><br></div><div class="battle-history"><small>The opposing Altaria's perish count fell to 3.</small><br></div><div class="spacer battle-history"><br></div><h2 class="battle-history">Turn 49</h2><div class="spacer battle-history"><br></div><div class="battle-history">Monferno used <strong>Mach Punch</strong>!<br></div><div class="battle-history"><small>It's not very effective...</small><br></div><div class="battle-history"><small>(The opposing Altaria lost <abbr title="−38/353">10.8%</abbr> of its health!)</small><br></div><div class="spacer battle-history"><br></div><div class="battle-history">The opposing Altaria fainted!<br></div><div class="spacer battle-history"><br></div><div class="battle-history"><small>Monferno's perish count fell to 2.</small><br></div><div class="spacer battle-history"><br></div><div class="battle-history">beefdreams sent out <strong>Grumpig</strong>!<br></div><div class="battle-history"><small>Pointed stones dug into the opposing Grumpig!</small><br></div><div class="spacer battle-history"><br></div><h2 class="battle-history">Turn 50</h2><div class="spacer battle-history"><br></div><div class="battle-history">Monferno, come back!<br></div><div class="battle-history">Go! <strong>Lumineon</strong>!<br></div><div class="spacer battle-history"><br></div><div class="battle-history">The opposing Grumpig used <strong>Psyshock</strong>!<br></div><div class="battle-history"><small>(Lumineon lost <abbr title="−93/330">28.2%</abbr> of its health!)</small><br></div><div class="spacer battle-history"><br></div><div class="battle-history"><small>The opposing Grumpig restored a little HP using its Leftovers!</small><br></div><div class="battle-history"><small>Lumineon restored a little HP using its Leftovers!</small><br></div><div class="spacer battle-history"><br></div><h2 class="battle-history">Turn 51</h2><div class="spacer battle-history"><br></div><div class="battle-history">The opposing Grumpig used <strong>Psyshock</strong>!<br></div><div class="battle-history"><small>(Lumineon lost <abbr title="−94/330">28.5%</abbr> of its health!)</small><br></div><div class="spacer battle-history"><br></div><div class="battle-history">Lumineon used <strong>U-turn</strong>!<br></div><div class="battle-history"><small>It's super effective!</small><br></div><div class="battle-history"><small>(The opposing Grumpig lost <abbr title="−100/321">31.2%</abbr> of its health!)</small><br></div><div class="spacer battle-history"><br></div><div class="battle-history">Lumineon went back to tukutukutu!<br></div><div class="battle-history">Go! <strong>Misdreavus</strong>!<br></div><div class="spacer battle-history"><br></div><div class="battle-history"><small>The opposing Grumpig restored a little HP using its Leftovers!</small><br></div><div class="battle-history"><small>Misdreavus was hurt by poison!</small><br></div><div class="spacer battle-history"><br></div><h2 class="battle-history">Turn 52</h2><div class="spacer battle-history"><br></div><div class="battle-history">Misdreavus used <strong>Hex</strong>!<br></div><div class="battle-history"><small>It's super effective!</small><br></div><div class="battle-history"><small>(The opposing Grumpig lost <abbr title="−61/321">19.0%</abbr> of its health!)</small><br></div><div class="spacer battle-history"><br></div><div class="battle-history">The opposing Grumpig fainted!<br></div><div class="spacer battle-history"><br></div><div class="battle-history"><small>Misdreavus was hurt by poison!</small><br></div><div class="spacer battle-history"><br></div><div class="battle-history">beefdreams sent out <strong>Leafeon</strong>!<br></div><div class="battle-history"><small>Pointed stones dug into the opposing Leafeon!</small><br></div><div class="spacer battle-history"><br></div><h2 class="battle-history">Turn 53</h2><div class="spacer battle-history"><br></div><div class="battle-history">Misdreavus, come back!<br></div><div class="battle-history">Go! <strong>Lumineon</strong>!<br></div><div class="spacer battle-history"><br></div><div class="battle-history">The opposing Leafeon used <strong>Knock Off</strong>!<br></div><div class="battle-history"><small>(Lumineon lost <abbr title="−53/330">16.1%</abbr> of its health!)</small><br></div><div class="battle-history"><small>The opposing Leafeon knocked off Lumineon's Leftovers!</small><br></div><div class="spacer battle-history"><br></div><div class="battle-history">Lumineon fainted!<br></div><div class="spacer battle-history"><br></div><div class="battle-history"><small>The opposing Leafeon restored a little HP using its Leftovers!</small><br></div><div class="spacer battle-history"><br></div><div class="battle-history">Go! <strong>Monferno</strong>!<br></div><div class="spacer battle-history"><br></div><h2 class="battle-history">Turn 54</h2><div class="spacer battle-history"><br></div><div class="battle-history">The opposing Leafeon used <strong>Knock Off</strong>!<br></div><div class="battle-history"><small>It's not very effective...</small><br></div><div class="battle-history"><small>(Monferno lost <abbr title="−53/269">19.7%</abbr> of its health!)</small><br></div><div class="battle-history"><small>The opposing Leafeon knocked off Monferno's Eviolite!</small><br></div><div class="spacer battle-history"><br></div><div class="battle-history">Monferno used <strong>Flare Blitz</strong>!<br></div><div class="battle-history"><small>It's super effective!</small><br></div><div class="battle-history"><small>(The opposing Leafeon lost <abbr title="−220/271">81.2%</abbr> of its health!)</small><br></div><div class="battle-history"><small>Monferno is damaged by the recoil!</small><br></div><div class="spacer battle-history"><br></div><div class="battle-history">The opposing Leafeon fainted!<br></div><div class="spacer battle-history"><br></div><div class="battle-history">beefdreams sent out <strong>Bronzor</strong>!<br></div><div class="battle-history"><small>Pointed stones dug into the opposing Bronzor!</small><br></div><div class="spacer battle-history"><br></div><h2 class="battle-history">Turn 55</h2><div class="spacer battle-history"><br></div><div class="battle-history">Monferno used <strong>Flare Blitz</strong>!<br></div><div class="battle-history"><small>It's super effective!</small><br></div><div class="battle-history"><small>(The opposing Bronzor lost <abbr title="−188/318">59.1%</abbr> of its health!)</small><br></div><div class="battle-history"><small>Monferno is damaged by the recoil!</small><br></div><div class="spacer battle-history"><br></div><div class="battle-history">The opposing Bronzor used <strong>Rest</strong>!<br></div><div class="battle-history"><small>The opposing Bronzor fell asleep!</small><br></div><div class="battle-history"><small>The opposing Bronzor slept and became healthy!</small><br></div><div class="spacer battle-history"><br></div><h2 class="battle-history">Turn 56</h2><div class="spacer battle-history"><br></div><div class="battle-history">Monferno, come back!<br></div><div class="battle-history">Go! <strong>Simipour</strong>!<br></div><div class="spacer battle-history"><br></div><div class="battle-history">The opposing Bronzor is fast asleep.<br></div><div class="spacer battle-history"><br></div><h2 class="battle-history">Turn 57</h2><div class="spacer battle-history"><br></div><div class="battle-history">Simipour used <strong>Knock Off</strong>!<br></div><div class="battle-history"><small>It's super effective!</small><br></div><div class="battle-history"><small>(The opposing Bronzor lost <abbr title="−82/318">25.8%</abbr> of its health!)</small><br></div><div class="battle-history"><small>Simipour knocked off the opposing Bronzor's Eviolite!</small><br></div><div class="spacer battle-history"><br></div><div class="battle-history">The opposing Bronzor is fast asleep.<br></div><div class="spacer battle-history"><br></div><h2 class="battle-history">Turn 58</h2><div class="spacer battle-history"><br></div><div class="battle-history">Simipour, come back!<br></div><div class="battle-history">Go! <strong>Monferno</strong>!<br></div><div class="battle-history"><small>The opposing Bronzor woke up!</small><br></div><div class="spacer battle-history"><br></div><div class="battle-history">The opposing Bronzor used <strong>Stealth Rock</strong>!<br></div><div class="battle-history"><small>Pointed stones float in the air around your team!</small><br></div><div class="spacer battle-history"><br></div><h2 class="battle-history">Turn 59</h2><div class="spacer battle-history"><br></div><div class="battle-history">Monferno used <strong>Flare Blitz</strong>!<br></div><div class="battle-history"><small>It's super effective!</small><br></div><div class="battle-history"><small>(The opposing Bronzor lost <abbr title="−236/318">74.2%</abbr> of its health!)</small><br></div><div class="battle-history"><small>Monferno is damaged by the recoil!</small><br></div><div class="spacer battle-history"><br></div><div class="battle-history">The opposing Bronzor fainted!<br></div><div class="battle-history">Monferno fainted!<br></div><div class="spacer battle-history"><br></div><div class="battle-history"><strong>tukutukutu</strong> won the battle!<br></div><div class="chat chatmessage-tukutukutu"><strong style="color:hsl(250,53%,63.32816366333229%)"><small>☆</small><span class="username" data-name="tukutukutu">tukutukutu</span>:</strong> <em>gg</em></div><div class="chat chatmessage-beefdreams"><strong style="color:hsl(50,83%,35%)"><small>☆</small><span class="username" data-name="beefdreams">beefdreams</span>:</strong> <em>gg</em></div><div class="chat">tukutukutu's rating: 1190 → <strong>1230</strong><br>(+40 for winning)</div><div class="chat">beefdreams's rating: 1451 → <strong>1419</strong><br>(-32 for losing)</div></div><div class="inner-preempt"></div></div></div>
</div>
<script>
let daily = Math.floor(Date.now()/1000/60/60/24);document.write('<script src="https://play.pokemonshowdown.com/js/replay-embed.js?version'+daily+'"></'+'script>');
</script>
