<!DOCTYPE html>
<meta charset="utf-8" />
<!-- version 1 -->
<title>PU replay: ChrFal vs. Orange Memes</title>
<style>
html,body {font-family:Verdana, sans-serif;font-size:10pt;margin:0;padding:0;}body{padding:12px 0;} .battle-log {font-family:Verdana, sans-serif;font-size:10pt;} .battle-log-inline {border:1px solid #AAAAAA;background:#EEF2F5;color:black;max-width:640px;margin:0 auto 80px;padding-bottom:5px;} .battle-log .inner {padding:4px 8px 0px 8px;} .battle-log .inner-preempt {padding:0 8px 4px 8px;} .battle-log .inner-after {margin-top:0.5em;} .battle-log h2 {margin:0.5em -8px;padding:4px 8px;border:1px solid #AAAAAA;background:#E0E7EA;border-left:0;border-right:0;font-family:Verdana, sans-serif;font-size:13pt;} .battle-log .chat {vertical-align:middle;padding:3px 0 3px 0;font-size:8pt;} .battle-log .chat strong {color:#40576A;} .battle-log .chat em {padding:1px 4px 1px 3px;color:#000000;font-style:normal;} .chat.mine {background:rgba(0,0,0,0.05);margin-left:-8px;margin-right:-8px;padding-left:8px;padding-right:8px;} .spoiler {color:#BBBBBB;background:#BBBBBB;padding:0px 3px;} .spoiler:hover, .spoiler:active, .spoiler-shown {color:#000000;background:#E2E2E2;padding:0px 3px;} .spoiler a {color:#BBBBBB;} .spoiler:hover a, .spoiler:active a, .spoiler-shown a {color:#2288CC;} .chat code, .chat .spoiler:hover code, .chat .spoiler:active code, .chat .spoiler-shown code {border:1px solid #C0C0C0;background:#EEEEEE;color:black;padding:0 2px;} .chat .spoiler code {border:1px solid #CCCCCC;background:#CCCCCC;color:#CCCCCC;} .battle-log .rated {padding:3px 4px;} .battle-log .rated strong {color:white;background:#89A;padding:1px 4px;border-radius:4px;} .spacer {margin-top:0.5em;} .message-announce {background:#6688AA;color:white;padding:1px 4px 2px;} .message-announce a, .broadcast-green a, .broadcast-blue a, .broadcast-red a {color:#DDEEFF;} .broadcast-green {background-color:#559955;color:white;padding:2px 4px;} .broadcast-blue {background-color:#6688AA;color:white;padding:2px 4px;} .infobox {border:1px solid #6688AA;padding:2px 4px;} .infobox-limited {max-height:200px;overflow:auto;overflow-x:hidden;} .broadcast-red {background-color:#AA5544;color:white;padding:2px 4px;} .message-learn-canlearn {font-weight:bold;color:#228822;text-decoration:underline;} .message-learn-cannotlearn {font-weight:bold;color:#CC2222;text-decoration:underline;} .message-effect-weak {font-weight:bold;color:#CC2222;} .message-effect-resist {font-weight:bold;color:#6688AA;} .message-effect-immune {font-weight:bold;color:#666666;} .message-learn-list {margin-top:0;margin-bottom:0;} .message-throttle-notice, .message-error {color:#992222;} .message-overflow, .chat small.message-overflow {font-size:0pt;} .message-overflow::before {font-size:9pt;content:'...';} .subtle {color:#3A4A66;}
</style>
<div class="wrapper replay-wrapper" style="max-width:1180px;margin:0 auto">
<input type="hidden" name="replayid" value="pu-577315717" />
<div class="battle"></div><div class="battle-log"></div><div class="replay-controls"></div><div class="replay-controls-2"></div>
<h1 style="font-weight:normal;text-align:center"><strong>PU</strong><br /><a href="http://pokemonshowdown.com/users/chrfal" class="subtle" target="_blank">ChrFal</a> vs. <a href="http://pokemonshowdown.com/users/orangememes" class="subtle" target="_blank">Orange Memes</a></h1>
<script type="text/plain" class="battle-log-data">|j|ChrFal
|j|Orange Memes
|player|p1|ChrFal|170
|player|p2|Orange Memes|170
|gametype|singles
|gen|6
|tier|PU
|rated
|seed|47652,16975,61820,57602
|rule|Sleep Clause Mod: Limit one foe put to sleep
|rule|Species Clause: Limit one of each Pokémon
|rule|OHKO Clause: OHKO moves are banned
|rule|Moody Clause: Moody is banned
|rule|Evasion Moves Clause: Evasion moves are banned
|rule|Endless Battle Clause: Forcing endless battles is banned
|rule|HP Percentage Mod: HP is shown in percentages
|clearpoke
|poke|p1|Ursaring, M|item
|poke|p1|Fraxure, M|item
|poke|p1|Articuno|item
|poke|p1|Swanna, M|item
|poke|p1|Golem, M|item
|poke|p1|Kadabra, M|item
|poke|p2|Smeargle, M, shiny|item
|poke|p2|Misdreavus, F, shiny|item
|poke|p2|Pawniard, M, shiny|item
|poke|p2|Golem, M, shiny|item
|poke|p2|Roselia, M, shiny|item
|poke|p2|Floatzel, F|item
|rule|Swagger Clause: Swagger is banned
|rule|Baton Pass Clause: Limit one Baton Passer, can't pass Spe and other stats simultaneously
|teampreview
|l|Orange Memes
|player|p2|
|j|Orange Memes
|player|p2|Orange Memes|170
|choice|team 3, team 2, team 1, team 4, team 5, team 6|team 6, team 2, team 3, team 4, team 5, team 1
|
|start
|switch|p1a: Articuno|Articuno|321\/321
|switch|p2a: Floatzel|Floatzel, F|311\/311
|-ability|p1a: Articuno|Pressure
|turn|1
|choice|move freezedry|switch 3
|
|switch|p2a: Pawniard|Pawniard, M, shiny|231\/231
|move|p1a: Articuno|Freeze-Dry|p2a: Pawniard
|-resisted|p2a: Pawniard
|-damage|p2a: Pawniard|160\/231
|
|upkeep
|turn|2
|choice|switch 4|move ironhead
|
|switch|p1a: Swanna|Swanna, M|291\/291
|move|p2a: Pawniard|Iron Head|p1a: Swanna
|-resisted|p1a: Swanna
|-damage|p1a: Swanna|200\/291
|
|upkeep
|turn|3
|choice|move scald|switch 3
|
|switch|p2a: Floatzel|Floatzel, F|311\/311
|move|p1a: Swanna|Scald|p2a: Floatzel
|-resisted|p2a: Floatzel
|-damage|p2a: Floatzel|189\/311
|-damage|p1a: Swanna|171\/291|[from] item: Life Orb
|
|upkeep
|turn|4
|choice|move hurricane|move icepunch
|
|move|p2a: Floatzel|Ice Punch|p1a: Swanna
|-damage|p1a: Swanna|32\/291
|-damage|p2a: Floatzel|158\/311|[from] item: Life Orb
|move|p1a: Swanna|Hurricane|p2a: Floatzel
|-damage|p2a: Floatzel|0 fnt
|-damage|p1a: Swanna|3\/291|[from] item: Life Orb
|faint|p2a: Floatzel
|
|upkeep
|choice||switch 6
|
|switch|p2a: Smeargle|Smeargle, M, shiny|314\/314
|turn|5
|choice|move roost|move spore
|
|move|p1a: Swanna|Roost|p1a: Swanna
|-heal|p1a: Swanna|149\/291
|move|p2a: Smeargle|Spore|p1a: Swanna
|-status|p1a: Swanna|slp
|
|upkeep
|turn|6
|choice|switch 4|move stickyweb
|
|switch|p1a: Articuno|Articuno|321\/321
|-ability|p1a: Articuno|Pressure
|move|p2a: Smeargle|Sticky Web|p1a: Articuno
|-sidestart|p1: ChrFal|move: Sticky Web
|
|upkeep
|turn|7
|choice|move substitute|switch 3
|
|switch|p2a: Pawniard|Pawniard, M, shiny|160\/231
|move|p1a: Articuno|Substitute|p1a: Articuno
|-start|p1a: Articuno|Substitute
|-damage|p1a: Articuno|241\/321
|
|-heal|p1a: Articuno|261\/321|[from] item: Leftovers
|upkeep
|turn|8
|choice|move hurricane|move ironhead
|
|move|p1a: Articuno|Hurricane|p2a: Pawniard|[miss]
|-miss|p1a: Articuno|p2a: Pawniard
|move|p2a: Pawniard|Iron Head|p1a: Articuno
|-supereffective|p1a: Articuno
|-end|p1a: Articuno|Substitute
|
|-heal|p1a: Articuno|281\/321|[from] item: Leftovers
|upkeep
|turn|9
|choice|switch 5|move ironhead
|
|switch|p1a: Golem|Golem, M|363\/363
|-activate|p1a: Golem|move: Sticky Web
|-unboost|p1a: Golem|spe|1
|move|p2a: Pawniard|Iron Head|p1a: Golem
|-supereffective|p1a: Golem
|-damage|p1a: Golem|193\/363
|
|-heal|p1a: Golem|215\/363|[from] item: Leftovers
|upkeep
|turn|10
|choice|move stealthrock|switch 2
|
|switch|p2a: Misdreavus|Misdreavus, F, shiny|261\/261
|move|p1a: Golem|Stealth Rock|p2a: Misdreavus
|-sidestart|p2: Orange Memes|move: Stealth Rock
|
|-heal|p1a: Golem|237\/363|[from] item: Leftovers
|upkeep
|turn|11
|choice|switch 4|move nastyplot
|
|switch|p1a: Swanna|Swanna, M|149\/291 slp
|move|p2a: Misdreavus|Nasty Plot|p2a: Misdreavus
|-boost|p2a: Misdreavus|spa|2
|
|upkeep
|turn|12
|choice|move scald|move shadowball
|
|cant|p1a: Swanna|slp
|move|p2a: Misdreavus|Shadow Ball|p1a: Swanna
|-damage|p1a: Swanna|0 fnt
|faint|p1a: Swanna
|
|upkeep
|choice|switch 3|
|
|switch|p1a: Ursaring|Ursaring, M|321\/321
|-activate|p1a: Ursaring|move: Sticky Web
|-unboost|p1a: Ursaring|spe|1
|turn|13
|choice|move crunch|move hiddenpower
|
|move|p2a: Misdreavus|Hidden Power|p1a: Ursaring
|-supereffective|p1a: Ursaring
|-damage|p1a: Ursaring|23\/321
|move|p1a: Ursaring|Crunch|p2a: Misdreavus
|-supereffective|p2a: Misdreavus
|-damage|p2a: Misdreavus|73\/261
|
|-status|p1a: Ursaring|tox|[from] item: Toxic Orb
|upkeep
|turn|14
|choice|move crunch|move hiddenpower
|
|move|p2a: Misdreavus|Hidden Power|p1a: Ursaring
|-supereffective|p1a: Ursaring
|-damage|p1a: Ursaring|0 fnt
|faint|p1a: Ursaring
|
|upkeep
|choice|switch 5|
|
|switch|p1a: Articuno|Articuno|281\/321
|-ability|p1a: Articuno|Pressure
|turn|15
|choice|move freezedry|move shadowball
|
|move|p1a: Articuno|Freeze-Dry|p2a: Misdreavus
|-damage|p2a: Misdreavus|0 fnt
|faint|p2a: Misdreavus
|
|-heal|p1a: Articuno|301\/321|[from] item: Leftovers
|upkeep
|choice||switch 2
|
|switch|p2a: Pawniard|Pawniard, M, shiny|160\/231
|-damage|p2a: Pawniard|146\/231|[from] stealthrock
|turn|16
|choice|switch 2|move ironhead
|
|switch|p1a: Fraxure|Fraxure, M|273\/273
|-activate|p1a: Fraxure|move: Sticky Web
|-unboost|p1a: Fraxure|spe|1
|-ability|p1a: Fraxure|Mold Breaker
|move|p2a: Pawniard|Iron Head|p1a: Fraxure
|-crit|p1a: Fraxure
|-damage|p1a: Fraxure|128\/273
|
|upkeep
|turn|17
|choice|move lowkick|switch 3
|
|switch|p2a: Smeargle|Smeargle, M, shiny|314\/314
|-damage|p2a: Smeargle|275\/314|[from] stealthrock
|move|p1a: Fraxure|Low Kick|p2a: Smeargle
|-supereffective|p2a: Smeargle
|-damage|p2a: Smeargle|0 fnt
|faint|p2a: Smeargle
|
|upkeep
|choice||switch 4
|
|switch|p2a: Golem|Golem, M, shiny|301\/301
|-damage|p2a: Golem|283\/301|[from] stealthrock
|turn|18
|choice|move lowkick|move earthquake
|
|move|p2a: Golem|Earthquake|p1a: Fraxure
|-damage|p1a: Fraxure|0 fnt
|faint|p1a: Fraxure
|
|upkeep
|choice|switch 2|
|
|switch|p1a: Articuno|Articuno|301\/321
|-ability|p1a: Articuno|Pressure
|turn|19
|choice|move substitute|switch 3
|
|switch|p2a: Pawniard|Pawniard, M, shiny|146\/231
|-damage|p2a: Pawniard|132\/231|[from] stealthrock
|move|p1a: Articuno|Substitute|p1a: Articuno
|-start|p1a: Articuno|Substitute
|-damage|p1a: Articuno|221\/321
|
|-heal|p1a: Articuno|241\/321|[from] item: Leftovers
|upkeep
|turn|20
|choice|move freezedry|move ironhead
|
|move|p1a: Articuno|Freeze-Dry|p2a: Pawniard
|-resisted|p2a: Pawniard
|-damage|p2a: Pawniard|66\/231
|move|p2a: Pawniard|Iron Head|p1a: Articuno
|-supereffective|p1a: Articuno
|-end|p1a: Articuno|Substitute
|
|-heal|p1a: Articuno|261\/321|[from] item: Leftovers
|upkeep
|turn|21
|choice|move hurricane|move ironhead
|
|move|p1a: Articuno|Hurricane|p2a: Pawniard
|-resisted|p2a: Pawniard
|-damage|p2a: Pawniard|0 fnt
|faint|p2a: Pawniard
|
|-heal|p1a: Articuno|281\/321|[from] item: Leftovers
|upkeep
|choice||switch 5
|
|switch|p2a: Roselia|Roselia, M, shiny|241\/241
|-damage|p2a: Roselia|211\/241|[from] stealthrock
|turn|22
|inactive|Battle timer is ON: inactive players will automatically lose when time's up. (requested by ChrFal)
|choice|move substitute|move sludgebomb
|
|move|p1a: Articuno|Substitute|p1a: Articuno
|-start|p1a: Articuno|Substitute
|-damage|p1a: Articuno|201\/321
|move|p2a: Roselia|Sludge Bomb|p1a: Articuno
|-end|p1a: Articuno|Substitute
|
|-heal|p1a: Articuno|221\/321|[from] item: Leftovers
|upkeep
|turn|23
|c|☆Orange Memes|gg man
|choice|move freezedry|move sludgebomb
|
|move|p1a: Articuno|Freeze-Dry|p2a: Roselia
|-supereffective|p2a: Roselia
|-damage|p2a: Roselia|61\/241
|move|p2a: Roselia|Sludge Bomb|p1a: Articuno
|-damage|p1a: Articuno|95\/321
|-status|p1a: Articuno|psn
|
|-heal|p1a: Articuno|115\/321 psn|[from] item: Leftovers
|-damage|p1a: Articuno|75\/321 psn|[from] psn
|upkeep
|turn|24
|choice|move freezedry|move sludgebomb
|
|move|p1a: Articuno|Freeze-Dry|p2a: Roselia
|-supereffective|p2a: Roselia
|-damage|p2a: Roselia|0 fnt
|faint|p2a: Roselia
|
|-heal|p1a: Articuno|95\/321 psn|[from] item: Leftovers
|-damage|p1a: Articuno|55\/321 psn|[from] psn
|upkeep
|choice||switch 3
|
|switch|p2a: Golem|Golem, M, shiny|283\/301
|-damage|p2a: Golem|265\/301|[from] stealthrock
|turn|25
|choice|move roost|move stoneedge
|
|move|p1a: Articuno|Roost|p1a: Articuno
|-heal|p1a: Articuno|216\/321 psn
|move|p2a: Golem|Stone Edge|p1a: Articuno
|-supereffective|p1a: Articuno
|-damage|p1a: Articuno|0 fnt
|faint|p1a: Articuno
|
|upkeep
|choice|switch 4|
|
|switch|p1a: Golem|Golem, M|237\/363
|-activate|p1a: Golem|move: Sticky Web
|-unboost|p1a: Golem|spe|1
|turn|26
|choice|move earthquake|move earthquake
|
|move|p2a: Golem|Earthquake|p1a: Golem
|-supereffective|p1a: Golem
|-damage|p1a: Golem|0 fnt
|faint|p1a: Golem
|
|upkeep
|choice|switch 6|
|
|switch|p1a: Kadabra|Kadabra, M|221\/221
|-activate|p1a: Kadabra|move: Sticky Web
|-unboost|p1a: Kadabra|spe|1
|turn|27
|choice|move hiddenpower|move earthquake
|
|move|p1a: Kadabra|Hidden Power|p2a: Golem
|-supereffective|p2a: Golem
|-damage|p2a: Golem|18\/301
|move|p2a: Golem|Earthquake|p1a: Kadabra
|-damage|p1a: Kadabra|0 fnt
|faint|p1a: Kadabra
|
|win|Orange Memes
|l|ChrFal
|raw|ChrFal's rating: 1500 &rarr; <strong>1474<\/strong><br \/>(-26 for losing)
|raw|Orange Memes's rating: 1391 &rarr; <strong>1417<\/strong><br \/>(+26 for winning)
|l|Orange Memes
|j|Orange Memes</script>
</div>
<div class="battle-log battle-log-inline"><div class="inner"><div class="battle-options"></div><div class="inner"><div class="chat"><small>ChrFal joined.</small></div><div class="chat"><small>Orange Memes joined.</small></div><div class=""><small>Format:</small> <br><strong>PU</strong></div><div class="rated"><strong>Rated battle</strong></div><div class=""><small><em>Sleep Clause Mod:</em> Limit one foe put to sleep</small></div><div class=""><small><em>Species Clause:</em> Limit one of each Pokémon</small></div><div class=""><small><em>OHKO Clause:</em> OHKO moves are banned</small></div><div class=""><small><em>Moody Clause:</em> Moody is banned</small></div><div class=""><small><em>Evasion Moves Clause:</em> Evasion moves are banned</small></div><div class=""><small><em>Endless Battle Clause:</em> Forcing endless battles is banned</small></div><div class=""><small><em>HP Percentage Mod:</em> HP is shown in percentages</small></div><div class=""><small><em>Swagger Clause:</em> Swagger is banned</small></div><div class=""><small><em>Baton Pass Clause:</em> Limit one Baton Passer, can't pass Spe and other stats simultaneously</small></div><div class="chat battle-history"><strong>ChrFal's team:</strong> <em style="color:#445566;display:block;">Ursaring / Fraxure / Articuno / Swanna / Golem / Kadabra</em></div><div class="chat battle-history"><strong>Orange Memes's team:</strong> <em style="color:#445566;display:block;">Smeargle / Misdreavus / Pawniard / Golem / Roselia / Floatzel</em></div><div class="chat"><small>Orange Memes left.</small></div><div class="chat"><small>Orange Memes joined.</small></div><div class="spacer battle-history"><br></div><div class="battle-history">Battle started between ChrFal and Orange Memes!<br></div><div class="spacer battle-history"><br></div><div class="battle-history">Go! <strong>Articuno</strong>!<br></div><div class="spacer battle-history"><br></div><div class="battle-history">Orange Memes sent out <strong>Floatzel</strong>!<br></div><div class="battle-history"><small>[Articuno's Pressure]</small><br><small>Articuno is exerting its pressure!</small><br></div><div class="spacer battle-history"><br></div><h2 class="battle-history">Turn 1</h2><div class="spacer battle-history"><br></div><div class="battle-history">Orange Memes withdrew Floatzel!<br></div><div class="battle-history">Orange Memes sent out <strong>Pawniard</strong>!<br></div><div class="spacer battle-history"><br></div><div class="battle-history">Articuno used <strong>Freeze-Dry</strong>!<br></div><div class="battle-history"><small>It's not very effective...</small><br></div><div class="battle-history"><small>(The opposing Pawniard lost <abbr title="−71/231">30.7%</abbr> of its health!)</small><br></div><div class="spacer battle-history"><br></div><h2 class="battle-history">Turn 2</h2><div class="spacer battle-history"><br></div><div class="battle-history">Articuno, come back!<br></div><div class="battle-history">Go! <strong>Swanna</strong>!<br></div><div class="spacer battle-history"><br></div><div class="battle-history">The opposing Pawniard used <strong>Iron Head</strong>!<br></div><div class="battle-history"><small>It's not very effective...</small><br></div><div class="battle-history"><small>(Swanna lost <abbr title="−91/291">31.3%</abbr> of its health!)</small><br></div><div class="spacer battle-history"><br></div><h2 class="battle-history">Turn 3</h2><div class="spacer battle-history"><br></div><div class="battle-history">Orange Memes withdrew Pawniard!<br></div><div class="battle-history">Orange Memes sent out <strong>Floatzel</strong>!<br></div><div class="spacer battle-history"><br></div><div class="battle-history">Swanna used <strong>Scald</strong>!<br></div><div class="battle-history"><small>It's not very effective...</small><br></div><div class="battle-history"><small>(The opposing Floatzel lost <abbr title="−122/311">39.2%</abbr> of its health!)</small><br></div><div class="battle-history"><small>Swanna lost some of its HP!</small><br></div><div class="spacer battle-history"><br></div><h2 class="battle-history">Turn 4</h2><div class="spacer battle-history"><br></div><div class="battle-history">The opposing Floatzel used <strong>Ice Punch</strong>!<br></div><div class="battle-history"><small>(Swanna lost <abbr title="−139/291">47.8%</abbr> of its health!)</small><br></div><div class="battle-history"><small>The opposing Floatzel lost some of its HP!</small><br></div><div class="spacer battle-history"><br></div><div class="battle-history">Swanna used <strong>Hurricane</strong>!<br></div><div class="battle-history"><small>(The opposing Floatzel lost <abbr title="−158/311">50.8%</abbr> of its health!)</small><br></div><div class="battle-history"><small>Swanna lost some of its HP!</small><br></div><div class="spacer battle-history"><br></div><div class="battle-history">The opposing Floatzel fainted!<br></div><div class="spacer battle-history"><br></div><div class="battle-history">Orange Memes sent out <strong>Smeargle</strong>!<br></div><div class="spacer battle-history"><br></div><h2 class="battle-history">Turn 5</h2><div class="spacer battle-history"><br></div><div class="battle-history">Swanna used <strong>Roost</strong>!<br></div><div class="battle-history"><small>Swanna restored its HP.</small><br></div><div class="spacer battle-history"><br></div><div class="battle-history">The opposing Smeargle used <strong>Spore</strong>!<br></div><div class="battle-history"><small>Swanna fell asleep!</small><br></div><div class="spacer battle-history"><br></div><h2 class="battle-history">Turn 6</h2><div class="spacer battle-history"><br></div><div class="battle-history">Swanna, come back!<br></div><div class="battle-history">Go! <strong>Articuno</strong>!<br></div><div class="battle-history"><small>[Articuno's Pressure]</small><br><small>Articuno is exerting its pressure!</small><br></div><div class="spacer battle-history"><br></div><div class="battle-history">The opposing Smeargle used <strong>Sticky Web</strong>!<br></div><div class="battle-history"><small>A sticky web spreads out on the ground around your team!</small><br></div><div class="spacer battle-history"><br></div><h2 class="battle-history">Turn 7</h2><div class="spacer battle-history"><br></div><div class="battle-history">Orange Memes withdrew Smeargle!<br></div><div class="battle-history">Orange Memes sent out <strong>Pawniard</strong>!<br></div><div class="spacer battle-history"><br></div><div class="battle-history">Articuno used <strong>Substitute</strong>!<br></div><div class="battle-history"><small>Articuno put in a substitute!</small><br></div><div class="battle-history"><small>(Articuno lost <abbr title="−80/321">24.9%</abbr> of its health!)</small><br></div><div class="spacer battle-history"><br></div><div class="battle-history"><small>Articuno restored a little HP using its Leftovers!</small><br></div><div class="spacer battle-history"><br></div><h2 class="battle-history">Turn 8</h2><div class="spacer battle-history"><br></div><div class="battle-history">Articuno used <strong>Hurricane</strong>!<br></div><div class="battle-history"><small>The opposing Pawniard avoided the attack!</small><br></div><div class="spacer battle-history"><br></div><div class="battle-history">The opposing Pawniard used <strong>Iron Head</strong>!<br></div><div class="battle-history"><small>It's super effective!</small><br></div><div class="battle-history"><small>Articuno's substitute faded!</small><br></div><div class="spacer battle-history"><br></div><div class="battle-history"><small>Articuno restored a little HP using its Leftovers!</small><br></div><div class="spacer battle-history"><br></div><h2 class="battle-history">Turn 9</h2><div class="spacer battle-history"><br></div><div class="battle-history">Articuno, come back!<br></div><div class="battle-history">Go! <strong>Golem</strong>!<br></div><div class="battle-history"><small>Golem was caught in a sticky web!</small><br></div><div class="battle-history"><small>Golem's Speed fell!</small><br></div><div class="spacer battle-history"><br></div><div class="battle-history">The opposing Pawniard used <strong>Iron Head</strong>!<br></div><div class="battle-history"><small>It's super effective!</small><br></div><div class="battle-history"><small>(Golem lost <abbr title="−170/363">46.8%</abbr> of its health!)</small><br></div><div class="spacer battle-history"><br></div><div class="battle-history"><small>Golem restored a little HP using its Leftovers!</small><br></div><div class="spacer battle-history"><br></div><h2 class="battle-history">Turn 10</h2><div class="spacer battle-history"><br></div><div class="battle-history">Orange Memes withdrew Pawniard!<br></div><div class="battle-history">Orange Memes sent out <strong>Misdreavus</strong>!<br></div><div class="spacer battle-history"><br></div><div class="battle-history">Golem used <strong>Stealth Rock</strong>!<br></div><div class="battle-history"><small>Pointed stones float in the air around the opposing team!</small><br></div><div class="spacer battle-history"><br></div><div class="battle-history"><small>Golem restored a little HP using its Leftovers!</small><br></div><div class="spacer battle-history"><br></div><h2 class="battle-history">Turn 11</h2><div class="spacer battle-history"><br></div><div class="battle-history">Golem, come back!<br></div><div class="battle-history">Go! <strong>Swanna</strong>!<br></div><div class="spacer battle-history"><br></div><div class="battle-history">The opposing Misdreavus used <strong>Nasty Plot</strong>!<br></div><div class="battle-history"><small>The opposing Misdreavus's Special Attack rose sharply!</small><br></div><div class="spacer battle-history"><br></div><h2 class="battle-history">Turn 12</h2><div class="spacer battle-history"><br></div><div class="battle-history">Swanna is fast asleep.<br></div><div class="spacer battle-history"><br></div><div class="battle-history">The opposing Misdreavus used <strong>Shadow Ball</strong>!<br></div><div class="battle-history"><small>(Swanna lost <abbr title="−149/291">51.2%</abbr> of its health!)</small><br></div><div class="spacer battle-history"><br></div><div class="battle-history">Swanna fainted!<br></div><div class="spacer battle-history"><br></div><div class="battle-history">Go! <strong>Ursaring</strong>!<br></div><div class="battle-history"><small>Ursaring was caught in a sticky web!</small><br></div><div class="battle-history"><small>Ursaring's Speed fell!</small><br></div><div class="spacer battle-history"><br></div><h2 class="battle-history">Turn 13</h2><div class="spacer battle-history"><br></div><div class="battle-history">The opposing Misdreavus used <strong>Hidden Power</strong>!<br></div><div class="battle-history"><small>It's super effective!</small><br></div><div class="battle-history"><small>(Ursaring lost <abbr title="−298/321">92.8%</abbr> of its health!)</small><br></div><div class="spacer battle-history"><br></div><div class="battle-history">Ursaring used <strong>Crunch</strong>!<br></div><div class="battle-history"><small>It's super effective!</small><br></div><div class="battle-history"><small>(The opposing Misdreavus lost <abbr title="−188/261">72.0%</abbr> of its health!)</small><br></div><div class="spacer battle-history"><br></div><div class="battle-history"><small>Ursaring was badly poisoned!</small><br></div><div class="spacer battle-history"><br></div><h2 class="battle-history">Turn 14</h2><div class="spacer battle-history"><br></div><div class="battle-history">The opposing Misdreavus used <strong>Hidden Power</strong>!<br></div><div class="battle-history"><small>It's super effective!</small><br></div><div class="battle-history"><small>(Ursaring lost <abbr title="−23/321">7.2%</abbr> of its health!)</small><br></div><div class="spacer battle-history"><br></div><div class="battle-history">Ursaring fainted!<br></div><div class="spacer battle-history"><br></div><div class="battle-history">Go! <strong>Articuno</strong>!<br></div><div class="battle-history"><small>[Articuno's Pressure]</small><br><small>Articuno is exerting its pressure!</small><br></div><div class="spacer battle-history"><br></div><h2 class="battle-history">Turn 15</h2><div class="spacer battle-history"><br></div><div class="battle-history">Articuno used <strong>Freeze-Dry</strong>!<br></div><div class="battle-history"><small>(The opposing Misdreavus lost <abbr title="−73/261">28.0%</abbr> of its health!)</small><br></div><div class="spacer battle-history"><br></div><div class="battle-history">The opposing Misdreavus fainted!<br></div><div class="spacer battle-history"><br></div><div class="battle-history"><small>Articuno restored a little HP using its Leftovers!</small><br></div><div class="spacer battle-history"><br></div><div class="battle-history">Orange Memes sent out <strong>Pawniard</strong>!<br></div><div class="battle-history"><small>Pointed stones dug into the opposing Pawniard!</small><br></div><div class="spacer battle-history"><br></div><h2 class="battle-history">Turn 16</h2><div class="spacer battle-history"><br></div><div class="battle-history">Articuno, come back!<br></div><div class="battle-history">Go! <strong>Fraxure</strong>!<br></div><div class="battle-history"><small>Fraxure was caught in a sticky web!</small><br></div><div class="battle-history"><small>Fraxure's Speed fell!</small><br></div><div class="battle-history"><small>[Fraxure's Mold Breaker]</small><br><small>Fraxure breaks the mold!</small><br></div><div class="spacer battle-history"><br></div><div class="battle-history">The opposing Pawniard used <strong>Iron Head</strong>!<br></div><div class="battle-history"><small>A critical hit!</small><br></div><div class="battle-history"><small>(Fraxure lost <abbr title="−145/273">53.1%</abbr> of its health!)</small><br></div><div class="spacer battle-history"><br></div><h2 class="battle-history">Turn 17</h2><div class="spacer battle-history"><br></div><div class="battle-history">Orange Memes withdrew Pawniard!<br></div><div class="battle-history">Orange Memes sent out <strong>Smeargle</strong>!<br></div><div class="battle-history"><small>Pointed stones dug into the opposing Smeargle!</small><br></div><div class="spacer battle-history"><br></div><div class="battle-history">Fraxure used <strong>Low Kick</strong>!<br></div><div class="battle-history"><small>It's super effective!</small><br></div><div class="battle-history"><small>(The opposing Smeargle lost <abbr title="−275/314">87.6%</abbr> of its health!)</small><br></div><div class="spacer battle-history"><br></div><div class="battle-history">The opposing Smeargle fainted!<br></div><div class="spacer battle-history"><br></div><div class="battle-history">Orange Memes sent out <strong>Golem</strong>!<br></div><div class="battle-history"><small>Pointed stones dug into the opposing Golem!</small><br></div><div class="spacer battle-history"><br></div><h2 class="battle-history">Turn 18</h2><div class="spacer battle-history"><br></div><div class="battle-history">The opposing Golem used <strong>Earthquake</strong>!<br></div><div class="battle-history"><small>(Fraxure lost <abbr title="−128/273">46.9%</abbr> of its health!)</small><br></div><div class="spacer battle-history"><br></div><div class="battle-history">Fraxure fainted!<br></div><div class="spacer battle-history"><br></div><div class="battle-history">Go! <strong>Articuno</strong>!<br></div><div class="battle-history"><small>[Articuno's Pressure]</small><br><small>Articuno is exerting its pressure!</small><br></div><div class="spacer battle-history"><br></div><h2 class="battle-history">Turn 19</h2><div class="spacer battle-history"><br></div><div class="battle-history">Orange Memes withdrew Golem!<br></div><div class="battle-history">Orange Memes sent out <strong>Pawniard</strong>!<br></div><div class="battle-history"><small>Pointed stones dug into the opposing Pawniard!</small><br></div><div class="spacer battle-history"><br></div><div class="battle-history">Articuno used <strong>Substitute</strong>!<br></div><div class="battle-history"><small>Articuno put in a substitute!</small><br></div><div class="battle-history"><small>(Articuno lost <abbr title="−80/321">24.9%</abbr> of its health!)</small><br></div><div class="spacer battle-history"><br></div><div class="battle-history"><small>Articuno restored a little HP using its Leftovers!</small><br></div><div class="spacer battle-history"><br></div><h2 class="battle-history">Turn 20</h2><div class="spacer battle-history"><br></div><div class="battle-history">Articuno used <strong>Freeze-Dry</strong>!<br></div><div class="battle-history"><small>It's not very effective...</small><br></div><div class="battle-history"><small>(The opposing Pawniard lost <abbr title="−66/231">28.6%</abbr> of its health!)</small><br></div><div class="spacer battle-history"><br></div><div class="battle-history">The opposing Pawniard used <strong>Iron Head</strong>!<br></div><div class="battle-history"><small>It's super effective!</small><br></div><div class="battle-history"><small>Articuno's substitute faded!</small><br></div><div class="spacer battle-history"><br></div><div class="battle-history"><small>Articuno restored a little HP using its Leftovers!</small><br></div><div class="spacer battle-history"><br></div><h2 class="battle-history">Turn 21</h2><div class="spacer battle-history"><br></div><div class="battle-history">Articuno used <strong>Hurricane</strong>!<br></div><div class="battle-history"><small>It's not very effective...</small><br></div><div class="battle-history"><small>(The opposing Pawniard lost <abbr title="−66/231">28.6%</abbr> of its health!)</small><br></div><div class="spacer battle-history"><br></div><div class="battle-history">The opposing Pawniard fainted!<br></div><div class="spacer battle-history"><br></div><div class="battle-history"><small>Articuno restored a little HP using its Leftovers!</small><br></div><div class="spacer battle-history"><br></div><div class="battle-history">Orange Memes sent out <strong>Roselia</strong>!<br></div><div class="battle-history"><small>Pointed stones dug into the opposing Roselia!</small><br></div><div class="spacer battle-history"><br></div><h2 class="battle-history">Turn 22</h2><div class="chat message-error">Battle timer is ON: inactive players will automatically lose when time's up. (requested by ChrFal)</div><div class="spacer battle-history"><br></div><div class="battle-history">Articuno used <strong>Substitute</strong>!<br></div><div class="battle-history"><small>Articuno put in a substitute!</small><br></div><div class="battle-history"><small>(Articuno lost <abbr title="−80/321">24.9%</abbr> of its health!)</small><br></div><div class="spacer battle-history"><br></div><div class="battle-history">The opposing Roselia used <strong>Sludge Bomb</strong>!<br></div><div class="battle-history"><small>Articuno's substitute faded!</small><br></div><div class="spacer battle-history"><br></div><div class="battle-history"><small>Articuno restored a little HP using its Leftovers!</small><br></div><div class="spacer battle-history"><br></div><h2 class="battle-history">Turn 23</h2><div class="chat chatmessage-orangememes"><strong style="color:hsl(16,63%,42.83921218545322%)"><small>☆</small><span class="username" data-name="Orange Memes">Orange Memes</span>:</strong> <em>gg man</em></div><div class="spacer battle-history"><br></div><div class="battle-history">Articuno used <strong>Freeze-Dry</strong>!<br></div><div class="battle-history"><small>It's super effective!</small><br></div><div class="battle-history"><small>(The opposing Roselia lost <abbr title="−150/241">62.2%</abbr> of its health!)</small><br></div><div class="spacer battle-history"><br></div><div class="battle-history">The opposing Roselia used <strong>Sludge Bomb</strong>!<br></div><div class="battle-history"><small>(Articuno lost <abbr title="−126/321">39.3%</abbr> of its health!)</small><br></div><div class="battle-history"><small>Articuno was poisoned!</small><br></div><div class="spacer battle-history"><br></div><div class="battle-history"><small>Articuno restored a little HP using its Leftovers!</small><br></div><div class="battle-history"><small>Articuno was hurt by poison!</small><br></div><div class="spacer battle-history"><br></div><h2 class="battle-history">Turn 24</h2><div class="spacer battle-history"><br></div><div class="battle-history">Articuno used <strong>Freeze-Dry</strong>!<br></div><div class="battle-history"><small>It's super effective!</small><br></div><div class="battle-history"><small>(The opposing Roselia lost <abbr title="−61/241">25.3%</abbr> of its health!)</small><br></div><div class="spacer battle-history"><br></div><div class="battle-history">The opposing Roselia fainted!<br></div><div class="spacer battle-history"><br></div><div class="battle-history"><small>Articuno restored a little HP using its Leftovers!</small><br></div><div class="battle-history"><small>Articuno was hurt by poison!</small><br></div><div class="spacer battle-history"><br></div><div class="battle-history">Orange Memes sent out <strong>Golem</strong>!<br></div><div class="battle-history"><small>Pointed stones dug into the opposing Golem!</small><br></div><div class="spacer battle-history"><br></div><h2 class="battle-history">Turn 25</h2><div class="spacer battle-history"><br></div><div class="battle-history">Articuno used <strong>Roost</strong>!<br></div><div class="battle-history"><small>Articuno restored its HP.</small><br></div><div class="spacer battle-history"><br></div><div class="battle-history">The opposing Golem used <strong>Stone Edge</strong>!<br></div><div class="battle-history"><small>It's super effective!</small><br></div><div class="battle-history"><small>(Articuno lost <abbr title="−216/321">67.3%</abbr> of its health!)</small><br></div><div class="spacer battle-history"><br></div><div class="battle-history">Articuno fainted!<br></div><div class="spacer battle-history"><br></div><div class="battle-history">Go! <strong>Golem</strong>!<br></div><div class="battle-history"><small>Golem was caught in a sticky web!</small><br></div><div class="battle-history"><small>Golem's Speed fell!</small><br></div><div class="spacer battle-history"><br></div><h2 class="battle-history">Turn 26</h2><div class="spacer battle-history"><br></div><div class="battle-history">The opposing Golem used <strong>Earthquake</strong>!<br></div><div class="battle-history"><small>It's super effective!</small><br></div><div class="battle-history"><small>(Golem lost <abbr title="−237/363">65.3%</abbr> of its health!)</small><br></div><div class="spacer battle-history"><br></div><div class="battle-history">Golem fainted!<br></div><div class="spacer battle-history"><br></div><div class="battle-history">Go! <strong>Kadabra</strong>!<br></div><div class="battle-history"><small>Kadabra was caught in a sticky web!</small><br></div><div class="battle-history"><small>Kadabra's Speed fell!</small><br></div><div class="spacer battle-history"><br></div><h2 class="battle-history">Turn 27</h2><div class="spacer battle-history"><br></div><div class="battle-history">Kadabra used <strong>Hidden Power</strong>!<br></div><div class="battle-history"><small>It's super effective!</small><br></div><div class="battle-history"><small>(The opposing Golem lost <abbr title="−247/301">82.1%</abbr> of its health!)</small><br></div><div class="spacer battle-history"><br></div><div class="battle-history">The opposing Golem used <strong>Earthquake</strong>!<br></div><div class="battle-history"><small>(Kadabra lost <abbr title="−221/221">100%</abbr> of its health!)</small><br></div><div class="spacer battle-history"><br></div><div class="battle-history">Kadabra fainted!<br></div><div class="spacer battle-history"><br></div><div class="battle-history"><strong>Orange Memes</strong> won the battle!<br></div><div class="chat"><small>ChrFal left.</small></div><div class="chat">ChrFal's rating: 1500 → <strong>1474</strong><br>(-26 for losing)</div><div class="chat">Orange Memes's rating: 1391 → <strong>1417</strong><br>(+26 for winning)</div><div class="chat"><small>Orange Memes left.</small></div><div class="chat"><small>Orange Memes joined.</small></div></div><div class="inner-preempt"></div></div></div>
</div>
<script>
let daily = Math.floor(Date.now()/1000/60/60/24);document.write('<script src="https://play.pokemonshowdown.com/js/replay-embed.js?version'+daily+'"></'+'script>');
</script>
