<!DOCTYPE html>
<meta charset="utf-8" />
<!-- version 1 -->
<title>PU replay: Landon_A#21 vs. LuckyRyu</title>
<style>
html,body {font-family:Verdana, sans-serif;font-size:10pt;margin:0;padding:0;}body{padding:12px 0;} .battle-log {font-family:Verdana, sans-serif;font-size:10pt;} .battle-log-inline {border:1px solid #AAAAAA;background:#EEF2F5;color:black;max-width:640px;margin:0 auto 80px;padding-bottom:5px;} .battle-log .inner {padding:4px 8px 0px 8px;} .battle-log .inner-preempt {padding:0 8px 4px 8px;} .battle-log .inner-after {margin-top:0.5em;} .battle-log h2 {margin:0.5em -8px;padding:4px 8px;border:1px solid #AAAAAA;background:#E0E7EA;border-left:0;border-right:0;font-family:Verdana, sans-serif;font-size:13pt;} .battle-log .chat {vertical-align:middle;padding:3px 0 3px 0;font-size:8pt;} .battle-log .chat strong {color:#40576A;} .battle-log .chat em {padding:1px 4px 1px 3px;color:#000000;font-style:normal;} .chat.mine {background:rgba(0,0,0,0.05);margin-left:-8px;margin-right:-8px;padding-left:8px;padding-right:8px;} .spoiler {color:#BBBBBB;background:#BBBBBB;padding:0px 3px;} .spoiler:hover, .spoiler:active, .spoiler-shown {color:#000000;background:#E2E2E2;padding:0px 3px;} .spoiler a {color:#BBBBBB;} .spoiler:hover a, .spoiler:active a, .spoiler-shown a {color:#2288CC;} .chat code, .chat .spoiler:hover code, .chat .spoiler:active code, .chat .spoiler-shown code {border:1px solid #C0C0C0;background:#EEEEEE;color:black;padding:0 2px;} .chat .spoiler code {border:1px solid #CCCCCC;background:#CCCCCC;color:#CCCCCC;} .battle-log .rated {padding:3px 4px;} .battle-log .rated strong {color:white;background:#89A;padding:1px 4px;border-radius:4px;} .spacer {margin-top:0.5em;} .message-announce {background:#6688AA;color:white;padding:1px 4px 2px;} .message-announce a, .broadcast-green a, .broadcast-blue a, .broadcast-red a {color:#DDEEFF;} .broadcast-green {background-color:#559955;color:white;padding:2px 4px;} .broadcast-blue {background-color:#6688AA;color:white;padding:2px 4px;} .infobox {border:1px solid #6688AA;padding:2px 4px;} .infobox-limited {max-height:200px;overflow:auto;overflow-x:hidden;} .broadcast-red {background-color:#AA5544;color:white;padding:2px 4px;} .message-learn-canlearn {font-weight:bold;color:#228822;text-decoration:underline;} .message-learn-cannotlearn {font-weight:bold;color:#CC2222;text-decoration:underline;} .message-effect-weak {font-weight:bold;color:#CC2222;} .message-effect-resist {font-weight:bold;color:#6688AA;} .message-effect-immune {font-weight:bold;color:#666666;} .message-learn-list {margin-top:0;margin-bottom:0;} .message-throttle-notice, .message-error {color:#992222;} .message-overflow, .chat small.message-overflow {font-size:0pt;} .message-overflow::before {font-size:9pt;content:'...';} .subtle {color:#3A4A66;}
</style>
<div class="wrapper replay-wrapper" style="max-width:1180px;margin:0 auto">
<input type="hidden" name="replayid" value="pu-564751826" />
<div class="battle"></div><div class="battle-log"></div><div class="replay-controls"></div><div class="replay-controls-2"></div>
<h1 style="font-weight:normal;text-align:center"><strong>PU</strong><br /><a href="http://pokemonshowdown.com/users/landona21" class="subtle" target="_blank">Landon_A#21</a> vs. <a href="http://pokemonshowdown.com/users/luckyryu" class="subtle" target="_blank">LuckyRyu</a></h1>
<script type="text/plain" class="battle-log-data">|j|Landon_A#21
|j|LuckyRyu
|player|p1|Landon_A#21|#teamrocket
|player|p2|LuckyRyu|160
|gametype|singles
|gen|6
|tier|PU
|seed|46159,37263,60298,44454
|rule|Sleep Clause Mod: Limit one foe put to sleep
|rule|Species Clause: Limit one of each Pokémon
|rule|OHKO Clause: OHKO moves are banned
|rule|Moody Clause: Moody is banned
|rule|Evasion Moves Clause: Evasion moves are banned
|rule|Endless Battle Clause: Forcing endless battles is banned
|rule|HP Percentage Mod: HP is shown in percentages
|clearpoke
|poke|p1|Leavanny, F|item
|poke|p1|Bouffalant, F|item
|poke|p1|Marowak, M|item
|poke|p1|Octillery, F|item
|poke|p1|Solrock|item
|poke|p1|Ampharos, F|item
|poke|p2|Servine, M|item
|poke|p2|Stoutland, M|item
|poke|p2|Trapinch, M|item
|poke|p2|Probopass, F|item
|poke|p2|Monferno, F|item
|poke|p2|Swanna, M|item
|rule|Swagger Clause: Swagger is banned
|rule|Baton Pass Clause: Limit one Baton Passer, can't pass Spe and other stats simultaneously
|teampreview
|j|TIBot
|j|Specs Jigglypuff
|j|GeneralAnnoyance
|j|PTF
|j|AgeispoIis
|choice|team 3, team 2, team 1, team 4, team 5, team 6|team 4, team 2, team 3, team 1, team 5, team 6
|
|start
|switch|p1a: Marowak|Marowak, M|324\/324
|switch|p2a: El Bigodon|Probopass, F|323\/323
|turn|1
|choice|move knockoff|switch 4
|
|switch|p2a: Pequeña Serpiente|Servine, M|323\/323
|move|p1a: Marowak|Knock Off|p2a: Pequeña Serpiente
|-damage|p2a: Pequeña Serpiente|160\/323
|-enditem|p2a: Pequeña Serpiente|Eviolite|[from] move: Knock Off|[of] p1a: Marowak
|
|upkeep
|turn|2
|choice|switch 3|move synthesis
|
|switch|p1a: Leavanny|Leavanny, F|291\/291
|move|p2a: Pequeña Serpiente|Synthesis|p2a: Pequeña Serpiente
|-heal|p2a: Pequeña Serpiente|321\/323
|
|upkeep
|turn|3
|choice|move knockoff|switch 4
|
|switch|p2a: El Bigodon|Probopass, F|323\/323
|move|p1a: Leavanny|Knock Off|p2a: El Bigodon
|-damage|p2a: El Bigodon|246\/323
|-enditem|p2a: El Bigodon|Passho Berry|[from] move: Knock Off|[of] p1a: Leavanny
|
|upkeep
|turn|4
|choice|move stickyweb|move stealthrock
|
|move|p1a: Leavanny|Sticky Web|p2a: El Bigodon
|-sidestart|p2: LuckyRyu|move: Sticky Web
|move|p2a: El Bigodon|Stealth Rock|p1a: Leavanny
|-sidestart|p1: Landon_A#21|move: Stealth Rock
|
|upkeep
|turn|5
|choice|switch 2|move powergem
|
|switch|p1a: Bouffalant|Bouffalant, F|364\/364
|-damage|p1a: Bouffalant|319\/364|[from] Stealth Rock
|move|p2a: El Bigodon|Power Gem|p1a: Bouffalant
|-crit|p1a: Bouffalant
|-damage|p1a: Bouffalant|192\/364
|
|-heal|p1a: Bouffalant|214\/364|[from] item: Leftovers
|upkeep
|turn|6
|choice|move substitute|move thunderwave
|
|move|p1a: Bouffalant|Substitute|p1a: Bouffalant
|-start|p1a: Bouffalant|Substitute
|-damage|p1a: Bouffalant|123\/364
|move|p2a: El Bigodon|Thunder Wave|p1a: Bouffalant
|-fail|p1a: Bouffalant
|
|-heal|p1a: Bouffalant|145\/364|[from] item: Leftovers
|upkeep
|turn|7
|choice|move swordsdance|move powergem
|
|move|p1a: Bouffalant|Swords Dance|p1a: Bouffalant
|-boost|p1a: Bouffalant|atk|2
|move|p2a: El Bigodon|Power Gem|p1a: Bouffalant
|-activate|p1a: Bouffalant|move: Substitute|[damage]
|
|-heal|p1a: Bouffalant|167\/364|[from] item: Leftovers
|upkeep
|turn|8
|choice|move earthquake|move powergem
|
|move|p1a: Bouffalant|Earthquake|p2a: El Bigodon
|-supereffective|p2a: El Bigodon
|-damage|p2a: El Bigodon|0 fnt
|faint|p2a: El Bigodon
|
|-heal|p1a: Bouffalant|189\/364|[from] item: Leftovers
|upkeep
|choice||switch 5
|
|switch|p2a: Sun Wukong|Monferno, F|269\/269
|-activate|p2a: Sun Wukong|move: Sticky Web
|-unboost|p2a: Sun Wukong|spe|1
|turn|9
|choice|move earthquake|move machpunch
|
|move|p2a: Sun Wukong|Mach Punch|p1a: Bouffalant
|-supereffective|p1a: Bouffalant
|-end|p1a: Bouffalant|Substitute
|move|p1a: Bouffalant|Earthquake|p2a: Sun Wukong
|-supereffective|p2a: Sun Wukong
|-damage|p2a: Sun Wukong|0 fnt
|faint|p2a: Sun Wukong
|
|-heal|p1a: Bouffalant|211\/364|[from] item: Leftovers
|upkeep
|choice||switch 6
|
|switch|p2a: Dolan|Swanna, M|291\/291
|turn|10
|choice|move frustration|move defog
|
|move|p2a: Dolan|Defog|p1a: Bouffalant
|-unboost|p1a: Bouffalant|evasion|1
|-sideend|p1: Landon_A#21|Stealth Rock|[from] move: Defog|[of] p1a: Bouffalant
|-sideend|p2: LuckyRyu|Sticky Web|[from] move: Defog|[of] p2a: Dolan
|move|p1a: Bouffalant|Frustration|p2a: Dolan
|-damage|p2a: Dolan|0 fnt
|faint|p2a: Dolan
|
|-heal|p1a: Bouffalant|233\/364|[from] item: Leftovers
|upkeep
|c|%GeneralAnnoyance|the block is hot
|choice||switch 2
|
|switch|p2a: Magrelinho|Stoutland, M|311\/311
|turn|11
|choice|move frustration|move superpower
|
|move|p2a: Magrelinho|Superpower|p1a: Bouffalant
|-supereffective|p1a: Bouffalant
|-damage|p1a: Bouffalant|0 fnt
|-unboost|p2a: Magrelinho|atk|1
|-unboost|p2a: Magrelinho|def|1
|faint|p1a: Bouffalant
|
|upkeep
|choice|switch 3|
|
|switch|p1a: Marowak|Marowak, M|324\/324
|turn|12
|choice|move firepunch|switch 4
|
|switch|p2a: Pequeña Serpiente|Servine, M|321\/323
|move|p1a: Marowak|Fire Punch|p2a: Pequeña Serpiente
|-supereffective|p2a: Pequeña Serpiente
|-damage|p2a: Pequeña Serpiente|0 fnt
|faint|p2a: Pequeña Serpiente
|
|upkeep
|choice||switch 4
|
|switch|p2a: Magrelinho|Stoutland, M|311\/311
|turn|13
|choice|move bonemerang|move return
|
|move|p2a: Magrelinho|Return|p1a: Marowak
|-damage|p1a: Marowak|62\/324
|move|p1a: Marowak|Bonemerang|p2a: Magrelinho
|-damage|p2a: Magrelinho|169\/311
|-damage|p2a: Magrelinho|7\/311
|-hitcount|p2a: Magrelinho|2
|
|upkeep
|turn|14
|choice|move knockoff|move return
|
|move|p2a: Magrelinho|Return|p1a: Marowak
|-damage|p1a: Marowak|0 fnt
|faint|p1a: Marowak
|
|upkeep
|choice|switch 5|
|
|switch|p1a: Solrock|Solrock|281\/281
|turn|15
|-message|LuckyRyu forfeited.
|
|win|Landon_A#21
|l|TIBot
|l|LuckyRyu
|c|☆Landon_A#21|ah
|l|Specs Jigglypuff
|l|GeneralAnnoyance
|l|PTF
|c| AgeispoIis|nice team</script>
</div>
<div class="battle-log battle-log-inline"><div class="inner"><div class="battle-options"></div><div class="inner"><div class="chat"><small>Landon_A#21 joined.</small></div><div class="chat"><small>LuckyRyu joined.</small></div><div class=""><small>Format:</small> <br><strong>PU</strong></div><div class=""><small><em>Sleep Clause Mod:</em> Limit one foe put to sleep</small></div><div class=""><small><em>Species Clause:</em> Limit one of each Pokémon</small></div><div class=""><small><em>OHKO Clause:</em> OHKO moves are banned</small></div><div class=""><small><em>Moody Clause:</em> Moody is banned</small></div><div class=""><small><em>Evasion Moves Clause:</em> Evasion moves are banned</small></div><div class=""><small><em>Endless Battle Clause:</em> Forcing endless battles is banned</small></div><div class=""><small><em>HP Percentage Mod:</em> HP is shown in percentages</small></div><div class=""><small><em>Swagger Clause:</em> Swagger is banned</small></div><div class=""><small><em>Baton Pass Clause:</em> Limit one Baton Passer, can't pass Spe and other stats simultaneously</small></div><div class="chat battle-history"><strong>Landon_A#21's team:</strong> <em style="color:#445566;display:block;">Leavanny / Bouffalant / Marowak / Octillery / Solrock / Ampharos</em></div><div class="chat battle-history"><strong>LuckyRyu's team:</strong> <em style="color:#445566;display:block;">Servine / Stoutland / Trapinch / Probopass / Monferno / Swanna</em></div><div class="chat"><small>TIBot joined.</small></div><div class="chat"><small>Specs Jigglypuff joined.</small></div><div class="chat"><small>GeneralAnnoyance joined.</small></div><div class="chat"><small>PTF joined.</small></div><div class="chat"><small>AgeispoIis joined.</small></div><div class="spacer battle-history"><br></div><div class="battle-history">Battle started between Landon_A#21 and LuckyRyu!<br></div><div class="spacer battle-history"><br></div><div class="battle-history">Go! <strong>Marowak</strong>!<br></div><div class="spacer battle-history"><br></div><div class="battle-history">LuckyRyu sent out El Bigodon (<strong>Probopass</strong>)!<br></div><div class="spacer battle-history"><br></div><h2 class="battle-history">Turn 1</h2><div class="spacer battle-history"><br></div><div class="battle-history">LuckyRyu withdrew El Bigodon!<br></div><div class="battle-history">LuckyRyu sent out Pequeña Serpiente (<strong>Servine</strong>)!<br></div><div class="spacer battle-history"><br></div><div class="battle-history">Marowak used <strong>Knock Off</strong>!<br></div><div class="battle-history"><small>(The opposing Pequeña Serpiente lost <abbr title="−163/323">50.5%</abbr> of its health!)</small><br></div><div class="battle-history"><small>Marowak knocked off the opposing Pequeña Serpiente's Eviolite!</small><br></div><div class="spacer battle-history"><br></div><h2 class="battle-history">Turn 2</h2><div class="spacer battle-history"><br></div><div class="battle-history">Marowak, come back!<br></div><div class="battle-history">Go! <strong>Leavanny</strong>!<br></div><div class="spacer battle-history"><br></div><div class="battle-history">The opposing Pequeña Serpiente used <strong>Synthesis</strong>!<br></div><div class="battle-history"><small>The opposing Pequeña Serpiente restored its HP.</small><br></div><div class="spacer battle-history"><br></div><h2 class="battle-history">Turn 3</h2><div class="spacer battle-history"><br></div><div class="battle-history">LuckyRyu withdrew Pequeña Serpiente!<br></div><div class="battle-history">LuckyRyu sent out El Bigodon (<strong>Probopass</strong>)!<br></div><div class="spacer battle-history"><br></div><div class="battle-history">Leavanny used <strong>Knock Off</strong>!<br></div><div class="battle-history"><small>(The opposing El Bigodon lost <abbr title="−77/323">23.8%</abbr> of its health!)</small><br></div><div class="battle-history"><small>Leavanny knocked off the opposing El Bigodon's Passho Berry!</small><br></div><div class="spacer battle-history"><br></div><h2 class="battle-history">Turn 4</h2><div class="spacer battle-history"><br></div><div class="battle-history">Leavanny used <strong>Sticky Web</strong>!<br></div><div class="battle-history"><small>A sticky web spreads out on the ground around the opposing team!</small><br></div><div class="spacer battle-history"><br></div><div class="battle-history">The opposing El Bigodon used <strong>Stealth Rock</strong>!<br></div><div class="battle-history"><small>Pointed stones float in the air around your team!</small><br></div><div class="spacer battle-history"><br></div><h2 class="battle-history">Turn 5</h2><div class="spacer battle-history"><br></div><div class="battle-history">Leavanny, come back!<br></div><div class="battle-history">Go! <strong>Bouffalant</strong>!<br></div><div class="battle-history"><small>Pointed stones dug into Bouffalant!</small><br></div><div class="spacer battle-history"><br></div><div class="battle-history">The opposing El Bigodon used <strong>Power Gem</strong>!<br></div><div class="battle-history"><small>A critical hit!</small><br></div><div class="battle-history"><small>(Bouffalant lost <abbr title="−127/364">34.9%</abbr> of its health!)</small><br></div><div class="spacer battle-history"><br></div><div class="battle-history"><small>Bouffalant restored a little HP using its Leftovers!</small><br></div><div class="spacer battle-history"><br></div><h2 class="battle-history">Turn 6</h2><div class="spacer battle-history"><br></div><div class="battle-history">Bouffalant used <strong>Substitute</strong>!<br></div><div class="battle-history"><small>Bouffalant put in a substitute!</small><br></div><div class="battle-history"><small>(Bouffalant lost <abbr title="−91/364">25%</abbr> of its health!)</small><br></div><div class="spacer battle-history"><br></div><div class="battle-history">The opposing El Bigodon used <strong>Thunder Wave</strong>!<br></div><div class="battle-history"><small>But it failed!</small><br></div><div class="spacer battle-history"><br></div><div class="battle-history"><small>Bouffalant restored a little HP using its Leftovers!</small><br></div><div class="spacer battle-history"><br></div><h2 class="battle-history">Turn 7</h2><div class="spacer battle-history"><br></div><div class="battle-history">Bouffalant used <strong>Swords Dance</strong>!<br></div><div class="battle-history"><small>Bouffalant's Attack rose sharply!</small><br></div><div class="spacer battle-history"><br></div><div class="battle-history">The opposing El Bigodon used <strong>Power Gem</strong>!<br></div><div class="battle-history"><small>The substitute took damage for Bouffalant!</small><br></div><div class="spacer battle-history"><br></div><div class="battle-history"><small>Bouffalant restored a little HP using its Leftovers!</small><br></div><div class="spacer battle-history"><br></div><h2 class="battle-history">Turn 8</h2><div class="spacer battle-history"><br></div><div class="battle-history">Bouffalant used <strong>Earthquake</strong>!<br></div><div class="battle-history"><small>It's super effective!</small><br></div><div class="battle-history"><small>(The opposing El Bigodon lost <abbr title="−246/323">76.2%</abbr> of its health!)</small><br></div><div class="spacer battle-history"><br></div><div class="battle-history">The opposing El Bigodon fainted!<br></div><div class="spacer battle-history"><br></div><div class="battle-history"><small>Bouffalant restored a little HP using its Leftovers!</small><br></div><div class="spacer battle-history"><br></div><div class="battle-history">LuckyRyu sent out Sun Wukong (<strong>Monferno</strong>)!<br></div><div class="battle-history"><small>The opposing Sun Wukong was caught in a sticky web!</small><br></div><div class="battle-history"><small>The opposing Sun Wukong's Speed fell!</small><br></div><div class="spacer battle-history"><br></div><h2 class="battle-history">Turn 9</h2><div class="spacer battle-history"><br></div><div class="battle-history">The opposing Sun Wukong used <strong>Mach Punch</strong>!<br></div><div class="battle-history"><small>It's super effective!</small><br></div><div class="battle-history"><small>Bouffalant's substitute faded!</small><br></div><div class="spacer battle-history"><br></div><div class="battle-history">Bouffalant used <strong>Earthquake</strong>!<br></div><div class="battle-history"><small>It's super effective!</small><br></div><div class="battle-history"><small>(The opposing Sun Wukong lost <abbr title="−269/269">100%</abbr> of its health!)</small><br></div><div class="spacer battle-history"><br></div><div class="battle-history">The opposing Sun Wukong fainted!<br></div><div class="spacer battle-history"><br></div><div class="battle-history"><small>Bouffalant restored a little HP using its Leftovers!</small><br></div><div class="spacer battle-history"><br></div><div class="battle-history">LuckyRyu sent out Dolan (<strong>Swanna</strong>)!<br></div><div class="spacer battle-history"><br></div><h2 class="battle-history">Turn 10</h2><div class="spacer battle-history"><br></div><div class="battle-history">The opposing Dolan used <strong>Defog</strong>!<br></div><div class="battle-history"><small>Bouffalant's evasiveness fell!</small><br></div><div class="battle-history"><small>The pointed stones disappeared from around your team!</small><br></div><div class="battle-history"><small>The sticky web has disappeared from the ground around the opposing team!</small><br></div><div class="spacer battle-history"><br></div><div class="battle-history">Bouffalant used <strong>Frustration</strong>!<br></div><div class="battle-history"><small>(The opposing Dolan lost <abbr title="−291/291">100%</abbr> of its health!)</small><br></div><div class="spacer battle-history"><br></div><div class="battle-history">The opposing Dolan fainted!<br></div><div class="spacer battle-history"><br></div><div class="battle-history"><small>Bouffalant restored a little HP using its Leftovers!</small><br></div><div class="chat chatmessage-generalannoyance"><strong style="color:hsl(8,71%,47.94778681971398%)"><small>%</small><span class="username" data-name="GeneralAnnoyance">GeneralAnnoyance</span>:</strong> <em>the block is hot</em></div><div class="spacer battle-history"><br></div><div class="battle-history">LuckyRyu sent out Magrelinho (<strong>Stoutland</strong>)!<br></div><div class="spacer battle-history"><br></div><h2 class="battle-history">Turn 11</h2><div class="spacer battle-history"><br></div><div class="battle-history">The opposing Magrelinho used <strong>Superpower</strong>!<br></div><div class="battle-history"><small>It's super effective!</small><br></div><div class="battle-history"><small>(Bouffalant lost <abbr title="−233/364">64.0%</abbr> of its health!)</small><br></div><div class="battle-history"><small>The opposing Magrelinho's Attack fell!</small><br></div><div class="battle-history"><small>The opposing Magrelinho's Defense fell!</small><br></div><div class="spacer battle-history"><br></div><div class="battle-history">Bouffalant fainted!<br></div><div class="spacer battle-history"><br></div><div class="battle-history">Go! <strong>Marowak</strong>!<br></div><div class="spacer battle-history"><br></div><h2 class="battle-history">Turn 12</h2><div class="spacer battle-history"><br></div><div class="battle-history">LuckyRyu withdrew Magrelinho!<br></div><div class="battle-history">LuckyRyu sent out Pequeña Serpiente (<strong>Servine</strong>)!<br></div><div class="spacer battle-history"><br></div><div class="battle-history">Marowak used <strong>Fire Punch</strong>!<br></div><div class="battle-history"><small>It's super effective!</small><br></div><div class="battle-history"><small>(The opposing Pequeña Serpiente lost <abbr title="−321/323">99.4%</abbr> of its health!)</small><br></div><div class="spacer battle-history"><br></div><div class="battle-history">The opposing Pequeña Serpiente fainted!<br></div><div class="spacer battle-history"><br></div><div class="battle-history">LuckyRyu sent out Magrelinho (<strong>Stoutland</strong>)!<br></div><div class="spacer battle-history"><br></div><h2 class="battle-history">Turn 13</h2><div class="spacer battle-history"><br></div><div class="battle-history">The opposing Magrelinho used <strong>Return</strong>!<br></div><div class="battle-history"><small>(Marowak lost <abbr title="−262/324">80.9%</abbr> of its health!)</small><br></div><div class="spacer battle-history"><br></div><div class="battle-history">Marowak used <strong>Bonemerang</strong>!<br></div><div class="battle-history"><small>(The opposing Magrelinho lost <abbr title="−142/311">45.7%</abbr> of its health!)</small><br></div><div class="battle-history"><small>(The opposing Magrelinho lost <abbr title="−162/311">52.1%</abbr> of its health!)</small><br></div><div class="battle-history"><small>Hit 2 times!</small><br></div><div class="spacer battle-history"><br></div><h2 class="battle-history">Turn 14</h2><div class="spacer battle-history"><br></div><div class="battle-history">The opposing Magrelinho used <strong>Return</strong>!<br></div><div class="battle-history"><small>(Marowak lost <abbr title="−62/324">19.1%</abbr> of its health!)</small><br></div><div class="spacer battle-history"><br></div><div class="battle-history">Marowak fainted!<br></div><div class="spacer battle-history"><br></div><div class="battle-history">Go! <strong>Solrock</strong>!<br></div><div class="spacer battle-history"><br></div><h2 class="battle-history">Turn 15</h2><div class="spacer battle-history"><br></div><div class="battle-history"><small>LuckyRyu forfeited.</small><br></div><div class="spacer battle-history"><br></div><div class="battle-history"><strong>Landon_A#21</strong> won the battle!<br></div><div class="chat"><small>TIBot left.</small></div><div class="chat"><small>LuckyRyu left.</small></div><div class="chat chatmessage-landona21"><strong style="color:hsl(167,79%,33.666666666666664%)"><small>☆</small><span class="username" data-name="Landon_A#21">Landon_A#21</span>:</strong> <em>ah</em></div><div class="chat"><small>Specs Jigglypuff left.</small></div><div class="chat"><small>GeneralAnnoyance left.</small></div><div class="chat"><small>PTF left.</small></div><div class="chat chatmessage-ageispoiis"><strong style="color:hsl(333,87%,48%)"><small> </small><span class="username" data-name="AgeispoIis">AgeispoIis</span>:</strong> <em>nice team</em></div></div><div class="inner-preempt"></div></div></div>
</div>
<script>
let daily = Math.floor(Date.now()/1000/60/60/24);document.write('<script src="https://play.pokemonshowdown.com/js/replay-embed.js?version'+daily+'"></'+'script>');
</script>
