<!DOCTYPE html>
<meta charset="utf-8" />
<!-- version 1 -->
<title>PU replay: DeaEX vs. xTufo</title>
<style>
html,body {font-family:Verdana, sans-serif;font-size:10pt;margin:0;padding:0;}body{padding:12px 0;} .battle-log {font-family:Verdana, sans-serif;font-size:10pt;} .battle-log-inline {border:1px solid #AAAAAA;background:#EEF2F5;color:black;max-width:640px;margin:0 auto 80px;padding-bottom:5px;} .battle-log .inner {padding:4px 8px 0px 8px;} .battle-log .inner-preempt {padding:0 8px 4px 8px;} .battle-log .inner-after {margin-top:0.5em;} .battle-log h2 {margin:0.5em -8px;padding:4px 8px;border:1px solid #AAAAAA;background:#E0E7EA;border-left:0;border-right:0;font-family:Verdana, sans-serif;font-size:13pt;} .battle-log .chat {vertical-align:middle;padding:3px 0 3px 0;font-size:8pt;} .battle-log .chat strong {color:#40576A;} .battle-log .chat em {padding:1px 4px 1px 3px;color:#000000;font-style:normal;} .chat.mine {background:rgba(0,0,0,0.05);margin-left:-8px;margin-right:-8px;padding-left:8px;padding-right:8px;} .spoiler {color:#BBBBBB;background:#BBBBBB;padding:0px 3px;} .spoiler:hover, .spoiler:active, .spoiler-shown {color:#000000;background:#E2E2E2;padding:0px 3px;} .spoiler a {color:#BBBBBB;} .spoiler:hover a, .spoiler:active a, .spoiler-shown a {color:#2288CC;} .chat code, .chat .spoiler:hover code, .chat .spoiler:active code, .chat .spoiler-shown code {border:1px solid #C0C0C0;background:#EEEEEE;color:black;padding:0 2px;} .chat .spoiler code {border:1px solid #CCCCCC;background:#CCCCCC;color:#CCCCCC;} .battle-log .rated {padding:3px 4px;} .battle-log .rated strong {color:white;background:#89A;padding:1px 4px;border-radius:4px;} .spacer {margin-top:0.5em;} .message-announce {background:#6688AA;color:white;padding:1px 4px 2px;} .message-announce a, .broadcast-green a, .broadcast-blue a, .broadcast-red a {color:#DDEEFF;} .broadcast-green {background-color:#559955;color:white;padding:2px 4px;} .broadcast-blue {background-color:#6688AA;color:white;padding:2px 4px;} .infobox {border:1px solid #6688AA;padding:2px 4px;} .infobox-limited {max-height:200px;overflow:auto;overflow-x:hidden;} .broadcast-red {background-color:#AA5544;color:white;padding:2px 4px;} .message-learn-canlearn {font-weight:bold;color:#228822;text-decoration:underline;} .message-learn-cannotlearn {font-weight:bold;color:#CC2222;text-decoration:underline;} .message-effect-weak {font-weight:bold;color:#CC2222;} .message-effect-resist {font-weight:bold;color:#6688AA;} .message-effect-immune {font-weight:bold;color:#666666;} .message-learn-list {margin-top:0;margin-bottom:0;} .message-throttle-notice, .message-error {color:#992222;} .message-overflow, .chat small.message-overflow {font-size:0pt;} .message-overflow::before {font-size:9pt;content:'...';} .subtle {color:#3A4A66;}
</style>
<div class="wrapper replay-wrapper" style="max-width:1180px;margin:0 auto">
<input type="hidden" name="replayid" value="pu-551023363" />
<div class="battle"></div><div class="battle-log"></div><div class="replay-controls"></div><div class="replay-controls-2"></div>
<h1 style="font-weight:normal;text-align:center"><strong>PU</strong><br /><a href="http://pokemonshowdown.com/users/deaex" class="subtle" target="_blank">DeaEX</a> vs. <a href="http://pokemonshowdown.com/users/xtufo" class="subtle" target="_blank">xTufo</a></h1>
<script type="text/plain" class="battle-log-data">|j|DeaEX
|j|xTufo
|player|p1|DeaEX|264
|player|p2|xTufo|170
|gametype|singles
|gen|6
|tier|PU
|rated
|seed|23737,34788,61123,12045
|rule|Sleep Clause Mod: Limit one foe put to sleep
|rule|Species Clause: Limit one of each Pokémon
|rule|OHKO Clause: OHKO moves are banned
|rule|Moody Clause: Moody is banned
|rule|Evasion Moves Clause: Evasion moves are banned
|rule|Endless Battle Clause: Forcing endless battles is banned
|rule|HP Percentage Mod: HP is shown in percentages
|clearpoke
|poke|p1|Zebstrika, M|item
|poke|p1|Servine, F, shiny|item
|poke|p1|Dodrio, F|item
|poke|p1|Swoobat, M|item
|poke|p1|Monferno, F|item
|poke|p1|Probopass, F|item
|poke|p2|Luxray, M|item
|poke|p2|Gogoat, M, shiny|item
|poke|p2|Rapidash, F, shiny|item
|poke|p2|Wartortle, M|item
|poke|p2|Zebstrika, F|item
|poke|p2|Gigalith, M, shiny|item
|rule|Swagger Clause: Swagger is banned
|rule|Baton Pass Clause: Limit one Baton Passer, can't pass Spe and other stats simultaneously
|teampreview
|choice|team 6, team 2, team 3, team 4, team 5, team 1|team 6, team 2, team 3, team 4, team 5, team 1
|
|start
|switch|p1a: da nose|Probopass, F|304\/304
|switch|p2a: Gigalith|Gigalith, M, shiny|360\/360
|turn|1
|choice|move stealthrock|move stealthrock
|
|move|p1a: da nose|Stealth Rock|p2a: Gigalith
|-sidestart|p2: xTufo|move: Stealth Rock
|move|p2a: Gigalith|Stealth Rock|p1a: da nose
|-sidestart|p1: DeaEX|move: Stealth Rock
|
|upkeep
|turn|2
|choice|move flashcannon|move earthquake
|
|move|p1a: da nose|Flash Cannon|p2a: Gigalith
|-supereffective|p2a: Gigalith
|-damage|p2a: Gigalith|88\/360
|move|p2a: Gigalith|Earthquake|p1a: da nose
|-supereffective|p1a: da nose
|-damage|p1a: da nose|0 fnt
|faint|p1a: da nose
|
|upkeep
|choice|switch 2|
|
|switch|p1a: Midlord|Servine, F, shiny|324\/324
|-damage|p1a: Midlord|284\/324|[from] Stealth Rock
|turn|3
|choice|move leafstorm|move explosion
|-enditem|p2a: Gigalith|Custap Berry|[eat]
|-activate|p2a: Gigalith|item: Custap Berry
|
|move|p2a: Gigalith|Explosion|p1a: Midlord
|-damage|p1a: Midlord|0 fnt
|faint|p2a: Gigalith
|faint|p1a: Midlord
|
|upkeep
|choice|switch 4|switch 4
|
|switch|p1a: LOVE|Swoobat, M|275\/275
|switch|p2a: Wartortle|Wartortle, M|322\/322
|-damage|p1a: LOVE|207\/275|[from] Stealth Rock
|-damage|p2a: Wartortle|282\/322|[from] Stealth Rock
|turn|4
|choice|move calmmind|move protect
|
|move|p2a: Wartortle|Protect|p2a: Wartortle
|-singleturn|p2a: Wartortle|Protect
|move|p1a: LOVE|Calm Mind|p1a: LOVE
|-boost|p1a: LOVE|spa|2
|-boost|p1a: LOVE|spd|2
|
|upkeep
|turn|5
|choice|move calmmind|move rapidspin
|
|move|p1a: LOVE|Calm Mind|p1a: LOVE
|-boost|p1a: LOVE|spa|2
|-boost|p1a: LOVE|spd|2
|move|p2a: Wartortle|Rapid Spin|p1a: LOVE
|-damage|p1a: LOVE|191\/275
|-sideend|p2: xTufo|Stealth Rock|[from] move: Rapid Spin|[of] p2a: Wartortle
|
|upkeep
|turn|6
|choice|move substitute|move toxic
|
|move|p1a: LOVE|Substitute|p1a: LOVE
|-start|p1a: LOVE|Substitute
|-damage|p1a: LOVE|123\/275
|move|p2a: Wartortle|Toxic|p1a: LOVE
|-fail|p1a: LOVE
|
|upkeep
|turn|7
|choice|move calmmind|move scald
|
|move|p1a: LOVE|Calm Mind|p1a: LOVE
|-boost|p1a: LOVE|spa|2
|-boost|p1a: LOVE|spd|2
|move|p2a: Wartortle|Scald|p1a: LOVE
|-activate|p1a: LOVE|move: Substitute|[damage]
|
|upkeep
|turn|8
|choice|move storedpower|switch 5
|
|switch|p2a: Zebstrika|Zebstrika, F|291\/291
|move|p1a: LOVE|Stored Power|p2a: Zebstrika
|-damage|p2a: Zebstrika|0 fnt
|faint|p2a: Zebstrika
|
|upkeep
|choice||switch 6
|
|switch|p2a: Luxray|Luxray, M|302\/302
|-ability|p2a: Luxray|Intimidate|boost
|-immune|p1a: LOVE|[msg]
|turn|9
|choice|move storedpower|move wildcharge
|
|move|p2a: Luxray|Wild Charge|p1a: LOVE
|-supereffective|p1a: LOVE
|-end|p1a: LOVE|Substitute
|-damage|p2a: Luxray|292\/302|[from] recoil|[of] p1a: LOVE
|move|p1a: LOVE|Stored Power|p2a: Luxray
|-damage|p2a: Luxray|0 fnt
|faint|p2a: Luxray
|
|upkeep
|choice||switch 3
|
|switch|p2a: Rapidash|Rapidash, F, shiny|271\/271
|turn|10
|choice|move substitute|move wildcharge
|
|move|p1a: LOVE|Substitute|p1a: LOVE
|-start|p1a: LOVE|Substitute
|-damage|p1a: LOVE|55\/275
|-enditem|p1a: LOVE|Salac Berry|[eat]
|-boost|p1a: LOVE|spe|2
|move|p2a: Rapidash|Wild Charge|p1a: LOVE
|-supereffective|p1a: LOVE
|-end|p1a: LOVE|Substitute
|-damage|p2a: Rapidash|254\/271|[from] recoil|[of] p1a: LOVE
|
|upkeep
|turn|11
|choice|move storedpower|move wildcharge
|
|move|p1a: LOVE|Stored Power|p2a: Rapidash
|-damage|p2a: Rapidash|0 fnt
|faint|p2a: Rapidash
|
|upkeep
|choice||switch 5
|
|switch|p2a: Wartortle|Wartortle, M|282\/322
|turn|12
|choice|move storedpower|move toxic
|
|move|p1a: LOVE|Stored Power|p2a: Wartortle
|-damage|p2a: Wartortle|0 fnt
|faint|p2a: Wartortle
|
|upkeep
|choice||switch 2
|
|switch|p2a: Gogoat|Gogoat, M, shiny|450\/450
|turn|13
|choice|move storedpower|move hornleech
|
|move|p1a: LOVE|Stored Power|p2a: Gogoat
|-damage|p2a: Gogoat|0 fnt
|faint|p2a: Gogoat
|
|win|DeaEX
|l|xTufo</script>
</div>
<div class="battle-log battle-log-inline"><div class="inner"><div class="battle-options"></div><div class="inner"><div class="chat"><small>DeaEX joined.</small></div><div class="chat"><small>xTufo joined.</small></div><div class=""><small>Format:</small> <br><strong>PU</strong></div><div class="rated"><strong>Rated battle</strong></div><div class=""><small><em>Sleep Clause Mod:</em> Limit one foe put to sleep</small></div><div class=""><small><em>Species Clause:</em> Limit one of each Pokémon</small></div><div class=""><small><em>OHKO Clause:</em> OHKO moves are banned</small></div><div class=""><small><em>Moody Clause:</em> Moody is banned</small></div><div class=""><small><em>Evasion Moves Clause:</em> Evasion moves are banned</small></div><div class=""><small><em>Endless Battle Clause:</em> Forcing endless battles is banned</small></div><div class=""><small><em>HP Percentage Mod:</em> HP is shown in percentages</small></div><div class=""><small><em>Swagger Clause:</em> Swagger is banned</small></div><div class=""><small><em>Baton Pass Clause:</em> Limit one Baton Passer, can't pass Spe and other stats simultaneously</small></div><div class="chat battle-history"><strong>DeaEX's team:</strong> <em style="color:#445566;display:block;">Zebstrika / Servine / Dodrio / Swoobat / Monferno / Probopass</em></div><div class="chat battle-history"><strong>xTufo's team:</strong> <em style="color:#445566;display:block;">Luxray / Gogoat / Rapidash / Wartortle / Zebstrika / Gigalith</em></div><div class="spacer battle-history"><br></div><div class="battle-history">Battle started between DeaEX and xTufo!<br></div><div class="spacer battle-history"><br></div><div class="battle-history">Go! da nose (<strong>Probopass</strong>)!<br></div><div class="spacer battle-history"><br></div><div class="battle-history">xTufo sent out <strong>Gigalith</strong>!<br></div><div class="spacer battle-history"><br></div><h2 class="battle-history">Turn 1</h2><div class="spacer battle-history"><br></div><div class="battle-history">da nose used <strong>Stealth Rock</strong>!<br></div><div class="battle-history"><small>Pointed stones float in the air around the opposing team!</small><br></div><div class="spacer battle-history"><br></div><div class="battle-history">The opposing Gigalith used <strong>Stealth Rock</strong>!<br></div><div class="battle-history"><small>Pointed stones float in the air around your team!</small><br></div><div class="spacer battle-history"><br></div><h2 class="battle-history">Turn 2</h2><div class="spacer battle-history"><br></div><div class="battle-history">da nose used <strong>Flash Cannon</strong>!<br></div><div class="battle-history"><small>It's super effective!</small><br></div><div class="battle-history"><small>(The opposing Gigalith lost <abbr title="−272/360">75.6%</abbr> of its health!)</small><br></div><div class="spacer battle-history"><br></div><div class="battle-history">The opposing Gigalith used <strong>Earthquake</strong>!<br></div><div class="battle-history"><small>It's super effective!</small><br></div><div class="battle-history"><small>(da nose lost <abbr title="−304/304">100%</abbr> of its health!)</small><br></div><div class="spacer battle-history"><br></div><div class="battle-history">da nose fainted!<br></div><div class="spacer battle-history"><br></div><div class="battle-history">Go! Midlord (<strong>Servine</strong>)!<br></div><div class="battle-history"><small>Pointed stones dug into Midlord!</small><br></div><div class="spacer battle-history"><br></div><h2 class="battle-history">Turn 3</h2><div class="spacer battle-history"><br></div><div class="battle-history"><small>The opposing Gigalith ate its Custap Berry!</small><br></div><div class="battle-history"><small>The opposing Gigalith's Custap Berry let it move first!</small><br></div><div class="spacer battle-history"><br></div><div class="battle-history">The opposing Gigalith used <strong>Explosion</strong>!<br></div><div class="battle-history"><small>(Midlord lost <abbr title="−284/324">87.7%</abbr> of its health!)</small><br></div><div class="spacer battle-history"><br></div><div class="battle-history">The opposing Gigalith fainted!<br></div><div class="battle-history">Midlord fainted!<br></div><div class="spacer battle-history"><br></div><div class="battle-history">Go! LOVE (<strong>Swoobat</strong>)!<br></div><div class="spacer battle-history"><br></div><div class="battle-history">xTufo sent out <strong>Wartortle</strong>!<br></div><div class="battle-history"><small>Pointed stones dug into LOVE!</small><br></div><div class="battle-history"><small>Pointed stones dug into the opposing Wartortle!</small><br></div><div class="spacer battle-history"><br></div><h2 class="battle-history">Turn 4</h2><div class="spacer battle-history"><br></div><div class="battle-history">The opposing Wartortle used <strong>Protect</strong>!<br></div><div class="battle-history"><small>The opposing Wartortle protected itself!</small><br></div><div class="spacer battle-history"><br></div><div class="battle-history">LOVE used <strong>Calm Mind</strong>!<br></div><div class="battle-history"><small>LOVE's Special Attack rose sharply!</small><br></div><div class="battle-history"><small>LOVE's Special Defense rose sharply!</small><br></div><div class="spacer battle-history"><br></div><h2 class="battle-history">Turn 5</h2><div class="spacer battle-history"><br></div><div class="battle-history">LOVE used <strong>Calm Mind</strong>!<br></div><div class="battle-history"><small>LOVE's Special Attack rose sharply!</small><br></div><div class="battle-history"><small>LOVE's Special Defense rose sharply!</small><br></div><div class="spacer battle-history"><br></div><div class="battle-history">The opposing Wartortle used <strong>Rapid Spin</strong>!<br></div><div class="battle-history"><small>(LOVE lost <abbr title="−16/275">5.8%</abbr> of its health!)</small><br></div><div class="battle-history"><small>The pointed stones disappeared from around the opposing team!</small><br></div><div class="spacer battle-history"><br></div><h2 class="battle-history">Turn 6</h2><div class="spacer battle-history"><br></div><div class="battle-history">LOVE used <strong>Substitute</strong>!<br></div><div class="battle-history"><small>LOVE put in a substitute!</small><br></div><div class="battle-history"><small>(LOVE lost <abbr title="−68/275">24.7%</abbr> of its health!)</small><br></div><div class="spacer battle-history"><br></div><div class="battle-history">The opposing Wartortle used <strong>Toxic</strong>!<br></div><div class="battle-history"><small>But it failed!</small><br></div><div class="spacer battle-history"><br></div><h2 class="battle-history">Turn 7</h2><div class="spacer battle-history"><br></div><div class="battle-history">LOVE used <strong>Calm Mind</strong>!<br></div><div class="battle-history"><small>LOVE's Special Attack rose sharply!</small><br></div><div class="battle-history"><small>LOVE's Special Defense rose sharply!</small><br></div><div class="spacer battle-history"><br></div><div class="battle-history">The opposing Wartortle used <strong>Scald</strong>!<br></div><div class="battle-history"><small>The substitute took damage for LOVE!</small><br></div><div class="spacer battle-history"><br></div><h2 class="battle-history">Turn 8</h2><div class="spacer battle-history"><br></div><div class="battle-history">xTufo withdrew Wartortle!<br></div><div class="battle-history">xTufo sent out <strong>Zebstrika</strong>!<br></div><div class="spacer battle-history"><br></div><div class="battle-history">LOVE used <strong>Stored Power</strong>!<br></div><div class="battle-history"><small>(The opposing Zebstrika lost <abbr title="−291/291">100%</abbr> of its health!)</small><br></div><div class="spacer battle-history"><br></div><div class="battle-history">The opposing Zebstrika fainted!<br></div><div class="spacer battle-history"><br></div><div class="battle-history">xTufo sent out <strong>Luxray</strong>!<br></div><div class="battle-history"><small>[The opposing Luxray's Intimidate]</small><br></div><div class="battle-history"><small>It doesn't affect LOVE...</small><br></div><div class="spacer battle-history"><br></div><h2 class="battle-history">Turn 9</h2><div class="spacer battle-history"><br></div><div class="battle-history">The opposing Luxray used <strong>Wild Charge</strong>!<br></div><div class="battle-history"><small>It's super effective!</small><br></div><div class="battle-history"><small>LOVE's substitute faded!</small><br></div><div class="battle-history"><small>The opposing Luxray is damaged by the recoil!</small><br></div><div class="spacer battle-history"><br></div><div class="battle-history">LOVE used <strong>Stored Power</strong>!<br></div><div class="battle-history"><small>(The opposing Luxray lost <abbr title="−292/302">96.7%</abbr> of its health!)</small><br></div><div class="spacer battle-history"><br></div><div class="battle-history">The opposing Luxray fainted!<br></div><div class="spacer battle-history"><br></div><div class="battle-history">xTufo sent out <strong>Rapidash</strong>!<br></div><div class="spacer battle-history"><br></div><h2 class="battle-history">Turn 10</h2><div class="spacer battle-history"><br></div><div class="battle-history">LOVE used <strong>Substitute</strong>!<br></div><div class="battle-history"><small>LOVE put in a substitute!</small><br></div><div class="battle-history"><small>(LOVE lost <abbr title="−68/275">24.7%</abbr> of its health!)</small><br></div><div class="battle-history"><small>LOVE ate its Salac Berry!</small><br></div><div class="battle-history"><small>LOVE's Speed rose sharply!</small><br></div><div class="spacer battle-history"><br></div><div class="battle-history">The opposing Rapidash used <strong>Wild Charge</strong>!<br></div><div class="battle-history"><small>It's super effective!</small><br></div><div class="battle-history"><small>LOVE's substitute faded!</small><br></div><div class="battle-history"><small>The opposing Rapidash is damaged by the recoil!</small><br></div><div class="spacer battle-history"><br></div><h2 class="battle-history">Turn 11</h2><div class="spacer battle-history"><br></div><div class="battle-history">LOVE used <strong>Stored Power</strong>!<br></div><div class="battle-history"><small>(The opposing Rapidash lost <abbr title="−254/271">93.7%</abbr> of its health!)</small><br></div><div class="spacer battle-history"><br></div><div class="battle-history">The opposing Rapidash fainted!<br></div><div class="spacer battle-history"><br></div><div class="battle-history">xTufo sent out <strong>Wartortle</strong>!<br></div><div class="spacer battle-history"><br></div><h2 class="battle-history">Turn 12</h2><div class="spacer battle-history"><br></div><div class="battle-history">LOVE used <strong>Stored Power</strong>!<br></div><div class="battle-history"><small>(The opposing Wartortle lost <abbr title="−282/322">87.6%</abbr> of its health!)</small><br></div><div class="spacer battle-history"><br></div><div class="battle-history">The opposing Wartortle fainted!<br></div><div class="spacer battle-history"><br></div><div class="battle-history">xTufo sent out <strong>Gogoat</strong>!<br></div><div class="spacer battle-history"><br></div><h2 class="battle-history">Turn 13</h2><div class="spacer battle-history"><br></div><div class="battle-history">LOVE used <strong>Stored Power</strong>!<br></div><div class="battle-history"><small>(The opposing Gogoat lost <abbr title="−450/450">100%</abbr> of its health!)</small><br></div><div class="spacer battle-history"><br></div><div class="battle-history">The opposing Gogoat fainted!<br></div><div class="spacer battle-history"><br></div><div class="battle-history"><strong>DeaEX</strong> won the battle!<br></div><div class="chat"><small>xTufo left.</small></div></div><div class="inner-preempt"></div></div></div>
</div>
<script>
let daily = Math.floor(Date.now()/1000/60/60/24);document.write('<script src="https://play.pokemonshowdown.com/js/replay-embed.js?version'+daily+'"></'+'script>');
</script>
