<!DOCTYPE html>
<meta charset="utf-8" />
<!-- version 1 -->
<title>PU replay: beefdreams vs. givemecash</title>
<style>
html,body {font-family:Verdana, sans-serif;font-size:10pt;margin:0;padding:0;}body{padding:12px 0;} .battle-log {font-family:Verdana, sans-serif;font-size:10pt;} .battle-log-inline {border:1px solid #AAAAAA;background:#EEF2F5;color:black;max-width:640px;margin:0 auto 80px;padding-bottom:5px;} .battle-log .inner {padding:4px 8px 0px 8px;} .battle-log .inner-preempt {padding:0 8px 4px 8px;} .battle-log .inner-after {margin-top:0.5em;} .battle-log h2 {margin:0.5em -8px;padding:4px 8px;border:1px solid #AAAAAA;background:#E0E7EA;border-left:0;border-right:0;font-family:Verdana, sans-serif;font-size:13pt;} .battle-log .chat {vertical-align:middle;padding:3px 0 3px 0;font-size:8pt;} .battle-log .chat strong {color:#40576A;} .battle-log .chat em {padding:1px 4px 1px 3px;color:#000000;font-style:normal;} .chat.mine {background:rgba(0,0,0,0.05);margin-left:-8px;margin-right:-8px;padding-left:8px;padding-right:8px;} .spoiler {color:#BBBBBB;background:#BBBBBB;padding:0px 3px;} .spoiler:hover, .spoiler:active, .spoiler-shown {color:#000000;background:#E2E2E2;padding:0px 3px;} .spoiler a {color:#BBBBBB;} .spoiler:hover a, .spoiler:active a, .spoiler-shown a {color:#2288CC;} .chat code, .chat .spoiler:hover code, .chat .spoiler:active code, .chat .spoiler-shown code {border:1px solid #C0C0C0;background:#EEEEEE;color:black;padding:0 2px;} .chat .spoiler code {border:1px solid #CCCCCC;background:#CCCCCC;color:#CCCCCC;} .battle-log .rated {padding:3px 4px;} .battle-log .rated strong {color:white;background:#89A;padding:1px 4px;border-radius:4px;} .spacer {margin-top:0.5em;} .message-announce {background:#6688AA;color:white;padding:1px 4px 2px;} .message-announce a, .broadcast-green a, .broadcast-blue a, .broadcast-red a {color:#DDEEFF;} .broadcast-green {background-color:#559955;color:white;padding:2px 4px;} .broadcast-blue {background-color:#6688AA;color:white;padding:2px 4px;} .infobox {border:1px solid #6688AA;padding:2px 4px;} .infobox-limited {max-height:200px;overflow:auto;overflow-x:hidden;} .broadcast-red {background-color:#AA5544;color:white;padding:2px 4px;} .message-learn-canlearn {font-weight:bold;color:#228822;text-decoration:underline;} .message-learn-cannotlearn {font-weight:bold;color:#CC2222;text-decoration:underline;} .message-effect-weak {font-weight:bold;color:#CC2222;} .message-effect-resist {font-weight:bold;color:#6688AA;} .message-effect-immune {font-weight:bold;color:#666666;} .message-learn-list {margin-top:0;margin-bottom:0;} .message-throttle-notice, .message-error {color:#992222;} .message-overflow, .chat small.message-overflow {font-size:0pt;} .message-overflow::before {font-size:9pt;content:'...';} .subtle {color:#3A4A66;}
</style>
<div class="wrapper replay-wrapper" style="max-width:1180px;margin:0 auto">
<input type="hidden" name="replayid" value="pu-567997809" />
<div class="battle"></div><div class="battle-log"></div><div class="replay-controls"></div><div class="replay-controls-2"></div>
<h1 style="font-weight:normal;text-align:center"><strong>PU</strong><br /><a href="http://pokemonshowdown.com/users/beefdreams" class="subtle" target="_blank">beefdreams</a> vs. <a href="http://pokemonshowdown.com/users/givemecash" class="subtle" target="_blank">givemecash</a></h1>
<script type="text/plain" class="battle-log-data">|j|beefdreams
|j|givemecash
|player|p1|beefdreams|242
|player|p2|givemecash|2
|gametype|singles
|gen|6
|tier|PU
|rated
|seed|3586,64021,4966,47356
|rule|Sleep Clause Mod: Limit one foe put to sleep
|rule|Species Clause: Limit one of each Pokémon
|rule|OHKO Clause: OHKO moves are banned
|rule|Moody Clause: Moody is banned
|rule|Evasion Moves Clause: Evasion moves are banned
|rule|Endless Battle Clause: Forcing endless battles is banned
|rule|HP Percentage Mod: HP is shown in percentages
|clearpoke
|poke|p1|Vullaby, F|item
|poke|p1|Altaria, M|item
|poke|p1|Ursaring, F|item
|poke|p1|Bronzor|item
|poke|p1|Grumpig, F|item
|poke|p1|Leafeon, F|item
|poke|p2|Stoutland, M|item
|poke|p2|Monferno, F|item
|poke|p2|Grumpig, M|item
|poke|p2|Avalugg, F|item
|poke|p2|Gabite, F|item
|poke|p2|Simipour, F|item
|rule|Swagger Clause: Swagger is banned
|rule|Baton Pass Clause: Limit one Baton Passer, can't pass Spe and other stats simultaneously
|teampreview
|inactive|Battle timer is ON: inactive players will automatically lose when time's up. (requested by givemecash)
|choice|team 5, team 2, team 3, team 4, team 1, team 6|team 5, team 2, team 3, team 4, team 1, team 6
|
|start
|switch|p1a: Grumpig|Grumpig, F|321\/321
|switch|p2a: Gabite|Gabite, F|339\/339
|turn|1
|choice|move substitute|move stealthrock
|
|move|p1a: Grumpig|Substitute|p1a: Grumpig
|-start|p1a: Grumpig|Substitute
|-damage|p1a: Grumpig|241\/321
|move|p2a: Gabite|Stealth Rock|p1a: Grumpig
|-sidestart|p1: beefdreams|move: Stealth Rock
|
|-heal|p1a: Grumpig|261\/321|[from] item: Leftovers
|upkeep
|turn|2
|choice|move calmmind|move roar
|
|move|p1a: Grumpig|Calm Mind|p1a: Grumpig
|-boost|p1a: Grumpig|spa|1
|-boost|p1a: Grumpig|spd|1
|move|p2a: Gabite|Roar|p1a: Grumpig
|drag|p1a: Bronzor|Bronzor|318\/318
|-damage|p1a: Bronzor|299\/318|[from] Stealth Rock
|
|upkeep
|turn|3
|choice|move toxic|switch 6
|
|switch|p2a: Simipour|Simipour, F|292\/292
|move|p1a: Bronzor|Toxic|p2a: Simipour
|-status|p2a: Simipour|tox
|
|-damage|p2a: Simipour|274\/292 tox|[from] psn
|upkeep
|turn|4
|choice|switch 2|move knockoff
|
|switch|p1a: Altaria|Altaria, M|353\/353
|-damage|p1a: Altaria|265\/353|[from] Stealth Rock
|move|p2a: Simipour|Knock Off|p1a: Altaria
|-damage|p1a: Altaria|199\/353
|-enditem|p1a: Altaria|Leftovers|[from] move: Knock Off|[of] p2a: Simipour
|
|-damage|p2a: Simipour|238\/292 tox|[from] psn
|upkeep
|turn|5
|choice|move roost|switch 5
|
|switch|p2a: Stoutland|Stoutland, M|311\/311
|move|p1a: Altaria|Roost|p1a: Altaria
|-heal|p1a: Altaria|353\/353
|
|upkeep
|turn|6
|choice|switch 2|move return
|
|switch|p1a: Bronzor|Bronzor|299\/318
|-damage|p1a: Bronzor|280\/318|[from] Stealth Rock
|move|p2a: Stoutland|Return|p1a: Bronzor
|-resisted|p1a: Bronzor
|-damage|p1a: Bronzor|203\/318
|
|upkeep
|turn|7
|choice|move stealthrock|move return
|
|move|p2a: Stoutland|Return|p1a: Bronzor
|-resisted|p1a: Bronzor
|-damage|p1a: Bronzor|130\/318
|move|p1a: Bronzor|Stealth Rock|p2a: Stoutland
|-sidestart|p2: givemecash|move: Stealth Rock
|
|upkeep
|turn|8
|choice|move rest|move return
|
|move|p2a: Stoutland|Return|p1a: Bronzor
|-resisted|p1a: Bronzor
|-damage|p1a: Bronzor|55\/318
|move|p1a: Bronzor|Rest|p1a: Bronzor
|-status|p1a: Bronzor|slp
|-heal|p1a: Bronzor|318\/318 slp|[silent]
|-status|p1a: Bronzor|slp|[from] move: Rest
|
|upkeep
|turn|9
|choice|switch 5|switch 4
|
|switch|p2a: Avalugg|Avalugg, F|393\/393
|-damage|p2a: Avalugg|295\/393|[from] Stealth Rock
|switch|p1a: Vullaby|Vullaby, F|343\/343
|-damage|p1a: Vullaby|258\/343|[from] Stealth Rock
|
|upkeep
|turn|10
|choice|move knockoff|move rapidspin
|
|move|p1a: Vullaby|Knock Off|p2a: Avalugg
|-damage|p2a: Avalugg|264\/393
|-damage|p1a: Vullaby|201\/343|[from] item: Rocky Helmet|[of] p2a: Avalugg
|-enditem|p2a: Avalugg|Rocky Helmet|[from] move: Knock Off|[of] p1a: Vullaby
|move|p2a: Avalugg|Rapid Spin|p1a: Vullaby
|-damage|p1a: Vullaby|189\/343
|-sideend|p2: givemecash|Stealth Rock|[from] move: Rapid Spin|[of] p2a: Avalugg
|
|upkeep
|turn|11
|choice|move defog|move recover
|
|move|p1a: Vullaby|Defog|p2a: Avalugg
|-unboost|p2a: Avalugg|evasion|1
|-sideend|p1: beefdreams|Stealth Rock|[from] move: Defog|[of] p1a: Vullaby
|move|p2a: Avalugg|Recover|p2a: Avalugg
|-heal|p2a: Avalugg|393\/393
|
|upkeep
|turn|12
|choice|move roost|move toxic
|
|move|p1a: Vullaby|Roost|p1a: Vullaby
|-heal|p1a: Vullaby|343\/343
|move|p2a: Avalugg|Toxic|p1a: Vullaby
|-status|p1a: Vullaby|tox
|
|-damage|p1a: Vullaby|322\/343 tox|[from] psn
|upkeep
|turn|13
|choice|switch 5|move avalanche
|
|switch|p1a: Bronzor|Bronzor|318\/318 slp
|move|p2a: Avalugg|Avalanche|p1a: Bronzor
|-resisted|p1a: Bronzor
|-damage|p1a: Bronzor|294\/318 slp
|
|upkeep
|turn|14
|choice|switch 4|switch 5
|
|switch|p2a: Simipour|Simipour, F|238\/292 tox
|switch|p1a: Grumpig|Grumpig, F|261\/321
|
|-heal|p1a: Grumpig|281\/321|[from] item: Leftovers
|-damage|p2a: Simipour|220\/292 tox|[from] psn
|upkeep
|turn|15
|choice|switch 2|move knockoff
|
|switch|p1a: Altaria|Altaria, M|353\/353
|move|p2a: Simipour|Knock Off|p1a: Altaria
|-damage|p1a: Altaria|310\/353
|
|-damage|p2a: Simipour|184\/292 tox|[from] psn
|upkeep
|turn|16
|choice|move healbell|switch 6
|
|switch|p2a: Gabite|Gabite, F|339\/339
|move|p1a: Altaria|Heal Bell|p1a: Altaria
|-activate|p1a: Altaria|move: Heal Bell
|-curestatus|p1: Bronzor|slp|[msg]
|-curestatus|p1: Vullaby|tox|[msg]
|
|upkeep
|turn|17
|choice|switch 4|move stealthrock
|
|switch|p1a: Bronzor|Bronzor|294\/318
|move|p2a: Gabite|Stealth Rock|p1a: Bronzor
|-sidestart|p1: beefdreams|move: Stealth Rock
|
|upkeep
|turn|18
|choice|move stealthrock|switch 3
|
|switch|p2a: The Fave|Grumpig, M|301\/301
|move|p1a: Bronzor|Stealth Rock|p2a: The Fave
|-sidestart|p2: givemecash|move: Stealth Rock
|
|upkeep
|turn|19
|choice|move toxic|move substitute
|
|move|p2a: The Fave|Substitute|p2a: The Fave
|-start|p2a: The Fave|Substitute
|-damage|p2a: The Fave|226\/301
|move|p1a: Bronzor|Toxic|p2a: The Fave
|-fail|p2a: The Fave
|
|-heal|p2a: The Fave|244\/301|[from] item: Leftovers
|upkeep
|turn|20
|choice|switch 5|move calmmind
|
|switch|p1a: Vullaby|Vullaby, F|322\/343
|-damage|p1a: Vullaby|237\/343|[from] Stealth Rock
|move|p2a: The Fave|Calm Mind|p2a: The Fave
|-boost|p2a: The Fave|spa|1
|-boost|p2a: The Fave|spd|1
|
|-heal|p2a: The Fave|262\/301|[from] item: Leftovers
|upkeep
|turn|21
|choice|move knockoff|move shadowball
|
|move|p2a: The Fave|Shadow Ball|p1a: Vullaby
|-resisted|p1a: Vullaby
|-damage|p1a: Vullaby|196\/343
|move|p1a: Vullaby|Knock Off|p2a: The Fave
|-supereffective|p2a: The Fave
|-end|p2a: The Fave|Substitute
|
|-heal|p2a: The Fave|280\/301|[from] item: Leftovers
|upkeep
|turn|22
|choice|move roost|switch 5
|
|switch|p2a: Avalugg|Avalugg, F|393\/393
|-damage|p2a: Avalugg|295\/393|[from] Stealth Rock
|move|p1a: Vullaby|Roost|p1a: Vullaby
|-heal|p1a: Vullaby|343\/343
|
|upkeep
|turn|23
|choice|move defog|move rapidspin
|
|move|p1a: Vullaby|Defog|p2a: Avalugg
|-unboost|p2a: Avalugg|evasion|1
|-sideend|p2: givemecash|Stealth Rock|[from] move: Defog|[of] p2a: Avalugg
|-sideend|p1: beefdreams|Stealth Rock|[from] move: Defog|[of] p1a: Vullaby
|move|p2a: Avalugg|Rapid Spin|p1a: Vullaby
|-crit|p1a: Vullaby
|-damage|p1a: Vullaby|326\/343
|
|upkeep
|turn|24
|choice|switch 5|switch 6
|
|switch|p1a: Bronzor|Bronzor|294\/318
|switch|p2a: Simipour|Simipour, F|184\/292 tox
|
|-damage|p2a: Simipour|166\/292 tox|[from] psn
|upkeep
|turn|25
|choice|switch 4|move knockoff
|
|switch|p1a: Altaria|Altaria, M|310\/353
|move|p2a: Simipour|Knock Off|p1a: Altaria
|-crit|p1a: Altaria
|-damage|p1a: Altaria|250\/353
|
|-damage|p2a: Simipour|130\/292 tox|[from] psn
|upkeep
|turn|26
|choice|switch 4|switch 4
|
|switch|p2a: Stoutland|Stoutland, M|311\/311
|switch|p1a: Bronzor|Bronzor|294\/318
|
|upkeep
|turn|27
|choice|move stealthrock|move crunch
|
|move|p2a: Stoutland|Crunch|p1a: Bronzor
|-supereffective|p1a: Bronzor
|-damage|p1a: Bronzor|138\/318
|move|p1a: Bronzor|Stealth Rock|p2a: Stoutland
|-sidestart|p2: givemecash|move: Stealth Rock
|
|upkeep
|turn|28
|choice|switch 5|switch 6
|
|switch|p2a: Avalugg|Avalugg, F|295\/393
|-damage|p2a: Avalugg|197\/393|[from] Stealth Rock
|switch|p1a: Vullaby|Vullaby, F|326\/343
|
|upkeep
|turn|29
|choice|switch 5|move rapidspin
|
|switch|p1a: Bronzor|Bronzor|138\/318
|move|p2a: Avalugg|Rapid Spin|p1a: Bronzor
|-resisted|p1a: Bronzor
|-damage|p1a: Bronzor|133\/318
|-sideend|p2: givemecash|Stealth Rock|[from] move: Rapid Spin|[of] p2a: Avalugg
|
|upkeep
|turn|30
|choice|move toxic|switch 4
|
|switch|p2a: Simipour|Simipour, F|130\/292 tox
|move|p1a: Bronzor|Toxic|p2a: Simipour
|-fail|p2a: Simipour|tox
|
|-damage|p2a: Simipour|112\/292 tox|[from] psn
|upkeep
|turn|31
|choice|switch 4|move icebeam
|
|switch|p1a: Altaria|Altaria, M|250\/353
|move|p2a: Simipour|Ice Beam|p1a: Altaria
|-supereffective|p1a: Altaria
|-damage|p1a: Altaria|0 fnt
|faint|p1a: Altaria
|
|-damage|p2a: Simipour|76\/292 tox|[from] psn
|upkeep
|choice|switch 4|
|
|switch|p1a: Bronzor|Bronzor|133\/318
|turn|32
|choice|switch 6|switch 4
|
|switch|p2a: Avalugg|Avalugg, F|197\/393
|switch|p1a: Leafeon|Leafeon, F|271\/271
|
|upkeep
|turn|33
|choice|switch 6|move recover
|
|switch|p1a: Bronzor|Bronzor|133\/318
|move|p2a: Avalugg|Recover|p2a: Avalugg
|-heal|p2a: Avalugg|393\/393
|
|upkeep
|turn|34
|choice|move stealthrock|switch 6
|
|switch|p2a: Stoutland|Stoutland, M|311\/311
|move|p1a: Bronzor|Stealth Rock|p2a: Stoutland
|-sidestart|p2: givemecash|move: Stealth Rock
|
|upkeep
|turn|35
|c|☆givemecash|htfu
|choice|move rest|move return
|
|move|p2a: Stoutland|Return|p1a: Bronzor
|-resisted|p1a: Bronzor
|-damage|p1a: Bronzor|52\/318
|move|p1a: Bronzor|Rest|p1a: Bronzor
|-status|p1a: Bronzor|slp
|-heal|p1a: Bronzor|318\/318 slp|[silent]
|-status|p1a: Bronzor|slp|[from] move: Rest
|
|upkeep
|turn|36
|choice|switch 5|move return
|
|switch|p1a: Vullaby|Vullaby, F|326\/343
|move|p2a: Stoutland|Return|p1a: Vullaby
|-damage|p1a: Vullaby|170\/343
|
|upkeep
|turn|37
|choice|move knockoff|move return
|
|move|p2a: Stoutland|Return|p1a: Vullaby
|-damage|p1a: Vullaby|26\/343
|move|p1a: Vullaby|Knock Off|p2a: Stoutland
|-crit|p2a: Stoutland
|-damage|p2a: Stoutland|200\/311
|-enditem|p2a: Stoutland|Choice Band|[from] move: Knock Off|[of] p1a: Vullaby
|
|upkeep
|turn|38
|choice|move foulplay|move return
|
|move|p2a: Stoutland|Return|p1a: Vullaby
|-damage|p1a: Vullaby|0 fnt
|faint|p1a: Vullaby
|
|upkeep
|choice|switch 6|
|
|switch|p1a: Leafeon|Leafeon, F|271\/271
|turn|39
|choice|move swordsdance|switch 6
|
|switch|p2a: Avalugg|Avalugg, F|393\/393
|-damage|p2a: Avalugg|295\/393|[from] Stealth Rock
|move|p1a: Leafeon|Swords Dance|p1a: Leafeon
|-boost|p1a: Leafeon|atk|2
|
|upkeep
|turn|40
|choice|switch 5|move rapidspin
|
|switch|p1a: Bronzor|Bronzor|318\/318 slp
|move|p2a: Avalugg|Rapid Spin|p1a: Bronzor
|-resisted|p1a: Bronzor
|-damage|p1a: Bronzor|312\/318 slp
|-sideend|p2: givemecash|Stealth Rock|[from] move: Rapid Spin|[of] p2a: Avalugg
|
|upkeep
|turn|41
|choice|switch 2|switch 4
|
|switch|p2a: Simipour|Simipour, F|76\/292 tox
|switch|p1a: Grumpig|Grumpig, F|281\/321
|
|-heal|p1a: Grumpig|301\/321|[from] item: Leftovers
|-damage|p2a: Simipour|58\/292 tox|[from] psn
|upkeep
|turn|42
|choice|switch 3|move knockoff
|
|switch|p1a: Ursaring|Ursaring, F|383\/383
|move|p2a: Simipour|Knock Off|p1a: Ursaring
|-damage|p1a: Ursaring|295\/383
|-enditem|p1a: Ursaring|Leftovers|[from] move: Knock Off|[of] p2a: Simipour
|
|-damage|p2a: Simipour|22\/292 tox|[from] psn
|upkeep
|turn|43
|choice|move rest|switch 4
|
|switch|p2a: Avalugg|Avalugg, F|295\/393
|move|p1a: Ursaring|Rest|p1a: Ursaring
|-status|p1a: Ursaring|slp
|-heal|p1a: Ursaring|383\/383 slp|[silent]
|-status|p1a: Ursaring|slp|[from] move: Rest
|
|upkeep
|turn|44
|choice|move bulkup|move recover
|
|cant|p1a: Ursaring|slp
|move|p2a: Avalugg|Recover|p2a: Avalugg
|-heal|p2a: Avalugg|393\/393
|
|upkeep
|turn|45
|choice|move sleeptalk|move avalanche
|
|cant|p1a: Ursaring|slp
|move|p1a: Ursaring|Sleep Talk|p1a: Ursaring
|move|p1a: Ursaring|Return|p2a: Avalugg|[from]Sleep Talk
|-damage|p2a: Avalugg|290\/393
|move|p2a: Avalugg|Avalanche|p1a: Ursaring
|-damage|p1a: Ursaring|169\/383 slp
|
|upkeep
|turn|46
|choice|move bulkup|switch 3
|
|switch|p2a: Gabite|Gabite, F|339\/339
|-curestatus|p1a: Ursaring|slp|[msg]
|move|p1a: Ursaring|Bulk Up|p1a: Ursaring
|-boost|p1a: Ursaring|atk|1
|-boost|p1a: Ursaring|def|1
|
|upkeep
|turn|47
|choice|move rest|move stealthrock
|
|move|p2a: Gabite|Stealth Rock|p1a: Ursaring
|-sidestart|p1: beefdreams|move: Stealth Rock
|move|p1a: Ursaring|Rest|p1a: Ursaring
|-status|p1a: Ursaring|slp
|-heal|p1a: Ursaring|383\/383 slp|[silent]
|-status|p1a: Ursaring|slp|[from] move: Rest
|
|upkeep
|turn|48
|choice|move sleeptalk|move roar
|
|cant|p1a: Ursaring|slp
|move|p1a: Ursaring|Sleep Talk|p1a: Ursaring
|move|p1a: Ursaring|Rest|p1a: Ursaring|[from]Sleep Talk
|-fail|p1a: Ursaring
|move|p2a: Gabite|Roar|p1a: Ursaring
|drag|p1a: Grumpig|Grumpig, F|301\/321
|-damage|p1a: Grumpig|261\/321|[from] Stealth Rock
|
|-heal|p1a: Grumpig|281\/321|[from] item: Leftovers
|upkeep
|turn|49
|choice|switch 2|move roar
|
|switch|p1a: Bronzor|Bronzor|312\/318 slp
|-damage|p1a: Bronzor|293\/318 slp|[from] Stealth Rock
|move|p2a: Gabite|Roar|p1a: Bronzor
|drag|p1a: Leafeon|Leafeon, F|271\/271
|-damage|p1a: Leafeon|238\/271|[from] Stealth Rock
|
|-heal|p1a: Leafeon|254\/271|[from] item: Leftovers
|upkeep
|turn|50
|choice|move knockoff|move toxic
|
|move|p1a: Leafeon|Knock Off|p2a: Gabite
|-damage|p2a: Gabite|275\/339
|-damage|p1a: Leafeon|221\/271|[from] ability: Rough Skin|[of] p2a: Gabite
|-enditem|p2a: Gabite|Eviolite|[from] move: Knock Off|[of] p1a: Leafeon
|move|p2a: Gabite|Toxic|p1a: Leafeon
|-status|p1a: Leafeon|tox
|
|-heal|p1a: Leafeon|237\/271 tox|[from] item: Leftovers
|-damage|p1a: Leafeon|221\/271 tox|[from] psn
|upkeep
|turn|51
|choice|move leafblade|move roar
|
|move|p1a: Leafeon|Leaf Blade|p2a: Gabite
|-damage|p2a: Gabite|149\/339
|-damage|p1a: Leafeon|188\/271 tox|[from] ability: Rough Skin|[of] p2a: Gabite
|move|p2a: Gabite|Roar|p1a: Leafeon
|drag|p1a: Grumpig|Grumpig, F|281\/321
|-damage|p1a: Grumpig|241\/321|[from] Stealth Rock
|
|-heal|p1a: Grumpig|261\/321|[from] item: Leftovers
|upkeep
|turn|52
|choice|move substitute|move roar
|
|move|p1a: Grumpig|Substitute|p1a: Grumpig
|-start|p1a: Grumpig|Substitute
|-damage|p1a: Grumpig|181\/321
|move|p2a: Gabite|Roar|p1a: Grumpig
|drag|p1a: Leafeon|Leafeon, F|188\/271 tox
|-damage|p1a: Leafeon|155\/271 tox|[from] Stealth Rock
|
|-heal|p1a: Leafeon|171\/271 tox|[from] item: Leftovers
|-damage|p1a: Leafeon|155\/271 tox|[from] psn
|upkeep
|turn|53
|j|Based Loser
|choice|move synthesis|switch 3
|
|switch|p2a: Avalugg|Avalugg, F|290\/393
|move|p1a: Leafeon|Synthesis|p1a: Leafeon
|-heal|p1a: Leafeon|271\/271 tox
|
|-damage|p1a: Leafeon|239\/271 tox|[from] psn
|upkeep
|turn|54
|choice|switch 5|switch 4
|
|switch|p1a: Bronzor|Bronzor|293\/318 slp
|-damage|p1a: Bronzor|274\/318 slp|[from] Stealth Rock
|switch|p2a: Simipour|Simipour, F|22\/292 tox
|
|-damage|p2a: Simipour|4\/292 tox|[from] psn
|upkeep
|turn|55
|choice|switch 3|move hydropump
|
|switch|p1a: Ursaring|Ursaring, F|383\/383 slp
|-damage|p1a: Ursaring|336\/383 slp|[from] Stealth Rock
|move|p2a: Simipour|Hydro Pump|p1a: Ursaring
|-damage|p1a: Ursaring|102\/383 slp
|
|-damage|p2a: Simipour|0 fnt|[from] psn
|upkeep
|faint|p2a: Simipour
|choice||switch 2
|
|switch|p2a: Monferno|Monferno, F|269\/269
|turn|56
|choice|move sleeptalk|move machpunch
|
|move|p2a: Monferno|Mach Punch|p1a: Ursaring
|-supereffective|p1a: Ursaring
|-damage|p1a: Ursaring|0 fnt
|faint|p1a: Ursaring
|
|upkeep
|choice|switch 2|
|
|switch|p1a: Grumpig|Grumpig, F|181\/321
|-damage|p1a: Grumpig|141\/321|[from] Stealth Rock
|turn|57
|choice|move psyshock|switch 3
|
|switch|p2a: Gabite|Gabite, F|149\/339
|move|p1a: Grumpig|Psyshock|p2a: Gabite
|-damage|p2a: Gabite|38\/339
|
|-heal|p1a: Grumpig|161\/321|[from] item: Leftovers
|upkeep
|turn|58
|choice|move psyshock|move roar
|
|move|p1a: Grumpig|Psyshock|p2a: Gabite
|-damage|p2a: Gabite|0 fnt
|faint|p2a: Gabite
|
|-heal|p1a: Grumpig|181\/321|[from] item: Leftovers
|upkeep
|choice||switch 6
|
|switch|p2a: Stoutland|Stoutland, M|200\/311
|turn|59
|choice|move focusblast|move crunch
|
|move|p1a: Grumpig|Focus Blast|p2a: Stoutland
|-supereffective|p2a: Stoutland
|-damage|p2a: Stoutland|0 fnt
|faint|p2a: Stoutland
|
|-heal|p1a: Grumpig|201\/321|[from] item: Leftovers
|upkeep
|choice||switch 5
|
|switch|p2a: The Fave|Grumpig, M|280\/301
|turn|60
|choice|switch 5|move substitute
|
|switch|p1a: Leafeon|Leafeon, F|239\/271 tox
|-damage|p1a: Leafeon|206\/271 tox|[from] Stealth Rock
|move|p2a: The Fave|Substitute|p2a: The Fave
|-start|p2a: The Fave|Substitute
|-damage|p2a: The Fave|205\/301
|
|-heal|p1a: Leafeon|222\/271 tox|[from] item: Leftovers
|-heal|p2a: The Fave|223\/301|[from] item: Leftovers
|-damage|p1a: Leafeon|206\/271 tox|[from] psn
|upkeep
|turn|61
|choice|move knockoff|move psychic
|
|move|p1a: Leafeon|Knock Off|p2a: The Fave
|-supereffective|p2a: The Fave
|-end|p2a: The Fave|Substitute
|move|p2a: The Fave|Psychic|p1a: Leafeon
|-damage|p1a: Leafeon|56\/271 tox
|
|-heal|p1a: Leafeon|72\/271 tox|[from] item: Leftovers
|-heal|p2a: The Fave|241\/301|[from] item: Leftovers
|-damage|p1a: Leafeon|40\/271 tox|[from] psn
|upkeep
|turn|62
|choice|move synthesis|switch 4
|
|switch|p2a: Avalugg|Avalugg, F|290\/393
|move|p1a: Leafeon|Synthesis|p1a: Leafeon
|-heal|p1a: Leafeon|175\/271 tox
|
|-heal|p1a: Leafeon|191\/271 tox|[from] item: Leftovers
|-damage|p1a: Leafeon|143\/271 tox|[from] psn
|upkeep
|turn|63
|choice|switch 3|switch 3
|
|switch|p1a: Bronzor|Bronzor|274\/318 slp
|-damage|p1a: Bronzor|255\/318 slp|[from] Stealth Rock
|switch|p2a: Monferno|Monferno, F|269\/269
|
|upkeep
|turn|64
|choice|switch 5|move swordsdance
|
|switch|p1a: Grumpig|Grumpig, F|201\/321
|-damage|p1a: Grumpig|161\/321|[from] Stealth Rock
|move|p2a: Monferno|Swords Dance|p2a: Monferno
|-boost|p2a: Monferno|atk|2
|
|-heal|p1a: Grumpig|181\/321|[from] item: Leftovers
|upkeep
|turn|65
|choice|move psyshock|move closecombat
|
|move|p2a: Monferno|Close Combat|p1a: Grumpig
|-resisted|p1a: Grumpig
|-damage|p1a: Grumpig|0 fnt
|-unboost|p2a: Monferno|def|1
|-unboost|p2a: Monferno|spd|1
|faint|p1a: Grumpig
|
|upkeep
|choice|switch 3|
|
|switch|p1a: Leafeon|Leafeon, F|143\/271 tox
|-damage|p1a: Leafeon|110\/271 tox|[from] Stealth Rock
|turn|66
|-message|beefdreams forfeited.
|
|win|givemecash
|l|beefdreams
|raw|beefdreams's rating: 1459 &rarr; <strong>1440<\/strong><br \/>(-19 for losing)
|raw|givemecash's rating: 1470 &rarr; <strong>1490<\/strong><br \/>(+20 for winning)
|c|☆givemecash|what a game</script>
</div>
<div class="battle-log battle-log-inline"><div class="inner"><div class="battle-options"></div><div class="inner"><div class="chat"><small>beefdreams joined.</small></div><div class="chat"><small>givemecash joined.</small></div><div class=""><small>Format:</small> <br><strong>PU</strong></div><div class="rated"><strong>Rated battle</strong></div><div class=""><small><em>Sleep Clause Mod:</em> Limit one foe put to sleep</small></div><div class=""><small><em>Species Clause:</em> Limit one of each Pokémon</small></div><div class=""><small><em>OHKO Clause:</em> OHKO moves are banned</small></div><div class=""><small><em>Moody Clause:</em> Moody is banned</small></div><div class=""><small><em>Evasion Moves Clause:</em> Evasion moves are banned</small></div><div class=""><small><em>Endless Battle Clause:</em> Forcing endless battles is banned</small></div><div class=""><small><em>HP Percentage Mod:</em> HP is shown in percentages</small></div><div class=""><small><em>Swagger Clause:</em> Swagger is banned</small></div><div class=""><small><em>Baton Pass Clause:</em> Limit one Baton Passer, can't pass Spe and other stats simultaneously</small></div><div class="chat battle-history"><strong>beefdreams's team:</strong> <em style="color:#445566;display:block;">Vullaby / Altaria / Ursaring / Bronzor / Grumpig / Leafeon</em></div><div class="chat battle-history"><strong>givemecash's team:</strong> <em style="color:#445566;display:block;">Stoutland / Monferno / Grumpig / Avalugg / Gabite / Simipour</em></div><div class="chat message-error">Battle timer is ON: inactive players will automatically lose when time's up. (requested by givemecash)</div><div class="spacer battle-history"><br></div><div class="battle-history">Battle started between beefdreams and givemecash!<br></div><div class="spacer battle-history"><br></div><div class="battle-history">Go! <strong>Grumpig</strong>!<br></div><div class="spacer battle-history"><br></div><div class="battle-history">givemecash sent out <strong>Gabite</strong>!<br></div><div class="spacer battle-history"><br></div><h2 class="battle-history">Turn 1</h2><div class="spacer battle-history"><br></div><div class="battle-history">Grumpig used <strong>Substitute</strong>!<br></div><div class="battle-history"><small>Grumpig put in a substitute!</small><br></div><div class="battle-history"><small>(Grumpig lost <abbr title="−80/321">24.9%</abbr> of its health!)</small><br></div><div class="spacer battle-history"><br></div><div class="battle-history">The opposing Gabite used <strong>Stealth Rock</strong>!<br></div><div class="battle-history"><small>Pointed stones float in the air around your team!</small><br></div><div class="spacer battle-history"><br></div><div class="battle-history"><small>Grumpig restored a little HP using its Leftovers!</small><br></div><div class="spacer battle-history"><br></div><h2 class="battle-history">Turn 2</h2><div class="spacer battle-history"><br></div><div class="battle-history">Grumpig used <strong>Calm Mind</strong>!<br></div><div class="battle-history"><small>Grumpig's Special Attack rose!</small><br></div><div class="battle-history"><small>Grumpig's Special Defense rose!</small><br></div><div class="spacer battle-history"><br></div><div class="battle-history">The opposing Gabite used <strong>Roar</strong>!<br></div><div class="spacer battle-history"><br></div><div class="battle-history"><strong>Bronzor</strong> was dragged out!<br></div><div class="battle-history"><small>Pointed stones dug into Bronzor!</small><br></div><div class="spacer battle-history"><br></div><h2 class="battle-history">Turn 3</h2><div class="spacer battle-history"><br></div><div class="battle-history">givemecash withdrew Gabite!<br></div><div class="battle-history">givemecash sent out <strong>Simipour</strong>!<br></div><div class="spacer battle-history"><br></div><div class="battle-history">Bronzor used <strong>Toxic</strong>!<br></div><div class="battle-history"><small>The opposing Simipour was badly poisoned!</small><br></div><div class="spacer battle-history"><br></div><div class="battle-history"><small>The opposing Simipour was hurt by poison!</small><br></div><div class="spacer battle-history"><br></div><h2 class="battle-history">Turn 4</h2><div class="spacer battle-history"><br></div><div class="battle-history">Bronzor, come back!<br></div><div class="battle-history">Go! <strong>Altaria</strong>!<br></div><div class="battle-history"><small>Pointed stones dug into Altaria!</small><br></div><div class="spacer battle-history"><br></div><div class="battle-history">The opposing Simipour used <strong>Knock Off</strong>!<br></div><div class="battle-history"><small>(Altaria lost <abbr title="−66/353">18.7%</abbr> of its health!)</small><br></div><div class="battle-history"><small>The opposing Simipour knocked off Altaria's Leftovers!</small><br></div><div class="spacer battle-history"><br></div><div class="battle-history"><small>The opposing Simipour was hurt by poison!</small><br></div><div class="spacer battle-history"><br></div><h2 class="battle-history">Turn 5</h2><div class="spacer battle-history"><br></div><div class="battle-history">givemecash withdrew Simipour!<br></div><div class="battle-history">givemecash sent out <strong>Stoutland</strong>!<br></div><div class="spacer battle-history"><br></div><div class="battle-history">Altaria used <strong>Roost</strong>!<br></div><div class="battle-history"><small>Altaria restored its HP.</small><br></div><div class="spacer battle-history"><br></div><h2 class="battle-history">Turn 6</h2><div class="spacer battle-history"><br></div><div class="battle-history">Altaria, come back!<br></div><div class="battle-history">Go! <strong>Bronzor</strong>!<br></div><div class="battle-history"><small>Pointed stones dug into Bronzor!</small><br></div><div class="spacer battle-history"><br></div><div class="battle-history">The opposing Stoutland used <strong>Return</strong>!<br></div><div class="battle-history"><small>It's not very effective...</small><br></div><div class="battle-history"><small>(Bronzor lost <abbr title="−77/318">24.2%</abbr> of its health!)</small><br></div><div class="spacer battle-history"><br></div><h2 class="battle-history">Turn 7</h2><div class="spacer battle-history"><br></div><div class="battle-history">The opposing Stoutland used <strong>Return</strong>!<br></div><div class="battle-history"><small>It's not very effective...</small><br></div><div class="battle-history"><small>(Bronzor lost <abbr title="−73/318">23.0%</abbr> of its health!)</small><br></div><div class="spacer battle-history"><br></div><div class="battle-history">Bronzor used <strong>Stealth Rock</strong>!<br></div><div class="battle-history"><small>Pointed stones float in the air around the opposing team!</small><br></div><div class="spacer battle-history"><br></div><h2 class="battle-history">Turn 8</h2><div class="spacer battle-history"><br></div><div class="battle-history">The opposing Stoutland used <strong>Return</strong>!<br></div><div class="battle-history"><small>It's not very effective...</small><br></div><div class="battle-history"><small>(Bronzor lost <abbr title="−75/318">23.6%</abbr> of its health!)</small><br></div><div class="spacer battle-history"><br></div><div class="battle-history">Bronzor used <strong>Rest</strong>!<br></div><div class="battle-history"><small>Bronzor fell asleep!</small><br></div><div class="battle-history"><small>Bronzor slept and became healthy!</small><br></div><div class="spacer battle-history"><br></div><h2 class="battle-history">Turn 9</h2><div class="spacer battle-history"><br></div><div class="battle-history">givemecash withdrew Stoutland!<br></div><div class="battle-history">givemecash sent out <strong>Avalugg</strong>!<br></div><div class="battle-history"><small>Pointed stones dug into the opposing Avalugg!</small><br></div><div class="spacer battle-history"><br></div><div class="battle-history">Bronzor, come back!<br></div><div class="battle-history">Go! <strong>Vullaby</strong>!<br></div><div class="battle-history"><small>Pointed stones dug into Vullaby!</small><br></div><div class="spacer battle-history"><br></div><h2 class="battle-history">Turn 10</h2><div class="spacer battle-history"><br></div><div class="battle-history">Vullaby used <strong>Knock Off</strong>!<br></div><div class="battle-history"><small>(The opposing Avalugg lost <abbr title="−31/393">7.9%</abbr> of its health!)</small><br></div><div class="battle-history"><small>Vullaby was hurt by the Rocky Helmet!</small><br></div><div class="battle-history"><small>Vullaby knocked off the opposing Avalugg's Rocky Helmet!</small><br></div><div class="spacer battle-history"><br></div><div class="battle-history">The opposing Avalugg used <strong>Rapid Spin</strong>!<br></div><div class="battle-history"><small>(Vullaby lost <abbr title="−12/343">3.5%</abbr> of its health!)</small><br></div><div class="battle-history"><small>The pointed stones disappeared from around the opposing team!</small><br></div><div class="spacer battle-history"><br></div><h2 class="battle-history">Turn 11</h2><div class="spacer battle-history"><br></div><div class="battle-history">Vullaby used <strong>Defog</strong>!<br></div><div class="battle-history"><small>The opposing Avalugg's evasiveness fell!</small><br></div><div class="battle-history"><small>The pointed stones disappeared from around your team!</small><br></div><div class="spacer battle-history"><br></div><div class="battle-history">The opposing Avalugg used <strong>Recover</strong>!<br></div><div class="battle-history"><small>The opposing Avalugg restored its HP.</small><br></div><div class="spacer battle-history"><br></div><h2 class="battle-history">Turn 12</h2><div class="spacer battle-history"><br></div><div class="battle-history">Vullaby used <strong>Roost</strong>!<br></div><div class="battle-history"><small>Vullaby restored its HP.</small><br></div><div class="spacer battle-history"><br></div><div class="battle-history">The opposing Avalugg used <strong>Toxic</strong>!<br></div><div class="battle-history"><small>Vullaby was badly poisoned!</small><br></div><div class="spacer battle-history"><br></div><div class="battle-history"><small>Vullaby was hurt by poison!</small><br></div><div class="spacer battle-history"><br></div><h2 class="battle-history">Turn 13</h2><div class="spacer battle-history"><br></div><div class="battle-history">Vullaby, come back!<br></div><div class="battle-history">Go! <strong>Bronzor</strong>!<br></div><div class="spacer battle-history"><br></div><div class="battle-history">The opposing Avalugg used <strong>Avalanche</strong>!<br></div><div class="battle-history"><small>It's not very effective...</small><br></div><div class="battle-history"><small>(Bronzor lost <abbr title="−24/318">7.5%</abbr> of its health!)</small><br></div><div class="spacer battle-history"><br></div><h2 class="battle-history">Turn 14</h2><div class="spacer battle-history"><br></div><div class="battle-history">givemecash withdrew Avalugg!<br></div><div class="battle-history">givemecash sent out <strong>Simipour</strong>!<br></div><div class="spacer battle-history"><br></div><div class="battle-history">Bronzor, come back!<br></div><div class="battle-history">Go! <strong>Grumpig</strong>!<br></div><div class="spacer battle-history"><br></div><div class="battle-history"><small>Grumpig restored a little HP using its Leftovers!</small><br></div><div class="battle-history"><small>The opposing Simipour was hurt by poison!</small><br></div><div class="spacer battle-history"><br></div><h2 class="battle-history">Turn 15</h2><div class="spacer battle-history"><br></div><div class="battle-history">Grumpig, come back!<br></div><div class="battle-history">Go! <strong>Altaria</strong>!<br></div><div class="spacer battle-history"><br></div><div class="battle-history">The opposing Simipour used <strong>Knock Off</strong>!<br></div><div class="battle-history"><small>(Altaria lost <abbr title="−43/353">12.2%</abbr> of its health!)</small><br></div><div class="spacer battle-history"><br></div><div class="battle-history"><small>The opposing Simipour was hurt by poison!</small><br></div><div class="spacer battle-history"><br></div><h2 class="battle-history">Turn 16</h2><div class="spacer battle-history"><br></div><div class="battle-history">givemecash withdrew Simipour!<br></div><div class="battle-history">givemecash sent out <strong>Gabite</strong>!<br></div><div class="spacer battle-history"><br></div><div class="battle-history">Altaria used <strong>Heal Bell</strong>!<br></div><div class="battle-history"><small>A bell chimed!</small><br></div><div class="battle-history"><small>Bronzor woke up!</small><br></div><div class="battle-history"><small>Vullaby was cured of its poisoning.</small><br></div><div class="spacer battle-history"><br></div><h2 class="battle-history">Turn 17</h2><div class="spacer battle-history"><br></div><div class="battle-history">Altaria, come back!<br></div><div class="battle-history">Go! <strong>Bronzor</strong>!<br></div><div class="spacer battle-history"><br></div><div class="battle-history">The opposing Gabite used <strong>Stealth Rock</strong>!<br></div><div class="battle-history"><small>Pointed stones float in the air around your team!</small><br></div><div class="spacer battle-history"><br></div><h2 class="battle-history">Turn 18</h2><div class="spacer battle-history"><br></div><div class="battle-history">givemecash withdrew Gabite!<br></div><div class="battle-history">givemecash sent out The Fave (<strong>Grumpig</strong>)!<br></div><div class="spacer battle-history"><br></div><div class="battle-history">Bronzor used <strong>Stealth Rock</strong>!<br></div><div class="battle-history"><small>Pointed stones float in the air around the opposing team!</small><br></div><div class="spacer battle-history"><br></div><h2 class="battle-history">Turn 19</h2><div class="spacer battle-history"><br></div><div class="battle-history">The opposing The Fave used <strong>Substitute</strong>!<br></div><div class="battle-history"><small>The opposing The Fave put in a substitute!</small><br></div><div class="battle-history"><small>(The opposing The Fave lost <abbr title="−75/301">24.9%</abbr> of its health!)</small><br></div><div class="spacer battle-history"><br></div><div class="battle-history">Bronzor used <strong>Toxic</strong>!<br></div><div class="battle-history"><small>But it failed!</small><br></div><div class="spacer battle-history"><br></div><div class="battle-history"><small>The opposing The Fave restored a little HP using its Leftovers!</small><br></div><div class="spacer battle-history"><br></div><h2 class="battle-history">Turn 20</h2><div class="spacer battle-history"><br></div><div class="battle-history">Bronzor, come back!<br></div><div class="battle-history">Go! <strong>Vullaby</strong>!<br></div><div class="battle-history"><small>Pointed stones dug into Vullaby!</small><br></div><div class="spacer battle-history"><br></div><div class="battle-history">The opposing The Fave used <strong>Calm Mind</strong>!<br></div><div class="battle-history"><small>The opposing The Fave's Special Attack rose!</small><br></div><div class="battle-history"><small>The opposing The Fave's Special Defense rose!</small><br></div><div class="spacer battle-history"><br></div><div class="battle-history"><small>The opposing The Fave restored a little HP using its Leftovers!</small><br></div><div class="spacer battle-history"><br></div><h2 class="battle-history">Turn 21</h2><div class="spacer battle-history"><br></div><div class="battle-history">The opposing The Fave used <strong>Shadow Ball</strong>!<br></div><div class="battle-history"><small>It's not very effective...</small><br></div><div class="battle-history"><small>(Vullaby lost <abbr title="−41/343">12.0%</abbr> of its health!)</small><br></div><div class="spacer battle-history"><br></div><div class="battle-history">Vullaby used <strong>Knock Off</strong>!<br></div><div class="battle-history"><small>It's super effective!</small><br></div><div class="battle-history"><small>The opposing The Fave's substitute faded!</small><br></div><div class="spacer battle-history"><br></div><div class="battle-history"><small>The opposing The Fave restored a little HP using its Leftovers!</small><br></div><div class="spacer battle-history"><br></div><h2 class="battle-history">Turn 22</h2><div class="spacer battle-history"><br></div><div class="battle-history">givemecash withdrew The Fave!<br></div><div class="battle-history">givemecash sent out <strong>Avalugg</strong>!<br></div><div class="battle-history"><small>Pointed stones dug into the opposing Avalugg!</small><br></div><div class="spacer battle-history"><br></div><div class="battle-history">Vullaby used <strong>Roost</strong>!<br></div><div class="battle-history"><small>Vullaby restored its HP.</small><br></div><div class="spacer battle-history"><br></div><h2 class="battle-history">Turn 23</h2><div class="spacer battle-history"><br></div><div class="battle-history">Vullaby used <strong>Defog</strong>!<br></div><div class="battle-history"><small>The opposing Avalugg's evasiveness fell!</small><br></div><div class="battle-history"><small>The pointed stones disappeared from around the opposing team!</small><br></div><div class="battle-history"><small>The pointed stones disappeared from around your team!</small><br></div><div class="spacer battle-history"><br></div><div class="battle-history">The opposing Avalugg used <strong>Rapid Spin</strong>!<br></div><div class="battle-history"><small>A critical hit!</small><br></div><div class="battle-history"><small>(Vullaby lost <abbr title="−17/343">5.0%</abbr> of its health!)</small><br></div><div class="spacer battle-history"><br></div><h2 class="battle-history">Turn 24</h2><div class="spacer battle-history"><br></div><div class="battle-history">Vullaby, come back!<br></div><div class="battle-history">Go! <strong>Bronzor</strong>!<br></div><div class="spacer battle-history"><br></div><div class="battle-history">givemecash withdrew Avalugg!<br></div><div class="battle-history">givemecash sent out <strong>Simipour</strong>!<br></div><div class="spacer battle-history"><br></div><div class="battle-history"><small>The opposing Simipour was hurt by poison!</small><br></div><div class="spacer battle-history"><br></div><h2 class="battle-history">Turn 25</h2><div class="spacer battle-history"><br></div><div class="battle-history">Bronzor, come back!<br></div><div class="battle-history">Go! <strong>Altaria</strong>!<br></div><div class="spacer battle-history"><br></div><div class="battle-history">The opposing Simipour used <strong>Knock Off</strong>!<br></div><div class="battle-history"><small>A critical hit!</small><br></div><div class="battle-history"><small>(Altaria lost <abbr title="−60/353">17.0%</abbr> of its health!)</small><br></div><div class="spacer battle-history"><br></div><div class="battle-history"><small>The opposing Simipour was hurt by poison!</small><br></div><div class="spacer battle-history"><br></div><h2 class="battle-history">Turn 26</h2><div class="spacer battle-history"><br></div><div class="battle-history">givemecash withdrew Simipour!<br></div><div class="battle-history">givemecash sent out <strong>Stoutland</strong>!<br></div><div class="spacer battle-history"><br></div><div class="battle-history">Altaria, come back!<br></div><div class="battle-history">Go! <strong>Bronzor</strong>!<br></div><div class="spacer battle-history"><br></div><h2 class="battle-history">Turn 27</h2><div class="spacer battle-history"><br></div><div class="battle-history">The opposing Stoutland used <strong>Crunch</strong>!<br></div><div class="battle-history"><small>It's super effective!</small><br></div><div class="battle-history"><small>(Bronzor lost <abbr title="−156/318">49.1%</abbr> of its health!)</small><br></div><div class="spacer battle-history"><br></div><div class="battle-history">Bronzor used <strong>Stealth Rock</strong>!<br></div><div class="battle-history"><small>Pointed stones float in the air around the opposing team!</small><br></div><div class="spacer battle-history"><br></div><h2 class="battle-history">Turn 28</h2><div class="spacer battle-history"><br></div><div class="battle-history">givemecash withdrew Stoutland!<br></div><div class="battle-history">givemecash sent out <strong>Avalugg</strong>!<br></div><div class="battle-history"><small>Pointed stones dug into the opposing Avalugg!</small><br></div><div class="spacer battle-history"><br></div><div class="battle-history">Bronzor, come back!<br></div><div class="battle-history">Go! <strong>Vullaby</strong>!<br></div><div class="spacer battle-history"><br></div><h2 class="battle-history">Turn 29</h2><div class="spacer battle-history"><br></div><div class="battle-history">Vullaby, come back!<br></div><div class="battle-history">Go! <strong>Bronzor</strong>!<br></div><div class="spacer battle-history"><br></div><div class="battle-history">The opposing Avalugg used <strong>Rapid Spin</strong>!<br></div><div class="battle-history"><small>It's not very effective...</small><br></div><div class="battle-history"><small>(Bronzor lost <abbr title="−5/318">1.6%</abbr> of its health!)</small><br></div><div class="battle-history"><small>The pointed stones disappeared from around the opposing team!</small><br></div><div class="spacer battle-history"><br></div><h2 class="battle-history">Turn 30</h2><div class="spacer battle-history"><br></div><div class="battle-history">givemecash withdrew Avalugg!<br></div><div class="battle-history">givemecash sent out <strong>Simipour</strong>!<br></div><div class="spacer battle-history"><br></div><div class="battle-history">Bronzor used <strong>Toxic</strong>!<br></div><div class="battle-history"><small>But it failed!</small><br></div><div class="spacer battle-history"><br></div><div class="battle-history"><small>The opposing Simipour was hurt by poison!</small><br></div><div class="spacer battle-history"><br></div><h2 class="battle-history">Turn 31</h2><div class="spacer battle-history"><br></div><div class="battle-history">Bronzor, come back!<br></div><div class="battle-history">Go! <strong>Altaria</strong>!<br></div><div class="spacer battle-history"><br></div><div class="battle-history">The opposing Simipour used <strong>Ice Beam</strong>!<br></div><div class="battle-history"><small>It's super effective!</small><br></div><div class="battle-history"><small>(Altaria lost <abbr title="−250/353">70.8%</abbr> of its health!)</small><br></div><div class="spacer battle-history"><br></div><div class="battle-history">Altaria fainted!<br></div><div class="spacer battle-history"><br></div><div class="battle-history"><small>The opposing Simipour was hurt by poison!</small><br></div><div class="spacer battle-history"><br></div><div class="battle-history">Go! <strong>Bronzor</strong>!<br></div><div class="spacer battle-history"><br></div><h2 class="battle-history">Turn 32</h2><div class="spacer battle-history"><br></div><div class="battle-history">givemecash withdrew Simipour!<br></div><div class="battle-history">givemecash sent out <strong>Avalugg</strong>!<br></div><div class="spacer battle-history"><br></div><div class="battle-history">Bronzor, come back!<br></div><div class="battle-history">Go! <strong>Leafeon</strong>!<br></div><div class="spacer battle-history"><br></div><h2 class="battle-history">Turn 33</h2><div class="spacer battle-history"><br></div><div class="battle-history">Leafeon, come back!<br></div><div class="battle-history">Go! <strong>Bronzor</strong>!<br></div><div class="spacer battle-history"><br></div><div class="battle-history">The opposing Avalugg used <strong>Recover</strong>!<br></div><div class="battle-history"><small>The opposing Avalugg restored its HP.</small><br></div><div class="spacer battle-history"><br></div><h2 class="battle-history">Turn 34</h2><div class="spacer battle-history"><br></div><div class="battle-history">givemecash withdrew Avalugg!<br></div><div class="battle-history">givemecash sent out <strong>Stoutland</strong>!<br></div><div class="spacer battle-history"><br></div><div class="battle-history">Bronzor used <strong>Stealth Rock</strong>!<br></div><div class="battle-history"><small>Pointed stones float in the air around the opposing team!</small><br></div><div class="spacer battle-history"><br></div><h2 class="battle-history">Turn 35</h2><div class="chat chatmessage-givemecash"><strong style="color:hsl(78,42%,34%)"><small>☆</small><span class="username" data-name="givemecash">givemecash</span>:</strong> <em>htfu</em></div><div class="spacer battle-history"><br></div><div class="battle-history">The opposing Stoutland used <strong>Return</strong>!<br></div><div class="battle-history"><small>It's not very effective...</small><br></div><div class="battle-history"><small>(Bronzor lost <abbr title="−81/318">25.5%</abbr> of its health!)</small><br></div><div class="spacer battle-history"><br></div><div class="battle-history">Bronzor used <strong>Rest</strong>!<br></div><div class="battle-history"><small>Bronzor fell asleep!</small><br></div><div class="battle-history"><small>Bronzor slept and became healthy!</small><br></div><div class="spacer battle-history"><br></div><h2 class="battle-history">Turn 36</h2><div class="spacer battle-history"><br></div><div class="battle-history">Bronzor, come back!<br></div><div class="battle-history">Go! <strong>Vullaby</strong>!<br></div><div class="spacer battle-history"><br></div><div class="battle-history">The opposing Stoutland used <strong>Return</strong>!<br></div><div class="battle-history"><small>(Vullaby lost <abbr title="−156/343">45.5%</abbr> of its health!)</small><br></div><div class="spacer battle-history"><br></div><h2 class="battle-history">Turn 37</h2><div class="spacer battle-history"><br></div><div class="battle-history">The opposing Stoutland used <strong>Return</strong>!<br></div><div class="battle-history"><small>(Vullaby lost <abbr title="−144/343">42.0%</abbr> of its health!)</small><br></div><div class="spacer battle-history"><br></div><div class="battle-history">Vullaby used <strong>Knock Off</strong>!<br></div><div class="battle-history"><small>A critical hit!</small><br></div><div class="battle-history"><small>(The opposing Stoutland lost <abbr title="−111/311">35.7%</abbr> of its health!)</small><br></div><div class="battle-history"><small>Vullaby knocked off the opposing Stoutland's Choice Band!</small><br></div><div class="spacer battle-history"><br></div><h2 class="battle-history">Turn 38</h2><div class="spacer battle-history"><br></div><div class="battle-history">The opposing Stoutland used <strong>Return</strong>!<br></div><div class="battle-history"><small>(Vullaby lost <abbr title="−26/343">7.6%</abbr> of its health!)</small><br></div><div class="spacer battle-history"><br></div><div class="battle-history">Vullaby fainted!<br></div><div class="spacer battle-history"><br></div><div class="battle-history">Go! <strong>Leafeon</strong>!<br></div><div class="spacer battle-history"><br></div><h2 class="battle-history">Turn 39</h2><div class="spacer battle-history"><br></div><div class="battle-history">givemecash withdrew Stoutland!<br></div><div class="battle-history">givemecash sent out <strong>Avalugg</strong>!<br></div><div class="battle-history"><small>Pointed stones dug into the opposing Avalugg!</small><br></div><div class="spacer battle-history"><br></div><div class="battle-history">Leafeon used <strong>Swords Dance</strong>!<br></div><div class="battle-history"><small>Leafeon's Attack rose sharply!</small><br></div><div class="spacer battle-history"><br></div><h2 class="battle-history">Turn 40</h2><div class="spacer battle-history"><br></div><div class="battle-history">Leafeon, come back!<br></div><div class="battle-history">Go! <strong>Bronzor</strong>!<br></div><div class="spacer battle-history"><br></div><div class="battle-history">The opposing Avalugg used <strong>Rapid Spin</strong>!<br></div><div class="battle-history"><small>It's not very effective...</small><br></div><div class="battle-history"><small>(Bronzor lost <abbr title="−6/318">1.9%</abbr> of its health!)</small><br></div><div class="battle-history"><small>The pointed stones disappeared from around the opposing team!</small><br></div><div class="spacer battle-history"><br></div><h2 class="battle-history">Turn 41</h2><div class="spacer battle-history"><br></div><div class="battle-history">givemecash withdrew Avalugg!<br></div><div class="battle-history">givemecash sent out <strong>Simipour</strong>!<br></div><div class="spacer battle-history"><br></div><div class="battle-history">Bronzor, come back!<br></div><div class="battle-history">Go! <strong>Grumpig</strong>!<br></div><div class="spacer battle-history"><br></div><div class="battle-history"><small>Grumpig restored a little HP using its Leftovers!</small><br></div><div class="battle-history"><small>The opposing Simipour was hurt by poison!</small><br></div><div class="spacer battle-history"><br></div><h2 class="battle-history">Turn 42</h2><div class="spacer battle-history"><br></div><div class="battle-history">Grumpig, come back!<br></div><div class="battle-history">Go! <strong>Ursaring</strong>!<br></div><div class="spacer battle-history"><br></div><div class="battle-history">The opposing Simipour used <strong>Knock Off</strong>!<br></div><div class="battle-history"><small>(Ursaring lost <abbr title="−88/383">23.0%</abbr> of its health!)</small><br></div><div class="battle-history"><small>The opposing Simipour knocked off Ursaring's Leftovers!</small><br></div><div class="spacer battle-history"><br></div><div class="battle-history"><small>The opposing Simipour was hurt by poison!</small><br></div><div class="spacer battle-history"><br></div><h2 class="battle-history">Turn 43</h2><div class="spacer battle-history"><br></div><div class="battle-history">givemecash withdrew Simipour!<br></div><div class="battle-history">givemecash sent out <strong>Avalugg</strong>!<br></div><div class="spacer battle-history"><br></div><div class="battle-history">Ursaring used <strong>Rest</strong>!<br></div><div class="battle-history"><small>Ursaring fell asleep!</small><br></div><div class="battle-history"><small>Ursaring slept and became healthy!</small><br></div><div class="spacer battle-history"><br></div><h2 class="battle-history">Turn 44</h2><div class="spacer battle-history"><br></div><div class="battle-history">Ursaring is fast asleep.<br></div><div class="spacer battle-history"><br></div><div class="battle-history">The opposing Avalugg used <strong>Recover</strong>!<br></div><div class="battle-history"><small>The opposing Avalugg restored its HP.</small><br></div><div class="spacer battle-history"><br></div><h2 class="battle-history">Turn 45</h2><div class="spacer battle-history"><br></div><div class="battle-history">Ursaring is fast asleep.<br></div><div class="spacer battle-history"><br></div><div class="battle-history">Ursaring used <strong>Sleep Talk</strong>!<br></div><div class="spacer battle-history"><br></div><div class="battle-history">Ursaring used <strong>Return</strong>!<br></div><div class="battle-history"><small>(The opposing Avalugg lost <abbr title="−103/393">26.2%</abbr> of its health!)</small><br></div><div class="spacer battle-history"><br></div><div class="battle-history">The opposing Avalugg used <strong>Avalanche</strong>!<br></div><div class="battle-history"><small>(Ursaring lost <abbr title="−214/383">55.9%</abbr> of its health!)</small><br></div><div class="spacer battle-history"><br></div><h2 class="battle-history">Turn 46</h2><div class="spacer battle-history"><br></div><div class="battle-history">givemecash withdrew Avalugg!<br></div><div class="battle-history">givemecash sent out <strong>Gabite</strong>!<br></div><div class="battle-history"><small>Ursaring woke up!</small><br></div><div class="spacer battle-history"><br></div><div class="battle-history">Ursaring used <strong>Bulk Up</strong>!<br></div><div class="battle-history"><small>Ursaring's Attack rose!</small><br></div><div class="battle-history"><small>Ursaring's Defense rose!</small><br></div><div class="spacer battle-history"><br></div><h2 class="battle-history">Turn 47</h2><div class="spacer battle-history"><br></div><div class="battle-history">The opposing Gabite used <strong>Stealth Rock</strong>!<br></div><div class="battle-history"><small>Pointed stones float in the air around your team!</small><br></div><div class="spacer battle-history"><br></div><div class="battle-history">Ursaring used <strong>Rest</strong>!<br></div><div class="battle-history"><small>Ursaring fell asleep!</small><br></div><div class="battle-history"><small>Ursaring slept and became healthy!</small><br></div><div class="spacer battle-history"><br></div><h2 class="battle-history">Turn 48</h2><div class="spacer battle-history"><br></div><div class="battle-history">Ursaring is fast asleep.<br></div><div class="spacer battle-history"><br></div><div class="battle-history">Ursaring used <strong>Sleep Talk</strong>!<br></div><div class="spacer battle-history"><br></div><div class="battle-history">Ursaring used <strong>Rest</strong>!<br></div><div class="battle-history"><small>But it failed!</small><br></div><div class="spacer battle-history"><br></div><div class="battle-history">The opposing Gabite used <strong>Roar</strong>!<br></div><div class="spacer battle-history"><br></div><div class="battle-history"><strong>Grumpig</strong> was dragged out!<br></div><div class="battle-history"><small>Pointed stones dug into Grumpig!</small><br></div><div class="spacer battle-history"><br></div><div class="battle-history"><small>Grumpig restored a little HP using its Leftovers!</small><br></div><div class="spacer battle-history"><br></div><h2 class="battle-history">Turn 49</h2><div class="spacer battle-history"><br></div><div class="battle-history">Grumpig, come back!<br></div><div class="battle-history">Go! <strong>Bronzor</strong>!<br></div><div class="battle-history"><small>Pointed stones dug into Bronzor!</small><br></div><div class="spacer battle-history"><br></div><div class="battle-history">The opposing Gabite used <strong>Roar</strong>!<br></div><div class="spacer battle-history"><br></div><div class="battle-history"><strong>Leafeon</strong> was dragged out!<br></div><div class="battle-history"><small>Pointed stones dug into Leafeon!</small><br></div><div class="spacer battle-history"><br></div><div class="battle-history"><small>Leafeon restored a little HP using its Leftovers!</small><br></div><div class="spacer battle-history"><br></div><h2 class="battle-history">Turn 50</h2><div class="spacer battle-history"><br></div><div class="battle-history">Leafeon used <strong>Knock Off</strong>!<br></div><div class="battle-history"><small>(The opposing Gabite lost <abbr title="−64/339">18.9%</abbr> of its health!)</small><br></div><div class="battle-history"><small>[The opposing Gabite's Rough Skin]</small><br><small>Leafeon was hurt!</small><br></div><div class="battle-history"><small>Leafeon knocked off the opposing Gabite's Eviolite!</small><br></div><div class="spacer battle-history"><br></div><div class="battle-history">The opposing Gabite used <strong>Toxic</strong>!<br></div><div class="battle-history"><small>Leafeon was badly poisoned!</small><br></div><div class="spacer battle-history"><br></div><div class="battle-history"><small>Leafeon restored a little HP using its Leftovers!</small><br></div><div class="battle-history"><small>Leafeon was hurt by poison!</small><br></div><div class="spacer battle-history"><br></div><h2 class="battle-history">Turn 51</h2><div class="spacer battle-history"><br></div><div class="battle-history">Leafeon used <strong>Leaf Blade</strong>!<br></div><div class="battle-history"><small>(The opposing Gabite lost <abbr title="−126/339">37.2%</abbr> of its health!)</small><br></div><div class="battle-history"><small>[The opposing Gabite's Rough Skin]</small><br><small>Leafeon was hurt!</small><br></div><div class="spacer battle-history"><br></div><div class="battle-history">The opposing Gabite used <strong>Roar</strong>!<br></div><div class="spacer battle-history"><br></div><div class="battle-history"><strong>Grumpig</strong> was dragged out!<br></div><div class="battle-history"><small>Pointed stones dug into Grumpig!</small><br></div><div class="spacer battle-history"><br></div><div class="battle-history"><small>Grumpig restored a little HP using its Leftovers!</small><br></div><div class="spacer battle-history"><br></div><h2 class="battle-history">Turn 52</h2><div class="spacer battle-history"><br></div><div class="battle-history">Grumpig used <strong>Substitute</strong>!<br></div><div class="battle-history"><small>Grumpig put in a substitute!</small><br></div><div class="battle-history"><small>(Grumpig lost <abbr title="−80/321">24.9%</abbr> of its health!)</small><br></div><div class="spacer battle-history"><br></div><div class="battle-history">The opposing Gabite used <strong>Roar</strong>!<br></div><div class="spacer battle-history"><br></div><div class="battle-history"><strong>Leafeon</strong> was dragged out!<br></div><div class="battle-history"><small>Pointed stones dug into Leafeon!</small><br></div><div class="spacer battle-history"><br></div><div class="battle-history"><small>Leafeon restored a little HP using its Leftovers!</small><br></div><div class="battle-history"><small>Leafeon was hurt by poison!</small><br></div><div class="spacer battle-history"><br></div><h2 class="battle-history">Turn 53</h2><div class="chat"><small>Based Loser joined.</small></div><div class="spacer battle-history"><br></div><div class="battle-history">givemecash withdrew Gabite!<br></div><div class="battle-history">givemecash sent out <strong>Avalugg</strong>!<br></div><div class="spacer battle-history"><br></div><div class="battle-history">Leafeon used <strong>Synthesis</strong>!<br></div><div class="battle-history"><small>Leafeon restored its HP.</small><br></div><div class="spacer battle-history"><br></div><div class="battle-history"><small>Leafeon was hurt by poison!</small><br></div><div class="spacer battle-history"><br></div><h2 class="battle-history">Turn 54</h2><div class="spacer battle-history"><br></div><div class="battle-history">Leafeon, come back!<br></div><div class="battle-history">Go! <strong>Bronzor</strong>!<br></div><div class="battle-history"><small>Pointed stones dug into Bronzor!</small><br></div><div class="spacer battle-history"><br></div><div class="battle-history">givemecash withdrew Avalugg!<br></div><div class="battle-history">givemecash sent out <strong>Simipour</strong>!<br></div><div class="spacer battle-history"><br></div><div class="battle-history"><small>The opposing Simipour was hurt by poison!</small><br></div><div class="spacer battle-history"><br></div><h2 class="battle-history">Turn 55</h2><div class="spacer battle-history"><br></div><div class="battle-history">Bronzor, come back!<br></div><div class="battle-history">Go! <strong>Ursaring</strong>!<br></div><div class="battle-history"><small>Pointed stones dug into Ursaring!</small><br></div><div class="spacer battle-history"><br></div><div class="battle-history">The opposing Simipour used <strong>Hydro Pump</strong>!<br></div><div class="battle-history"><small>(Ursaring lost <abbr title="−234/383">61.1%</abbr> of its health!)</small><br></div><div class="spacer battle-history"><br></div><div class="battle-history"><small>The opposing Simipour was hurt by poison!</small><br></div><div class="spacer battle-history"><br></div><div class="battle-history">The opposing Simipour fainted!<br></div><div class="spacer battle-history"><br></div><div class="battle-history">givemecash sent out <strong>Monferno</strong>!<br></div><div class="spacer battle-history"><br></div><h2 class="battle-history">Turn 56</h2><div class="spacer battle-history"><br></div><div class="battle-history">The opposing Monferno used <strong>Mach Punch</strong>!<br></div><div class="battle-history"><small>It's super effective!</small><br></div><div class="battle-history"><small>(Ursaring lost <abbr title="−102/383">26.6%</abbr> of its health!)</small><br></div><div class="spacer battle-history"><br></div><div class="battle-history">Ursaring fainted!<br></div><div class="spacer battle-history"><br></div><div class="battle-history">Go! <strong>Grumpig</strong>!<br></div><div class="battle-history"><small>Pointed stones dug into Grumpig!</small><br></div><div class="spacer battle-history"><br></div><h2 class="battle-history">Turn 57</h2><div class="spacer battle-history"><br></div><div class="battle-history">givemecash withdrew Monferno!<br></div><div class="battle-history">givemecash sent out <strong>Gabite</strong>!<br></div><div class="spacer battle-history"><br></div><div class="battle-history">Grumpig used <strong>Psyshock</strong>!<br></div><div class="battle-history"><small>(The opposing Gabite lost <abbr title="−111/339">32.7%</abbr> of its health!)</small><br></div><div class="spacer battle-history"><br></div><div class="battle-history"><small>Grumpig restored a little HP using its Leftovers!</small><br></div><div class="spacer battle-history"><br></div><h2 class="battle-history">Turn 58</h2><div class="spacer battle-history"><br></div><div class="battle-history">Grumpig used <strong>Psyshock</strong>!<br></div><div class="battle-history"><small>(The opposing Gabite lost <abbr title="−38/339">11.2%</abbr> of its health!)</small><br></div><div class="spacer battle-history"><br></div><div class="battle-history">The opposing Gabite fainted!<br></div><div class="spacer battle-history"><br></div><div class="battle-history"><small>Grumpig restored a little HP using its Leftovers!</small><br></div><div class="spacer battle-history"><br></div><div class="battle-history">givemecash sent out <strong>Stoutland</strong>!<br></div><div class="spacer battle-history"><br></div><h2 class="battle-history">Turn 59</h2><div class="spacer battle-history"><br></div><div class="battle-history">Grumpig used <strong>Focus Blast</strong>!<br></div><div class="battle-history"><small>It's super effective!</small><br></div><div class="battle-history"><small>(The opposing Stoutland lost <abbr title="−200/311">64.3%</abbr> of its health!)</small><br></div><div class="spacer battle-history"><br></div><div class="battle-history">The opposing Stoutland fainted!<br></div><div class="spacer battle-history"><br></div><div class="battle-history"><small>Grumpig restored a little HP using its Leftovers!</small><br></div><div class="spacer battle-history"><br></div><div class="battle-history">givemecash sent out The Fave (<strong>Grumpig</strong>)!<br></div><div class="spacer battle-history"><br></div><h2 class="battle-history">Turn 60</h2><div class="spacer battle-history"><br></div><div class="battle-history">Grumpig, come back!<br></div><div class="battle-history">Go! <strong>Leafeon</strong>!<br></div><div class="battle-history"><small>Pointed stones dug into Leafeon!</small><br></div><div class="spacer battle-history"><br></div><div class="battle-history">The opposing The Fave used <strong>Substitute</strong>!<br></div><div class="battle-history"><small>The opposing The Fave put in a substitute!</small><br></div><div class="battle-history"><small>(The opposing The Fave lost <abbr title="−75/301">24.9%</abbr> of its health!)</small><br></div><div class="spacer battle-history"><br></div><div class="battle-history"><small>Leafeon restored a little HP using its Leftovers!</small><br></div><div class="battle-history"><small>The opposing The Fave restored a little HP using its Leftovers!</small><br></div><div class="battle-history"><small>Leafeon was hurt by poison!</small><br></div><div class="spacer battle-history"><br></div><h2 class="battle-history">Turn 61</h2><div class="spacer battle-history"><br></div><div class="battle-history">Leafeon used <strong>Knock Off</strong>!<br></div><div class="battle-history"><small>It's super effective!</small><br></div><div class="battle-history"><small>The opposing The Fave's substitute faded!</small><br></div><div class="spacer battle-history"><br></div><div class="battle-history">The opposing The Fave used <strong>Psychic</strong>!<br></div><div class="battle-history"><small>(Leafeon lost <abbr title="−150/271">55.4%</abbr> of its health!)</small><br></div><div class="spacer battle-history"><br></div><div class="battle-history"><small>Leafeon restored a little HP using its Leftovers!</small><br></div><div class="battle-history"><small>The opposing The Fave restored a little HP using its Leftovers!</small><br></div><div class="battle-history"><small>Leafeon was hurt by poison!</small><br></div><div class="spacer battle-history"><br></div><h2 class="battle-history">Turn 62</h2><div class="spacer battle-history"><br></div><div class="battle-history">givemecash withdrew The Fave!<br></div><div class="battle-history">givemecash sent out <strong>Avalugg</strong>!<br></div><div class="spacer battle-history"><br></div><div class="battle-history">Leafeon used <strong>Synthesis</strong>!<br></div><div class="battle-history"><small>Leafeon restored its HP.</small><br></div><div class="spacer battle-history"><br></div><div class="battle-history"><small>Leafeon restored a little HP using its Leftovers!</small><br></div><div class="battle-history"><small>Leafeon was hurt by poison!</small><br></div><div class="spacer battle-history"><br></div><h2 class="battle-history">Turn 63</h2><div class="spacer battle-history"><br></div><div class="battle-history">Leafeon, come back!<br></div><div class="battle-history">Go! <strong>Bronzor</strong>!<br></div><div class="battle-history"><small>Pointed stones dug into Bronzor!</small><br></div><div class="spacer battle-history"><br></div><div class="battle-history">givemecash withdrew Avalugg!<br></div><div class="battle-history">givemecash sent out <strong>Monferno</strong>!<br></div><div class="spacer battle-history"><br></div><h2 class="battle-history">Turn 64</h2><div class="spacer battle-history"><br></div><div class="battle-history">Bronzor, come back!<br></div><div class="battle-history">Go! <strong>Grumpig</strong>!<br></div><div class="battle-history"><small>Pointed stones dug into Grumpig!</small><br></div><div class="spacer battle-history"><br></div><div class="battle-history">The opposing Monferno used <strong>Swords Dance</strong>!<br></div><div class="battle-history"><small>The opposing Monferno's Attack rose sharply!</small><br></div><div class="spacer battle-history"><br></div><div class="battle-history"><small>Grumpig restored a little HP using its Leftovers!</small><br></div><div class="spacer battle-history"><br></div><h2 class="battle-history">Turn 65</h2><div class="spacer battle-history"><br></div><div class="battle-history">The opposing Monferno used <strong>Close Combat</strong>!<br></div><div class="battle-history"><small>It's not very effective...</small><br></div><div class="battle-history"><small>(Grumpig lost <abbr title="−181/321">56.4%</abbr> of its health!)</small><br></div><div class="battle-history"><small>The opposing Monferno's Defense fell!</small><br></div><div class="battle-history"><small>The opposing Monferno's Special Defense fell!</small><br></div><div class="spacer battle-history"><br></div><div class="battle-history">Grumpig fainted!<br></div><div class="spacer battle-history"><br></div><div class="battle-history">Go! <strong>Leafeon</strong>!<br></div><div class="battle-history"><small>Pointed stones dug into Leafeon!</small><br></div><div class="spacer battle-history"><br></div><h2 class="battle-history">Turn 66</h2><div class="spacer battle-history"><br></div><div class="battle-history"><small>beefdreams forfeited.</small><br></div><div class="spacer battle-history"><br></div><div class="battle-history"><strong>givemecash</strong> won the battle!<br></div><div class="chat"><small>beefdreams left.</small></div><div class="chat">beefdreams's rating: 1459 → <strong>1440</strong><br>(-19 for losing)</div><div class="chat">givemecash's rating: 1470 → <strong>1490</strong><br>(+20 for winning)</div><div class="chat chatmessage-givemecash"><strong style="color:hsl(78,42%,34%)"><small>☆</small><span class="username" data-name="givemecash">givemecash</span>:</strong> <em>what a game</em></div></div><div class="inner-preempt"></div></div></div>
</div>
<script>
let daily = Math.floor(Date.now()/1000/60/60/24);document.write('<script src="https://play.pokemonshowdown.com/js/replay-embed.js?version'+daily+'"></'+'script>');
</script>
