<!DOCTYPE html>
<meta charset="utf-8" />
<!-- version 1 -->
<title>PU replay: I Miss The EU vs. Dbasso padre</title>
<style>
html,body {font-family:Verdana, sans-serif;font-size:10pt;margin:0;padding:0;}body{padding:12px 0;} .battle-log {font-family:Verdana, sans-serif;font-size:10pt;} .battle-log-inline {border:1px solid #AAAAAA;background:#EEF2F5;color:black;max-width:640px;margin:0 auto 80px;padding-bottom:5px;} .battle-log .inner {padding:4px 8px 0px 8px;} .battle-log .inner-preempt {padding:0 8px 4px 8px;} .battle-log .inner-after {margin-top:0.5em;} .battle-log h2 {margin:0.5em -8px;padding:4px 8px;border:1px solid #AAAAAA;background:#E0E7EA;border-left:0;border-right:0;font-family:Verdana, sans-serif;font-size:13pt;} .battle-log .chat {vertical-align:middle;padding:3px 0 3px 0;font-size:8pt;} .battle-log .chat strong {color:#40576A;} .battle-log .chat em {padding:1px 4px 1px 3px;color:#000000;font-style:normal;} .chat.mine {background:rgba(0,0,0,0.05);margin-left:-8px;margin-right:-8px;padding-left:8px;padding-right:8px;} .spoiler {color:#BBBBBB;background:#BBBBBB;padding:0px 3px;} .spoiler:hover, .spoiler:active, .spoiler-shown {color:#000000;background:#E2E2E2;padding:0px 3px;} .spoiler a {color:#BBBBBB;} .spoiler:hover a, .spoiler:active a, .spoiler-shown a {color:#2288CC;} .chat code, .chat .spoiler:hover code, .chat .spoiler:active code, .chat .spoiler-shown code {border:1px solid #C0C0C0;background:#EEEEEE;color:black;padding:0 2px;} .chat .spoiler code {border:1px solid #CCCCCC;background:#CCCCCC;color:#CCCCCC;} .battle-log .rated {padding:3px 4px;} .battle-log .rated strong {color:white;background:#89A;padding:1px 4px;border-radius:4px;} .spacer {margin-top:0.5em;} .message-announce {background:#6688AA;color:white;padding:1px 4px 2px;} .message-announce a, .broadcast-green a, .broadcast-blue a, .broadcast-red a {color:#DDEEFF;} .broadcast-green {background-color:#559955;color:white;padding:2px 4px;} .broadcast-blue {background-color:#6688AA;color:white;padding:2px 4px;} .infobox {border:1px solid #6688AA;padding:2px 4px;} .infobox-limited {max-height:200px;overflow:auto;overflow-x:hidden;} .broadcast-red {background-color:#AA5544;color:white;padding:2px 4px;} .message-learn-canlearn {font-weight:bold;color:#228822;text-decoration:underline;} .message-learn-cannotlearn {font-weight:bold;color:#CC2222;text-decoration:underline;} .message-effect-weak {font-weight:bold;color:#CC2222;} .message-effect-resist {font-weight:bold;color:#6688AA;} .message-effect-immune {font-weight:bold;color:#666666;} .message-learn-list {margin-top:0;margin-bottom:0;} .message-throttle-notice, .message-error {color:#992222;} .message-overflow, .chat small.message-overflow {font-size:0pt;} .message-overflow::before {font-size:9pt;content:'...';} .subtle {color:#3A4A66;}
</style>
<div class="wrapper replay-wrapper" style="max-width:1180px;margin:0 auto">
<input type="hidden" name="replayid" value="pu-567469022" />
<div class="battle"></div><div class="battle-log"></div><div class="replay-controls"></div><div class="replay-controls-2"></div>
<h1 style="font-weight:normal;text-align:center"><strong>PU</strong><br /><a href="http://pokemonshowdown.com/users/imisstheeu" class="subtle" target="_blank">I Miss The EU</a> vs. <a href="http://pokemonshowdown.com/users/dbassopadre" class="subtle" target="_blank">Dbasso padre</a></h1>
<script type="text/plain" class="battle-log-data">|j|I Miss The EU
|j|Dbasso padre
|player|p1|I Miss The EU|38
|player|p2|Dbasso padre|167
|gametype|singles
|gen|6
|tier|PU
|rated
|seed|6628,19677,4930,52558
|rule|Sleep Clause Mod: Limit one foe put to sleep
|rule|Species Clause: Limit one of each Pokémon
|rule|OHKO Clause: OHKO moves are banned
|rule|Moody Clause: Moody is banned
|rule|Evasion Moves Clause: Evasion moves are banned
|rule|Endless Battle Clause: Forcing endless battles is banned
|rule|HP Percentage Mod: HP is shown in percentages
|clearpoke
|poke|p1|Avalugg, M|item
|poke|p1|Ninetales, F|item
|poke|p1|Persian, F|item
|poke|p1|Carvanha, M|item
|poke|p1|Whirlipede, M|item
|poke|p1|Gourgeist-*, M|item
|poke|p2|Ninjask, M|item
|poke|p2|Ampharos, M|item
|poke|p2|Lumineon, M|item
|poke|p2|Monferno, F|item
|poke|p2|Golem, F|item
|poke|p2|Bouffalant, F|item
|rule|Swagger Clause: Swagger is banned
|rule|Baton Pass Clause: Limit one Baton Passer, can't pass Spe and other stats simultaneously
|teampreview
|inactive|Battle timer is ON: inactive players will automatically lose when time's up. (requested by Dbasso padre)
|choice|team 3, team 2, team 1, team 4, team 5, team 6|team 1, team 2, team 3, team 4, team 5, team 6
|
|start
|switch|p1a: Persian|Persian, F|271\/271
|switch|p2a: Ninjask|Ninjask, M|263\/263
|turn|1
|choice|move fakeout|move uturn
|
|move|p1a: Persian|Fake Out|p2a: Ninjask
|-damage|p2a: Ninjask|138\/263
|-damage|p1a: Persian|244\/271|[from] item: Life Orb
|cant|p2a: Ninjask|flinch
|
|upkeep
|turn|2
|choice|switch 5|switch 4
|
|switch|p2a: Monferno|Monferno, F|269\/269
|switch|p1a: Whirlipede|Whirlipede, M|274\/274
|
|upkeep
|turn|3
|choice|move protect|move flareblitz
|
|move|p1a: Whirlipede|Protect|p1a: Whirlipede
|-singleturn|p1a: Whirlipede|Protect
|move|p2a: Monferno|Flare Blitz|p1a: Whirlipede
|-activate|p1a: Whirlipede|move: Protect
|
|-ability|p1a: Whirlipede|Speed Boost|boost
|-boost|p1a: Whirlipede|spe|1
|upkeep
|turn|4
|choice|switch 3|move flareblitz
|
|switch|p1a: Avalugg|Avalugg, M|394\/394
|move|p2a: Monferno|Flare Blitz|p1a: Avalugg
|-supereffective|p1a: Avalugg
|-damage|p1a: Avalugg|224\/394
|-damage|p2a: Monferno|225\/269|[from] item: Rocky Helmet|[of] p1a: Avalugg
|-status|p1a: Avalugg|brn
|-damage|p2a: Monferno|169\/269|[from] recoil|[of] p1a: Avalugg
|
|-damage|p1a: Avalugg|175\/394 brn|[from] brn
|upkeep
|turn|5
|choice|move recover|move closecombat
|
|move|p2a: Monferno|Close Combat|p1a: Avalugg
|-supereffective|p1a: Avalugg
|-damage|p1a: Avalugg|31\/394 brn
|-damage|p2a: Monferno|125\/269|[from] item: Rocky Helmet|[of] p1a: Avalugg
|-unboost|p2a: Monferno|def|1
|-unboost|p2a: Monferno|spd|1
|move|p1a: Avalugg|Recover|p1a: Avalugg
|-heal|p1a: Avalugg|228\/394 brn
|
|-damage|p1a: Avalugg|179\/394 brn|[from] brn
|upkeep
|turn|6
|choice|move recover|switch 2
|
|switch|p2a: Ampharos|Ampharos, M|383\/383
|move|p1a: Avalugg|Recover|p1a: Avalugg
|-heal|p1a: Avalugg|376\/394 brn
|
|-damage|p1a: Avalugg|327\/394 brn|[from] brn
|upkeep
|turn|7
|choice|switch 3|move voltswitch
|
|switch|p1a: Whirlipede|Whirlipede, M|274\/274
|move|p2a: Ampharos|Volt Switch|p1a: Whirlipede
|-damage|p1a: Whirlipede|204\/274
|choice||switch 4
|
|switch|p2a: Ninjask|Ninjask, M|138\/263
|
|upkeep
|turn|8
|j|SonoUnItaliano
|choice|move toxicspikes|move uturn
|
|move|p2a: Ninjask|U-turn|p1a: Whirlipede
|-resisted|p1a: Whirlipede
|-damage|p1a: Whirlipede|157\/274
|choice||switch 4
|
|switch|p2a: Ampharos|Ampharos, M|383\/383
|move|p1a: Whirlipede|Toxic Spikes|p2a: Ampharos
|-sidestart|p2: Dbasso padre|move: Toxic Spikes
|
|-ability|p1a: Whirlipede|Speed Boost|boost
|-boost|p1a: Whirlipede|spe|1
|upkeep
|turn|9
|choice|move toxicspikes|move voltswitch
|
|move|p1a: Whirlipede|Toxic Spikes|p2a: Ampharos
|-sidestart|p2: Dbasso padre|move: Toxic Spikes
|move|p2a: Ampharos|Volt Switch|p1a: Whirlipede
|-damage|p1a: Whirlipede|90\/274
|choice||switch 4
|
|switch|p2a: Ninjask|Ninjask, M|138\/263
|
|-ability|p1a: Whirlipede|Speed Boost|boost
|-boost|p1a: Whirlipede|spe|1
|upkeep
|turn|10
|choice|move protect|move aerialace
|
|move|p1a: Whirlipede|Protect|p1a: Whirlipede
|-singleturn|p1a: Whirlipede|Protect
|move|p2a: Ninjask|Aerial Ace|p1a: Whirlipede
|-activate|p1a: Whirlipede|move: Protect
|
|-ability|p1a: Whirlipede|Speed Boost|boost
|-boost|p1a: Whirlipede|spe|1
|upkeep
|turn|11
|choice|switch 3|switch 3
|
|switch|p2a: Lumineon|Lumineon, M|342\/342
|-status|p2a: Lumineon|tox
|switch|p1a: Avalugg|Avalugg, M|327\/394 brn
|
|-damage|p2a: Lumineon|321\/342 tox|[from] psn
|-damage|p1a: Avalugg|278\/394 brn|[from] brn
|upkeep
|turn|12
|choice|switch 6|move defog
|
|switch|p1a: Gourgeist|Gourgeist-Small, M|220\/220
|move|p2a: Lumineon|Defog|p1a: Gourgeist
|-unboost|p1a: Gourgeist|evasion|1
|-sideend|p2: Dbasso padre|Toxic Spikes|[from] move: Defog|[of] p2a: Lumineon
|
|-heal|p2a: Lumineon|342\/342 tox|[from] item: Leftovers
|-damage|p2a: Lumineon|300\/342 tox|[from] psn
|upkeep
|turn|13
|choice|move substitute|switch 4
|
|switch|p2a: Ampharos|Ampharos, M|383\/383
|move|p1a: Gourgeist|Substitute|p1a: Gourgeist
|-start|p1a: Gourgeist|Substitute
|-damage|p1a: Gourgeist|165\/220
|
|-heal|p1a: Gourgeist|178\/220|[from] item: Leftovers
|upkeep
|turn|14
|choice|move leechseed|move hiddenpower
|
|move|p1a: Gourgeist|Leech Seed|p2a: Ampharos|[miss]
|-miss|p1a: Gourgeist|p2a: Ampharos
|move|p2a: Ampharos|Hidden Power|p1a: Gourgeist
|-supereffective|p1a: Gourgeist
|-end|p1a: Gourgeist|Substitute
|
|-heal|p1a: Gourgeist|191\/220|[from] item: Leftovers
|upkeep
|turn|15
|choice|switch 2|move voltswitch
|
|switch|p1a: Ninetales|Ninetales, F|350\/350
|move|p2a: Ampharos|Volt Switch|p1a: Ninetales
|-damage|p1a: Ninetales|244\/350
|choice||switch 5
|
|switch|p2a: Golem|Golem, F|364\/364
|
|-heal|p1a: Ninetales|265\/350|[from] item: Leftovers
|upkeep
|turn|16
|choice|move willowisp|move stealthrock
|
|move|p1a: Ninetales|Will-O-Wisp|p2a: Golem|[miss]
|-miss|p1a: Ninetales|p2a: Golem
|move|p2a: Golem|Stealth Rock|p1a: Ninetales
|-sidestart|p1: I Miss The EU|move: Stealth Rock
|
|-heal|p1a: Ninetales|286\/350|[from] item: Leftovers
|upkeep
|turn|17
|choice|move willowisp|switch 4
|
|switch|p2a: Lumineon|Lumineon, M|300\/342 tox
|move|p1a: Ninetales|Will-O-Wisp|p2a: Lumineon
|-fail|p2a: Lumineon
|
|-heal|p1a: Ninetales|307\/350|[from] item: Leftovers
|-heal|p2a: Lumineon|321\/342 tox|[from] item: Leftovers
|-damage|p2a: Lumineon|300\/342 tox|[from] psn
|upkeep
|turn|18
|choice|move protect|move scald
|
|move|p1a: Ninetales|Protect|p1a: Ninetales
|-singleturn|p1a: Ninetales|Protect
|move|p2a: Lumineon|Scald|p1a: Ninetales
|-activate|p1a: Ninetales|move: Protect
|
|-heal|p1a: Ninetales|328\/350|[from] item: Leftovers
|-heal|p2a: Lumineon|321\/342 tox|[from] item: Leftovers
|-damage|p2a: Lumineon|279\/342 tox|[from] psn
|upkeep
|turn|19
|choice|move overheat|move scald
|
|move|p1a: Ninetales|Overheat|p2a: Lumineon
|-resisted|p2a: Lumineon
|-damage|p2a: Lumineon|197\/342 tox
|-unboost|p1a: Ninetales|spa|2
|move|p2a: Lumineon|Scald|p1a: Ninetales
|-supereffective|p1a: Ninetales
|-damage|p1a: Ninetales|220\/350
|
|-heal|p1a: Ninetales|241\/350|[from] item: Leftovers
|-heal|p2a: Lumineon|218\/342 tox|[from] item: Leftovers
|-damage|p2a: Lumineon|155\/342 tox|[from] psn
|upkeep
|turn|20
|choice|move powerswap|switch 5
|
|switch|p2a: Ampharos|Ampharos, M|383\/383
|move|p1a: Ninetales|Power Swap|p2a: Ampharos
|-swapboost|p1a: Ninetales|p2a: Ampharos|atk, spa|[from] move: Power Swap
|
|-heal|p1a: Ninetales|262\/350|[from] item: Leftovers
|upkeep
|turn|21
|choice|move willowisp|move voltswitch
|
|move|p1a: Ninetales|Will-O-Wisp|p2a: Ampharos
|-status|p2a: Ampharos|brn
|move|p2a: Ampharos|Volt Switch|p1a: Ninetales
|-damage|p1a: Ninetales|211\/350
|choice||switch 4
|
|switch|p2a: Golem|Golem, F|364\/364
|
|-heal|p1a: Ninetales|232\/350|[from] item: Leftovers
|upkeep
|turn|22
|choice|move willowisp|move earthquake
|
|move|p1a: Ninetales|Will-O-Wisp|p2a: Golem
|-status|p2a: Golem|brn
|move|p2a: Golem|Earthquake|p1a: Ninetales
|-supereffective|p1a: Ninetales
|-damage|p1a: Ninetales|37\/350
|
|-heal|p1a: Ninetales|58\/350|[from] item: Leftovers
|-damage|p2a: Golem|319\/364 brn|[from] brn
|upkeep
|turn|23
|choice|move protect|move earthquake
|
|move|p1a: Ninetales|Protect|p1a: Ninetales
|-singleturn|p1a: Ninetales|Protect
|move|p2a: Golem|Earthquake|p1a: Ninetales
|-activate|p1a: Ninetales|move: Protect
|
|-heal|p1a: Ninetales|79\/350|[from] item: Leftovers
|-heal|p2a: Golem|341\/364 brn|[from] item: Leftovers
|-damage|p2a: Golem|296\/364 brn|[from] brn
|upkeep
|turn|24
|choice|move overheat|switch 4
|
|switch|p2a: Ampharos|Ampharos, M|383\/383 brn
|move|p1a: Ninetales|Overheat|p2a: Ampharos
|-damage|p2a: Ampharos|223\/383 brn
|-unboost|p1a: Ninetales|spa|2
|
|-heal|p1a: Ninetales|100\/350|[from] item: Leftovers
|-heal|p2a: Ampharos|246\/383 brn|[from] item: Leftovers
|-damage|p2a: Ampharos|199\/383 brn|[from] brn
|upkeep
|turn|25
|choice|move protect|move voltswitch
|
|move|p1a: Ninetales|Protect|p1a: Ninetales
|-singleturn|p1a: Ninetales|Protect
|move|p2a: Ampharos|Volt Switch|p1a: Ninetales
|-activate|p1a: Ninetales|move: Protect
|
|-heal|p1a: Ninetales|121\/350|[from] item: Leftovers
|-heal|p2a: Ampharos|222\/383 brn|[from] item: Leftovers
|-damage|p2a: Ampharos|175\/383 brn|[from] brn
|upkeep
|turn|26
|choice|move powerswap|move voltswitch
|
|move|p1a: Ninetales|Power Swap|p2a: Ampharos
|-swapboost|p1a: Ninetales|p2a: Ampharos|atk, spa|[from] move: Power Swap
|move|p2a: Ampharos|Volt Switch|p1a: Ninetales
|-damage|p1a: Ninetales|67\/350
|choice||switch 3
|
|switch|p2a: Ninjask|Ninjask, M|138\/263
|
|-heal|p1a: Ninetales|88\/350|[from] item: Leftovers
|upkeep
|turn|27
|choice|move protect|move aerialace
|
|move|p1a: Ninetales|Protect|p1a: Ninetales
|-singleturn|p1a: Ninetales|Protect
|move|p2a: Ninjask|Aerial Ace|p1a: Ninetales
|-activate|p1a: Ninetales|move: Protect
|
|-heal|p1a: Ninetales|109\/350|[from] item: Leftovers
|upkeep
|turn|28
|choice|switch 3|move aerialace
|
|switch|p1a: Whirlipede|Whirlipede, M|90\/274
|-damage|p1a: Whirlipede|22\/274|[from] Stealth Rock
|move|p2a: Ninjask|Aerial Ace|p1a: Whirlipede
|-supereffective|p1a: Whirlipede
|-damage|p1a: Whirlipede|0 fnt
|faint|p1a: Whirlipede
|
|upkeep
|choice|switch 6|
|
|switch|p1a: Avalugg|Avalugg, M|278\/394 brn
|-damage|p1a: Avalugg|180\/394 brn|[from] Stealth Rock
|turn|29
|choice|move rapidspin|switch 3
|
|switch|p2a: Ampharos|Ampharos, M|175\/383 brn
|move|p1a: Avalugg|Rapid Spin|p2a: Ampharos
|-damage|p2a: Ampharos|165\/383 brn
|-sideend|p1: I Miss The EU|Stealth Rock|[from] move: Rapid Spin|[of] p1a: Avalugg
|
|-heal|p2a: Ampharos|188\/383 brn|[from] item: Leftovers
|-damage|p2a: Ampharos|141\/383 brn|[from] brn
|-damage|p1a: Avalugg|131\/394 brn|[from] brn
|upkeep
|turn|30
|choice|move earthquake|move voltswitch
|
|move|p2a: Ampharos|Volt Switch|p1a: Avalugg
|-damage|p1a: Avalugg|0 fnt
|faint|p1a: Avalugg
|choice||switch 3
|
|switch|p2a: Ninjask|Ninjask, M|138\/263
|
|upkeep
|choice|switch 5|
|
|switch|p1a: Persian|Persian, F|244\/271
|turn|31
|choice|move fakeout|switch 4
|
|switch|p2a: Golem|Golem, F|296\/364 brn
|move|p1a: Persian|Fake Out|p2a: Golem
|-resisted|p2a: Golem
|-damage|p2a: Golem|273\/364 brn
|-damage|p1a: Persian|217\/271|[from] item: Life Orb
|
|-heal|p2a: Golem|295\/364 brn|[from] item: Leftovers
|-damage|p2a: Golem|250\/364 brn|[from] brn
|upkeep
|turn|32
|choice|move waterpulse|move stealthrock
|
|move|p1a: Persian|Water Pulse|p2a: Golem
|-supereffective|p2a: Golem
|-damage|p2a: Golem|0 fnt
|-damage|p1a: Persian|190\/271|[from] item: Life Orb
|faint|p2a: Golem
|
|upkeep
|choice||switch 4
|
|switch|p2a: Ninjask|Ninjask, M|138\/263
|turn|33
|choice|switch 3|move xscissor
|
|switch|p1a: Ninetales|Ninetales, F|109\/350
|move|p2a: Ninjask|X-Scissor|p1a: Ninetales
|-resisted|p1a: Ninetales
|-damage|p1a: Ninetales|12\/350
|
|-heal|p1a: Ninetales|33\/350|[from] item: Leftovers
|upkeep
|turn|34
|choice|move protect|move xscissor
|
|move|p1a: Ninetales|Protect|p1a: Ninetales
|-singleturn|p1a: Ninetales|Protect
|move|p2a: Ninjask|X-Scissor|p1a: Ninetales
|-activate|p1a: Ninetales|move: Protect
|
|-heal|p1a: Ninetales|54\/350|[from] item: Leftovers
|upkeep
|turn|35
|choice|move overheat|move xscissor
|
|move|p2a: Ninjask|X-Scissor|p1a: Ninetales
|-resisted|p1a: Ninetales
|-damage|p1a: Ninetales|0 fnt
|faint|p1a: Ninetales
|
|upkeep
|choice|switch 4|
|
|switch|p1a: Carvanha|Carvanha, M|232\/232
|turn|36
|choice|move crunch|switch 3
|
|switch|p2a: Ampharos|Ampharos, M|141\/383 brn
|move|p1a: Carvanha|Crunch|p2a: Ampharos
|-damage|p2a: Ampharos|0 fnt
|-status|p1a: Carvanha|par|[from] ability: Static|[of] p2a: Ampharos
|faint|p2a: Ampharos
|
|-ability|p1a: Carvanha|Speed Boost|boost
|-boost|p1a: Carvanha|spe|1
|upkeep
|choice||switch 3
|
|switch|p2a: Ninjask|Ninjask, M|138\/263
|turn|37
|choice|move waterfall|move uturn
|
|move|p2a: Ninjask|U-turn|p1a: Carvanha
|-supereffective|p1a: Carvanha
|-enditem|p1a: Carvanha|Focus Sash
|-damage|p1a: Carvanha|1\/232 par
|choice||switch 5
|
|switch|p2a: Lumineon|Lumineon, M|155\/342 tox
|move|p1a: Carvanha|Waterfall|p2a: Lumineon
|-ability|p2a: Lumineon|Storm Drain|boost
|-boost|p2a: Lumineon|spa|1
|
|-heal|p2a: Lumineon|176\/342 tox|[from] item: Leftovers
|-damage|p2a: Lumineon|155\/342 tox|[from] psn
|-ability|p1a: Carvanha|Speed Boost|boost
|-boost|p1a: Carvanha|spe|1
|upkeep
|turn|38
|choice|move destinybond|move uturn
|
|move|p2a: Lumineon|U-turn|p1a: Carvanha
|-supereffective|p1a: Carvanha
|-damage|p1a: Carvanha|0 fnt
|faint|p1a: Carvanha
|choice||switch 5
|
|switch|p2a: Ninjask|Ninjask, M|138\/263
|
|upkeep
|choice|switch 3|
|
|switch|p1a: Persian|Persian, F|190\/271
|turn|39
|choice|move hypervoice|switch 5
|
|switch|p2a: Lumineon|Lumineon, M|155\/342 tox
|move|p1a: Persian|Hyper Voice|p2a: Lumineon
|-damage|p2a: Lumineon|0 fnt
|-damage|p1a: Persian|163\/271|[from] item: Life Orb
|faint|p2a: Lumineon
|
|upkeep
|choice||switch 2
|
|switch|p2a: Monferno|Monferno, F|125\/269
|turn|40
|choice|move waterpulse|move machpunch
|
|move|p2a: Monferno|Mach Punch|p1a: Persian
|-supereffective|p1a: Persian
|-damage|p1a: Persian|0 fnt
|faint|p1a: Persian
|
|upkeep
|choice|switch 2|
|
|switch|p1a: Gourgeist|Gourgeist-Small, M|191\/220
|turn|41
|choice|move substitute|move flareblitz
|
|move|p1a: Gourgeist|Substitute|p1a: Gourgeist
|-start|p1a: Gourgeist|Substitute
|-damage|p1a: Gourgeist|136\/220
|move|p2a: Monferno|Flare Blitz|p1a: Gourgeist
|-supereffective|p1a: Gourgeist
|-end|p1a: Gourgeist|Substitute
|-damage|p2a: Monferno|107\/269|[from] recoil|[of] p1a: Gourgeist
|
|-heal|p1a: Gourgeist|149\/220|[from] item: Leftovers
|upkeep
|turn|42
|choice|move substitute|move flareblitz
|
|move|p1a: Gourgeist|Substitute|p1a: Gourgeist
|-start|p1a: Gourgeist|Substitute
|-damage|p1a: Gourgeist|94\/220
|move|p2a: Monferno|Flare Blitz|p1a: Gourgeist
|-supereffective|p1a: Gourgeist
|-end|p1a: Gourgeist|Substitute
|-damage|p2a: Monferno|89\/269|[from] recoil|[of] p1a: Gourgeist
|
|-heal|p1a: Gourgeist|107\/220|[from] item: Leftovers
|upkeep
|turn|43
|choice|move substitute|move flareblitz
|
|move|p1a: Gourgeist|Substitute|p1a: Gourgeist
|-start|p1a: Gourgeist|Substitute
|-damage|p1a: Gourgeist|52\/220
|move|p2a: Monferno|Flare Blitz|p1a: Gourgeist
|-supereffective|p1a: Gourgeist
|-end|p1a: Gourgeist|Substitute
|-damage|p2a: Monferno|71\/269|[from] recoil|[of] p1a: Gourgeist
|
|-heal|p1a: Gourgeist|65\/220|[from] item: Leftovers
|upkeep
|turn|44
|choice|move substitute|move flareblitz
|
|move|p1a: Gourgeist|Substitute|p1a: Gourgeist
|-start|p1a: Gourgeist|Substitute
|-damage|p1a: Gourgeist|10\/220
|move|p2a: Monferno|Flare Blitz|p1a: Gourgeist
|-supereffective|p1a: Gourgeist
|-end|p1a: Gourgeist|Substitute
|-damage|p2a: Monferno|53\/269|[from] recoil|[of] p1a: Gourgeist
|
|-heal|p1a: Gourgeist|23\/220|[from] item: Leftovers
|upkeep
|turn|45
|l|I Miss The EU
|player|p1|
|j|I Miss The EU
|player|p1|I Miss The EU|38
|l|I Miss The EU
|player|p1|
|j|I Miss The EU
|player|p1|I Miss The EU|38
|-message|I Miss The EU forfeited.
|
|win|Dbasso padre
|l|I Miss The EU</script>
</div>
<div class="battle-log battle-log-inline"><div class="inner"><div class="battle-options"></div><div class="inner"><div class="chat"><small>I Miss The EU joined.</small></div><div class="chat"><small>Dbasso padre joined.</small></div><div class=""><small>Format:</small> <br><strong>PU</strong></div><div class="rated"><strong>Rated battle</strong></div><div class=""><small><em>Sleep Clause Mod:</em> Limit one foe put to sleep</small></div><div class=""><small><em>Species Clause:</em> Limit one of each Pokémon</small></div><div class=""><small><em>OHKO Clause:</em> OHKO moves are banned</small></div><div class=""><small><em>Moody Clause:</em> Moody is banned</small></div><div class=""><small><em>Evasion Moves Clause:</em> Evasion moves are banned</small></div><div class=""><small><em>Endless Battle Clause:</em> Forcing endless battles is banned</small></div><div class=""><small><em>HP Percentage Mod:</em> HP is shown in percentages</small></div><div class=""><small><em>Swagger Clause:</em> Swagger is banned</small></div><div class=""><small><em>Baton Pass Clause:</em> Limit one Baton Passer, can't pass Spe and other stats simultaneously</small></div><div class="chat battle-history"><strong>I Miss The EU's team:</strong> <em style="color:#445566;display:block;">Avalugg / Ninetales / Persian / Carvanha / Whirlipede / Gourgeist-*</em></div><div class="chat battle-history"><strong>Dbasso padre's team:</strong> <em style="color:#445566;display:block;">Ninjask / Ampharos / Lumineon / Monferno / Golem / Bouffalant</em></div><div class="chat message-error">Battle timer is ON: inactive players will automatically lose when time's up. (requested by Dbasso padre)</div><div class="spacer battle-history"><br></div><div class="battle-history">Battle started between I Miss The EU and Dbasso padre!<br></div><div class="spacer battle-history"><br></div><div class="battle-history">Go! <strong>Persian</strong>!<br></div><div class="spacer battle-history"><br></div><div class="battle-history">Dbasso padre sent out <strong>Ninjask</strong>!<br></div><div class="spacer battle-history"><br></div><h2 class="battle-history">Turn 1</h2><div class="spacer battle-history"><br></div><div class="battle-history">Persian used <strong>Fake Out</strong>!<br></div><div class="battle-history"><small>(The opposing Ninjask lost <abbr title="−125/263">47.5%</abbr> of its health!)</small><br></div><div class="battle-history"><small>Persian lost some of its HP!</small><br></div><div class="spacer battle-history"><br></div><div class="battle-history">The opposing Ninjask flinched and couldn't move!<br></div><div class="spacer battle-history"><br></div><h2 class="battle-history">Turn 2</h2><div class="spacer battle-history"><br></div><div class="battle-history">Dbasso padre withdrew Ninjask!<br></div><div class="battle-history">Dbasso padre sent out <strong>Monferno</strong>!<br></div><div class="spacer battle-history"><br></div><div class="battle-history">Persian, come back!<br></div><div class="battle-history">Go! <strong>Whirlipede</strong>!<br></div><div class="spacer battle-history"><br></div><h2 class="battle-history">Turn 3</h2><div class="spacer battle-history"><br></div><div class="battle-history">Whirlipede used <strong>Protect</strong>!<br></div><div class="battle-history"><small>Whirlipede protected itself!</small><br></div><div class="spacer battle-history"><br></div><div class="battle-history">The opposing Monferno used <strong>Flare Blitz</strong>!<br></div><div class="battle-history"><small>Whirlipede protected itself!</small><br></div><div class="spacer battle-history"><br></div><div class="battle-history"><small>[Whirlipede's Speed Boost]</small><br></div><div class="battle-history"><small>Whirlipede's Speed rose!</small><br></div><div class="spacer battle-history"><br></div><h2 class="battle-history">Turn 4</h2><div class="spacer battle-history"><br></div><div class="battle-history">Whirlipede, come back!<br></div><div class="battle-history">Go! <strong>Avalugg</strong>!<br></div><div class="spacer battle-history"><br></div><div class="battle-history">The opposing Monferno used <strong>Flare Blitz</strong>!<br></div><div class="battle-history"><small>It's super effective!</small><br></div><div class="battle-history"><small>(Avalugg lost <abbr title="−170/394">43.1%</abbr> of its health!)</small><br></div><div class="battle-history"><small>The opposing Monferno was hurt by the Rocky Helmet!</small><br></div><div class="battle-history"><small>Avalugg was burned!</small><br></div><div class="battle-history"><small>The opposing Monferno is damaged by the recoil!</small><br></div><div class="spacer battle-history"><br></div><div class="battle-history"><small>Avalugg was hurt by its burn!</small><br></div><div class="spacer battle-history"><br></div><h2 class="battle-history">Turn 5</h2><div class="spacer battle-history"><br></div><div class="battle-history">The opposing Monferno used <strong>Close Combat</strong>!<br></div><div class="battle-history"><small>It's super effective!</small><br></div><div class="battle-history"><small>(Avalugg lost <abbr title="−144/394">36.5%</abbr> of its health!)</small><br></div><div class="battle-history"><small>The opposing Monferno was hurt by the Rocky Helmet!</small><br></div><div class="battle-history"><small>The opposing Monferno's Defense fell!</small><br></div><div class="battle-history"><small>The opposing Monferno's Special Defense fell!</small><br></div><div class="spacer battle-history"><br></div><div class="battle-history">Avalugg used <strong>Recover</strong>!<br></div><div class="battle-history"><small>Avalugg restored its HP.</small><br></div><div class="spacer battle-history"><br></div><div class="battle-history"><small>Avalugg was hurt by its burn!</small><br></div><div class="spacer battle-history"><br></div><h2 class="battle-history">Turn 6</h2><div class="spacer battle-history"><br></div><div class="battle-history">Dbasso padre withdrew Monferno!<br></div><div class="battle-history">Dbasso padre sent out <strong>Ampharos</strong>!<br></div><div class="spacer battle-history"><br></div><div class="battle-history">Avalugg used <strong>Recover</strong>!<br></div><div class="battle-history"><small>Avalugg restored its HP.</small><br></div><div class="spacer battle-history"><br></div><div class="battle-history"><small>Avalugg was hurt by its burn!</small><br></div><div class="spacer battle-history"><br></div><h2 class="battle-history">Turn 7</h2><div class="spacer battle-history"><br></div><div class="battle-history">Avalugg, come back!<br></div><div class="battle-history">Go! <strong>Whirlipede</strong>!<br></div><div class="spacer battle-history"><br></div><div class="battle-history">The opposing Ampharos used <strong>Volt Switch</strong>!<br></div><div class="battle-history"><small>(Whirlipede lost <abbr title="−70/274">25.5%</abbr> of its health!)</small><br></div><div class="spacer battle-history"><br></div><div class="battle-history">The opposing Ampharos went back to Dbasso padre!<br></div><div class="battle-history">Dbasso padre sent out <strong>Ninjask</strong>!<br></div><div class="spacer battle-history"><br></div><h2 class="battle-history">Turn 8</h2><div class="chat"><small>SonoUnItaliano joined.</small></div><div class="spacer battle-history"><br></div><div class="battle-history">The opposing Ninjask used <strong>U-turn</strong>!<br></div><div class="battle-history"><small>It's not very effective...</small><br></div><div class="battle-history"><small>(Whirlipede lost <abbr title="−47/274">17.2%</abbr> of its health!)</small><br></div><div class="spacer battle-history"><br></div><div class="battle-history">The opposing Ninjask went back to Dbasso padre!<br></div><div class="battle-history">Dbasso padre sent out <strong>Ampharos</strong>!<br></div><div class="spacer battle-history"><br></div><div class="battle-history">Whirlipede used <strong>Toxic Spikes</strong>!<br></div><div class="battle-history"><small>Poison spikes were scattered on the ground all around the opposing team!</small><br></div><div class="spacer battle-history"><br></div><div class="battle-history"><small>[Whirlipede's Speed Boost]</small><br></div><div class="battle-history"><small>Whirlipede's Speed rose!</small><br></div><div class="spacer battle-history"><br></div><h2 class="battle-history">Turn 9</h2><div class="spacer battle-history"><br></div><div class="battle-history">Whirlipede used <strong>Toxic Spikes</strong>!<br></div><div class="battle-history"><small>Poison spikes were scattered on the ground all around the opposing team!</small><br></div><div class="spacer battle-history"><br></div><div class="battle-history">The opposing Ampharos used <strong>Volt Switch</strong>!<br></div><div class="battle-history"><small>(Whirlipede lost <abbr title="−67/274">24.5%</abbr> of its health!)</small><br></div><div class="spacer battle-history"><br></div><div class="battle-history">The opposing Ampharos went back to Dbasso padre!<br></div><div class="battle-history">Dbasso padre sent out <strong>Ninjask</strong>!<br></div><div class="spacer battle-history"><br></div><div class="battle-history"><small>[Whirlipede's Speed Boost]</small><br></div><div class="battle-history"><small>Whirlipede's Speed rose!</small><br></div><div class="spacer battle-history"><br></div><h2 class="battle-history">Turn 10</h2><div class="spacer battle-history"><br></div><div class="battle-history">Whirlipede used <strong>Protect</strong>!<br></div><div class="battle-history"><small>Whirlipede protected itself!</small><br></div><div class="spacer battle-history"><br></div><div class="battle-history">The opposing Ninjask used <strong>Aerial Ace</strong>!<br></div><div class="battle-history"><small>Whirlipede protected itself!</small><br></div><div class="spacer battle-history"><br></div><div class="battle-history"><small>[Whirlipede's Speed Boost]</small><br></div><div class="battle-history"><small>Whirlipede's Speed rose!</small><br></div><div class="spacer battle-history"><br></div><h2 class="battle-history">Turn 11</h2><div class="spacer battle-history"><br></div><div class="battle-history">Dbasso padre withdrew Ninjask!<br></div><div class="battle-history">Dbasso padre sent out <strong>Lumineon</strong>!<br></div><div class="battle-history"><small>The opposing Lumineon was badly poisoned!</small><br></div><div class="spacer battle-history"><br></div><div class="battle-history">Whirlipede, come back!<br></div><div class="battle-history">Go! <strong>Avalugg</strong>!<br></div><div class="spacer battle-history"><br></div><div class="battle-history"><small>The opposing Lumineon was hurt by poison!</small><br></div><div class="battle-history"><small>Avalugg was hurt by its burn!</small><br></div><div class="spacer battle-history"><br></div><h2 class="battle-history">Turn 12</h2><div class="spacer battle-history"><br></div><div class="battle-history">Avalugg, come back!<br></div><div class="battle-history">Go! Gourgeist (<strong>Gourgeist-Small</strong>)!<br></div><div class="spacer battle-history"><br></div><div class="battle-history">The opposing Lumineon used <strong>Defog</strong>!<br></div><div class="battle-history"><small>Gourgeist's evasiveness fell!</small><br></div><div class="battle-history"><small>The poison spikes disappeared from the ground around the opposing team!</small><br></div><div class="spacer battle-history"><br></div><div class="battle-history"><small>The opposing Lumineon restored a little HP using its Leftovers!</small><br></div><div class="battle-history"><small>The opposing Lumineon was hurt by poison!</small><br></div><div class="spacer battle-history"><br></div><h2 class="battle-history">Turn 13</h2><div class="spacer battle-history"><br></div><div class="battle-history">Dbasso padre withdrew Lumineon!<br></div><div class="battle-history">Dbasso padre sent out <strong>Ampharos</strong>!<br></div><div class="spacer battle-history"><br></div><div class="battle-history">Gourgeist used <strong>Substitute</strong>!<br></div><div class="battle-history"><small>Gourgeist put in a substitute!</small><br></div><div class="battle-history"><small>(Gourgeist lost <abbr title="−55/220">25%</abbr> of its health!)</small><br></div><div class="spacer battle-history"><br></div><div class="battle-history"><small>Gourgeist restored a little HP using its Leftovers!</small><br></div><div class="spacer battle-history"><br></div><h2 class="battle-history">Turn 14</h2><div class="spacer battle-history"><br></div><div class="battle-history">Gourgeist used <strong>Leech Seed</strong>!<br></div><div class="battle-history"><small>The opposing Ampharos avoided the attack!</small><br></div><div class="spacer battle-history"><br></div><div class="battle-history">The opposing Ampharos used <strong>Hidden Power</strong>!<br></div><div class="battle-history"><small>It's super effective!</small><br></div><div class="battle-history"><small>Gourgeist's substitute faded!</small><br></div><div class="spacer battle-history"><br></div><div class="battle-history"><small>Gourgeist restored a little HP using its Leftovers!</small><br></div><div class="spacer battle-history"><br></div><h2 class="battle-history">Turn 15</h2><div class="spacer battle-history"><br></div><div class="battle-history">Gourgeist, come back!<br></div><div class="battle-history">Go! <strong>Ninetales</strong>!<br></div><div class="spacer battle-history"><br></div><div class="battle-history">The opposing Ampharos used <strong>Volt Switch</strong>!<br></div><div class="battle-history"><small>(Ninetales lost <abbr title="−106/350">30.3%</abbr> of its health!)</small><br></div><div class="spacer battle-history"><br></div><div class="battle-history">The opposing Ampharos went back to Dbasso padre!<br></div><div class="battle-history">Dbasso padre sent out <strong>Golem</strong>!<br></div><div class="spacer battle-history"><br></div><div class="battle-history"><small>Ninetales restored a little HP using its Leftovers!</small><br></div><div class="spacer battle-history"><br></div><h2 class="battle-history">Turn 16</h2><div class="spacer battle-history"><br></div><div class="battle-history">Ninetales used <strong>Will-O-Wisp</strong>!<br></div><div class="battle-history"><small>The opposing Golem avoided the attack!</small><br></div><div class="spacer battle-history"><br></div><div class="battle-history">The opposing Golem used <strong>Stealth Rock</strong>!<br></div><div class="battle-history"><small>Pointed stones float in the air around your team!</small><br></div><div class="spacer battle-history"><br></div><div class="battle-history"><small>Ninetales restored a little HP using its Leftovers!</small><br></div><div class="spacer battle-history"><br></div><h2 class="battle-history">Turn 17</h2><div class="spacer battle-history"><br></div><div class="battle-history">Dbasso padre withdrew Golem!<br></div><div class="battle-history">Dbasso padre sent out <strong>Lumineon</strong>!<br></div><div class="spacer battle-history"><br></div><div class="battle-history">Ninetales used <strong>Will-O-Wisp</strong>!<br></div><div class="battle-history"><small>But it failed!</small><br></div><div class="spacer battle-history"><br></div><div class="battle-history"><small>Ninetales restored a little HP using its Leftovers!</small><br></div><div class="battle-history"><small>The opposing Lumineon restored a little HP using its Leftovers!</small><br></div><div class="battle-history"><small>The opposing Lumineon was hurt by poison!</small><br></div><div class="spacer battle-history"><br></div><h2 class="battle-history">Turn 18</h2><div class="spacer battle-history"><br></div><div class="battle-history">Ninetales used <strong>Protect</strong>!<br></div><div class="battle-history"><small>Ninetales protected itself!</small><br></div><div class="spacer battle-history"><br></div><div class="battle-history">The opposing Lumineon used <strong>Scald</strong>!<br></div><div class="battle-history"><small>Ninetales protected itself!</small><br></div><div class="spacer battle-history"><br></div><div class="battle-history"><small>Ninetales restored a little HP using its Leftovers!</small><br></div><div class="battle-history"><small>The opposing Lumineon restored a little HP using its Leftovers!</small><br></div><div class="battle-history"><small>The opposing Lumineon was hurt by poison!</small><br></div><div class="spacer battle-history"><br></div><h2 class="battle-history">Turn 19</h2><div class="spacer battle-history"><br></div><div class="battle-history">Ninetales used <strong>Overheat</strong>!<br></div><div class="battle-history"><small>It's not very effective...</small><br></div><div class="battle-history"><small>(The opposing Lumineon lost <abbr title="−82/342">24.0%</abbr> of its health!)</small><br></div><div class="battle-history"><small>Ninetales's Special Attack fell harshly!</small><br></div><div class="spacer battle-history"><br></div><div class="battle-history">The opposing Lumineon used <strong>Scald</strong>!<br></div><div class="battle-history"><small>It's super effective!</small><br></div><div class="battle-history"><small>(Ninetales lost <abbr title="−108/350">30.9%</abbr> of its health!)</small><br></div><div class="spacer battle-history"><br></div><div class="battle-history"><small>Ninetales restored a little HP using its Leftovers!</small><br></div><div class="battle-history"><small>The opposing Lumineon restored a little HP using its Leftovers!</small><br></div><div class="battle-history"><small>The opposing Lumineon was hurt by poison!</small><br></div><div class="spacer battle-history"><br></div><h2 class="battle-history">Turn 20</h2><div class="spacer battle-history"><br></div><div class="battle-history">Dbasso padre withdrew Lumineon!<br></div><div class="battle-history">Dbasso padre sent out <strong>Ampharos</strong>!<br></div><div class="spacer battle-history"><br></div><div class="battle-history">Ninetales used <strong>Power Swap</strong>!<br></div><div class="battle-history"><small>Ninetales switched all changes to its Attack and Sp. Atk with its target!</small><br></div><div class="spacer battle-history"><br></div><div class="battle-history"><small>Ninetales restored a little HP using its Leftovers!</small><br></div><div class="spacer battle-history"><br></div><h2 class="battle-history">Turn 21</h2><div class="spacer battle-history"><br></div><div class="battle-history">Ninetales used <strong>Will-O-Wisp</strong>!<br></div><div class="battle-history"><small>The opposing Ampharos was burned!</small><br></div><div class="spacer battle-history"><br></div><div class="battle-history">The opposing Ampharos used <strong>Volt Switch</strong>!<br></div><div class="battle-history"><small>(Ninetales lost <abbr title="−51/350">14.6%</abbr> of its health!)</small><br></div><div class="spacer battle-history"><br></div><div class="battle-history">The opposing Ampharos went back to Dbasso padre!<br></div><div class="battle-history">Dbasso padre sent out <strong>Golem</strong>!<br></div><div class="spacer battle-history"><br></div><div class="battle-history"><small>Ninetales restored a little HP using its Leftovers!</small><br></div><div class="spacer battle-history"><br></div><h2 class="battle-history">Turn 22</h2><div class="spacer battle-history"><br></div><div class="battle-history">Ninetales used <strong>Will-O-Wisp</strong>!<br></div><div class="battle-history"><small>The opposing Golem was burned!</small><br></div><div class="spacer battle-history"><br></div><div class="battle-history">The opposing Golem used <strong>Earthquake</strong>!<br></div><div class="battle-history"><small>It's super effective!</small><br></div><div class="battle-history"><small>(Ninetales lost <abbr title="−195/350">55.7%</abbr> of its health!)</small><br></div><div class="spacer battle-history"><br></div><div class="battle-history"><small>Ninetales restored a little HP using its Leftovers!</small><br></div><div class="battle-history"><small>The opposing Golem was hurt by its burn!</small><br></div><div class="spacer battle-history"><br></div><h2 class="battle-history">Turn 23</h2><div class="spacer battle-history"><br></div><div class="battle-history">Ninetales used <strong>Protect</strong>!<br></div><div class="battle-history"><small>Ninetales protected itself!</small><br></div><div class="spacer battle-history"><br></div><div class="battle-history">The opposing Golem used <strong>Earthquake</strong>!<br></div><div class="battle-history"><small>Ninetales protected itself!</small><br></div><div class="spacer battle-history"><br></div><div class="battle-history"><small>Ninetales restored a little HP using its Leftovers!</small><br></div><div class="battle-history"><small>The opposing Golem restored a little HP using its Leftovers!</small><br></div><div class="battle-history"><small>The opposing Golem was hurt by its burn!</small><br></div><div class="spacer battle-history"><br></div><h2 class="battle-history">Turn 24</h2><div class="spacer battle-history"><br></div><div class="battle-history">Dbasso padre withdrew Golem!<br></div><div class="battle-history">Dbasso padre sent out <strong>Ampharos</strong>!<br></div><div class="spacer battle-history"><br></div><div class="battle-history">Ninetales used <strong>Overheat</strong>!<br></div><div class="battle-history"><small>(The opposing Ampharos lost <abbr title="−160/383">41.8%</abbr> of its health!)</small><br></div><div class="battle-history"><small>Ninetales's Special Attack fell harshly!</small><br></div><div class="spacer battle-history"><br></div><div class="battle-history"><small>Ninetales restored a little HP using its Leftovers!</small><br></div><div class="battle-history"><small>The opposing Ampharos restored a little HP using its Leftovers!</small><br></div><div class="battle-history"><small>The opposing Ampharos was hurt by its burn!</small><br></div><div class="spacer battle-history"><br></div><h2 class="battle-history">Turn 25</h2><div class="spacer battle-history"><br></div><div class="battle-history">Ninetales used <strong>Protect</strong>!<br></div><div class="battle-history"><small>Ninetales protected itself!</small><br></div><div class="spacer battle-history"><br></div><div class="battle-history">The opposing Ampharos used <strong>Volt Switch</strong>!<br></div><div class="battle-history"><small>Ninetales protected itself!</small><br></div><div class="spacer battle-history"><br></div><div class="battle-history"><small>Ninetales restored a little HP using its Leftovers!</small><br></div><div class="battle-history"><small>The opposing Ampharos restored a little HP using its Leftovers!</small><br></div><div class="battle-history"><small>The opposing Ampharos was hurt by its burn!</small><br></div><div class="spacer battle-history"><br></div><h2 class="battle-history">Turn 26</h2><div class="spacer battle-history"><br></div><div class="battle-history">Ninetales used <strong>Power Swap</strong>!<br></div><div class="battle-history"><small>Ninetales switched all changes to its Attack and Sp. Atk with its target!</small><br></div><div class="spacer battle-history"><br></div><div class="battle-history">The opposing Ampharos used <strong>Volt Switch</strong>!<br></div><div class="battle-history"><small>(Ninetales lost <abbr title="−54/350">15.4%</abbr> of its health!)</small><br></div><div class="spacer battle-history"><br></div><div class="battle-history">The opposing Ampharos went back to Dbasso padre!<br></div><div class="battle-history">Dbasso padre sent out <strong>Ninjask</strong>!<br></div><div class="spacer battle-history"><br></div><div class="battle-history"><small>Ninetales restored a little HP using its Leftovers!</small><br></div><div class="spacer battle-history"><br></div><h2 class="battle-history">Turn 27</h2><div class="spacer battle-history"><br></div><div class="battle-history">Ninetales used <strong>Protect</strong>!<br></div><div class="battle-history"><small>Ninetales protected itself!</small><br></div><div class="spacer battle-history"><br></div><div class="battle-history">The opposing Ninjask used <strong>Aerial Ace</strong>!<br></div><div class="battle-history"><small>Ninetales protected itself!</small><br></div><div class="spacer battle-history"><br></div><div class="battle-history"><small>Ninetales restored a little HP using its Leftovers!</small><br></div><div class="spacer battle-history"><br></div><h2 class="battle-history">Turn 28</h2><div class="spacer battle-history"><br></div><div class="battle-history">Ninetales, come back!<br></div><div class="battle-history">Go! <strong>Whirlipede</strong>!<br></div><div class="battle-history"><small>Pointed stones dug into Whirlipede!</small><br></div><div class="spacer battle-history"><br></div><div class="battle-history">The opposing Ninjask used <strong>Aerial Ace</strong>!<br></div><div class="battle-history"><small>It's super effective!</small><br></div><div class="battle-history"><small>(Whirlipede lost <abbr title="−22/274">8.0%</abbr> of its health!)</small><br></div><div class="spacer battle-history"><br></div><div class="battle-history">Whirlipede fainted!<br></div><div class="spacer battle-history"><br></div><div class="battle-history">Go! <strong>Avalugg</strong>!<br></div><div class="battle-history"><small>Pointed stones dug into Avalugg!</small><br></div><div class="spacer battle-history"><br></div><h2 class="battle-history">Turn 29</h2><div class="spacer battle-history"><br></div><div class="battle-history">Dbasso padre withdrew Ninjask!<br></div><div class="battle-history">Dbasso padre sent out <strong>Ampharos</strong>!<br></div><div class="spacer battle-history"><br></div><div class="battle-history">Avalugg used <strong>Rapid Spin</strong>!<br></div><div class="battle-history"><small>(The opposing Ampharos lost <abbr title="−10/383">2.6%</abbr> of its health!)</small><br></div><div class="battle-history"><small>The pointed stones disappeared from around your team!</small><br></div><div class="spacer battle-history"><br></div><div class="battle-history"><small>The opposing Ampharos restored a little HP using its Leftovers!</small><br></div><div class="battle-history"><small>The opposing Ampharos was hurt by its burn!</small><br></div><div class="battle-history"><small>Avalugg was hurt by its burn!</small><br></div><div class="spacer battle-history"><br></div><h2 class="battle-history">Turn 30</h2><div class="spacer battle-history"><br></div><div class="battle-history">The opposing Ampharos used <strong>Volt Switch</strong>!<br></div><div class="battle-history"><small>(Avalugg lost <abbr title="−131/394">33.2%</abbr> of its health!)</small><br></div><div class="spacer battle-history"><br></div><div class="battle-history">Avalugg fainted!<br></div><div class="spacer battle-history"><br></div><div class="battle-history">The opposing Ampharos went back to Dbasso padre!<br></div><div class="battle-history">Dbasso padre sent out <strong>Ninjask</strong>!<br></div><div class="spacer battle-history"><br></div><div class="battle-history">Go! <strong>Persian</strong>!<br></div><div class="spacer battle-history"><br></div><h2 class="battle-history">Turn 31</h2><div class="spacer battle-history"><br></div><div class="battle-history">Dbasso padre withdrew Ninjask!<br></div><div class="battle-history">Dbasso padre sent out <strong>Golem</strong>!<br></div><div class="spacer battle-history"><br></div><div class="battle-history">Persian used <strong>Fake Out</strong>!<br></div><div class="battle-history"><small>It's not very effective...</small><br></div><div class="battle-history"><small>(The opposing Golem lost <abbr title="−23/364">6.3%</abbr> of its health!)</small><br></div><div class="battle-history"><small>Persian lost some of its HP!</small><br></div><div class="spacer battle-history"><br></div><div class="battle-history"><small>The opposing Golem restored a little HP using its Leftovers!</small><br></div><div class="battle-history"><small>The opposing Golem was hurt by its burn!</small><br></div><div class="spacer battle-history"><br></div><h2 class="battle-history">Turn 32</h2><div class="spacer battle-history"><br></div><div class="battle-history">Persian used <strong>Water Pulse</strong>!<br></div><div class="battle-history"><small>It's super effective!</small><br></div><div class="battle-history"><small>(The opposing Golem lost <abbr title="−250/364">68.7%</abbr> of its health!)</small><br></div><div class="battle-history"><small>Persian lost some of its HP!</small><br></div><div class="spacer battle-history"><br></div><div class="battle-history">The opposing Golem fainted!<br></div><div class="spacer battle-history"><br></div><div class="battle-history">Dbasso padre sent out <strong>Ninjask</strong>!<br></div><div class="spacer battle-history"><br></div><h2 class="battle-history">Turn 33</h2><div class="spacer battle-history"><br></div><div class="battle-history">Persian, come back!<br></div><div class="battle-history">Go! <strong>Ninetales</strong>!<br></div><div class="spacer battle-history"><br></div><div class="battle-history">The opposing Ninjask used <strong>X-Scissor</strong>!<br></div><div class="battle-history"><small>It's not very effective...</small><br></div><div class="battle-history"><small>(Ninetales lost <abbr title="−97/350">27.7%</abbr> of its health!)</small><br></div><div class="spacer battle-history"><br></div><div class="battle-history"><small>Ninetales restored a little HP using its Leftovers!</small><br></div><div class="spacer battle-history"><br></div><h2 class="battle-history">Turn 34</h2><div class="spacer battle-history"><br></div><div class="battle-history">Ninetales used <strong>Protect</strong>!<br></div><div class="battle-history"><small>Ninetales protected itself!</small><br></div><div class="spacer battle-history"><br></div><div class="battle-history">The opposing Ninjask used <strong>X-Scissor</strong>!<br></div><div class="battle-history"><small>Ninetales protected itself!</small><br></div><div class="spacer battle-history"><br></div><div class="battle-history"><small>Ninetales restored a little HP using its Leftovers!</small><br></div><div class="spacer battle-history"><br></div><h2 class="battle-history">Turn 35</h2><div class="spacer battle-history"><br></div><div class="battle-history">The opposing Ninjask used <strong>X-Scissor</strong>!<br></div><div class="battle-history"><small>It's not very effective...</small><br></div><div class="battle-history"><small>(Ninetales lost <abbr title="−54/350">15.4%</abbr> of its health!)</small><br></div><div class="spacer battle-history"><br></div><div class="battle-history">Ninetales fainted!<br></div><div class="spacer battle-history"><br></div><div class="battle-history">Go! <strong>Carvanha</strong>!<br></div><div class="spacer battle-history"><br></div><h2 class="battle-history">Turn 36</h2><div class="spacer battle-history"><br></div><div class="battle-history">Dbasso padre withdrew Ninjask!<br></div><div class="battle-history">Dbasso padre sent out <strong>Ampharos</strong>!<br></div><div class="spacer battle-history"><br></div><div class="battle-history">Carvanha used <strong>Crunch</strong>!<br></div><div class="battle-history"><small>(The opposing Ampharos lost <abbr title="−141/383">36.8%</abbr> of its health!)</small><br></div><div class="battle-history"><small>[The opposing Ampharos's Static]</small><br><small>Carvanha is paralyzed! It may be unable to move!</small><br></div><div class="spacer battle-history"><br></div><div class="battle-history">The opposing Ampharos fainted!<br></div><div class="spacer battle-history"><br></div><div class="battle-history"><small>[Carvanha's Speed Boost]</small><br></div><div class="battle-history"><small>Carvanha's Speed rose!</small><br></div><div class="spacer battle-history"><br></div><div class="battle-history">Dbasso padre sent out <strong>Ninjask</strong>!<br></div><div class="spacer battle-history"><br></div><h2 class="battle-history">Turn 37</h2><div class="spacer battle-history"><br></div><div class="battle-history">The opposing Ninjask used <strong>U-turn</strong>!<br></div><div class="battle-history"><small>It's super effective!</small><br></div><div class="battle-history"><small>Carvanha hung on using its Focus Sash!</small><br></div><div class="battle-history"><small>(Carvanha lost <abbr title="−231/232">99.6%</abbr> of its health!)</small><br></div><div class="spacer battle-history"><br></div><div class="battle-history">The opposing Ninjask went back to Dbasso padre!<br></div><div class="battle-history">Dbasso padre sent out <strong>Lumineon</strong>!<br></div><div class="spacer battle-history"><br></div><div class="battle-history">Carvanha used <strong>Waterfall</strong>!<br></div><div class="battle-history"><small>[The opposing Lumineon's Storm Drain]</small><br></div><div class="battle-history"><small>The opposing Lumineon's Special Attack rose!</small><br></div><div class="spacer battle-history"><br></div><div class="battle-history"><small>The opposing Lumineon restored a little HP using its Leftovers!</small><br></div><div class="battle-history"><small>The opposing Lumineon was hurt by poison!</small><br></div><div class="battle-history"><small>[Carvanha's Speed Boost]</small><br></div><div class="battle-history"><small>Carvanha's Speed rose!</small><br></div><div class="spacer battle-history"><br></div><h2 class="battle-history">Turn 38</h2><div class="spacer battle-history"><br></div><div class="battle-history">The opposing Lumineon used <strong>U-turn</strong>!<br></div><div class="battle-history"><small>It's super effective!</small><br></div><div class="battle-history"><small>(Carvanha lost <abbr title="−1/232">0.4%</abbr> of its health!)</small><br></div><div class="spacer battle-history"><br></div><div class="battle-history">Carvanha fainted!<br></div><div class="spacer battle-history"><br></div><div class="battle-history">The opposing Lumineon went back to Dbasso padre!<br></div><div class="battle-history">Dbasso padre sent out <strong>Ninjask</strong>!<br></div><div class="spacer battle-history"><br></div><div class="battle-history">Go! <strong>Persian</strong>!<br></div><div class="spacer battle-history"><br></div><h2 class="battle-history">Turn 39</h2><div class="spacer battle-history"><br></div><div class="battle-history">Dbasso padre withdrew Ninjask!<br></div><div class="battle-history">Dbasso padre sent out <strong>Lumineon</strong>!<br></div><div class="spacer battle-history"><br></div><div class="battle-history">Persian used <strong>Hyper Voice</strong>!<br></div><div class="battle-history"><small>(The opposing Lumineon lost <abbr title="−155/342">45.3%</abbr> of its health!)</small><br></div><div class="battle-history"><small>Persian lost some of its HP!</small><br></div><div class="spacer battle-history"><br></div><div class="battle-history">The opposing Lumineon fainted!<br></div><div class="spacer battle-history"><br></div><div class="battle-history">Dbasso padre sent out <strong>Monferno</strong>!<br></div><div class="spacer battle-history"><br></div><h2 class="battle-history">Turn 40</h2><div class="spacer battle-history"><br></div><div class="battle-history">The opposing Monferno used <strong>Mach Punch</strong>!<br></div><div class="battle-history"><small>It's super effective!</small><br></div><div class="battle-history"><small>(Persian lost <abbr title="−163/271">60.1%</abbr> of its health!)</small><br></div><div class="spacer battle-history"><br></div><div class="battle-history">Persian fainted!<br></div><div class="spacer battle-history"><br></div><div class="battle-history">Go! Gourgeist (<strong>Gourgeist-Small</strong>)!<br></div><div class="spacer battle-history"><br></div><h2 class="battle-history">Turn 41</h2><div class="spacer battle-history"><br></div><div class="battle-history">Gourgeist used <strong>Substitute</strong>!<br></div><div class="battle-history"><small>Gourgeist put in a substitute!</small><br></div><div class="battle-history"><small>(Gourgeist lost <abbr title="−55/220">25%</abbr> of its health!)</small><br></div><div class="spacer battle-history"><br></div><div class="battle-history">The opposing Monferno used <strong>Flare Blitz</strong>!<br></div><div class="battle-history"><small>It's super effective!</small><br></div><div class="battle-history"><small>Gourgeist's substitute faded!</small><br></div><div class="battle-history"><small>The opposing Monferno is damaged by the recoil!</small><br></div><div class="spacer battle-history"><br></div><div class="battle-history"><small>Gourgeist restored a little HP using its Leftovers!</small><br></div><div class="spacer battle-history"><br></div><h2 class="battle-history">Turn 42</h2><div class="spacer battle-history"><br></div><div class="battle-history">Gourgeist used <strong>Substitute</strong>!<br></div><div class="battle-history"><small>Gourgeist put in a substitute!</small><br></div><div class="battle-history"><small>(Gourgeist lost <abbr title="−55/220">25%</abbr> of its health!)</small><br></div><div class="spacer battle-history"><br></div><div class="battle-history">The opposing Monferno used <strong>Flare Blitz</strong>!<br></div><div class="battle-history"><small>It's super effective!</small><br></div><div class="battle-history"><small>Gourgeist's substitute faded!</small><br></div><div class="battle-history"><small>The opposing Monferno is damaged by the recoil!</small><br></div><div class="spacer battle-history"><br></div><div class="battle-history"><small>Gourgeist restored a little HP using its Leftovers!</small><br></div><div class="spacer battle-history"><br></div><h2 class="battle-history">Turn 43</h2><div class="spacer battle-history"><br></div><div class="battle-history">Gourgeist used <strong>Substitute</strong>!<br></div><div class="battle-history"><small>Gourgeist put in a substitute!</small><br></div><div class="battle-history"><small>(Gourgeist lost <abbr title="−55/220">25%</abbr> of its health!)</small><br></div><div class="spacer battle-history"><br></div><div class="battle-history">The opposing Monferno used <strong>Flare Blitz</strong>!<br></div><div class="battle-history"><small>It's super effective!</small><br></div><div class="battle-history"><small>Gourgeist's substitute faded!</small><br></div><div class="battle-history"><small>The opposing Monferno is damaged by the recoil!</small><br></div><div class="spacer battle-history"><br></div><div class="battle-history"><small>Gourgeist restored a little HP using its Leftovers!</small><br></div><div class="spacer battle-history"><br></div><h2 class="battle-history">Turn 44</h2><div class="spacer battle-history"><br></div><div class="battle-history">Gourgeist used <strong>Substitute</strong>!<br></div><div class="battle-history"><small>Gourgeist put in a substitute!</small><br></div><div class="battle-history"><small>(Gourgeist lost <abbr title="−55/220">25%</abbr> of its health!)</small><br></div><div class="spacer battle-history"><br></div><div class="battle-history">The opposing Monferno used <strong>Flare Blitz</strong>!<br></div><div class="battle-history"><small>It's super effective!</small><br></div><div class="battle-history"><small>Gourgeist's substitute faded!</small><br></div><div class="battle-history"><small>The opposing Monferno is damaged by the recoil!</small><br></div><div class="spacer battle-history"><br></div><div class="battle-history"><small>Gourgeist restored a little HP using its Leftovers!</small><br></div><div class="spacer battle-history"><br></div><h2 class="battle-history">Turn 45</h2><div class="chat"><small>I Miss The EU left.</small></div><div class="chat"><small>I Miss The EU joined.</small></div><div class="chat"><small>I Miss The EU left.</small></div><div class="chat"><small>I Miss The EU joined.</small></div><div class="spacer battle-history"><br></div><div class="battle-history"><small>I Miss The EU forfeited.</small><br></div><div class="spacer battle-history"><br></div><div class="battle-history"><strong>Dbasso padre</strong> won the battle!<br></div><div class="chat"><small>I Miss The EU left.</small></div></div><div class="inner-preempt"></div></div></div>
</div>
<script>
let daily = Math.floor(Date.now()/1000/60/60/24);document.write('<script src="https://play.pokemonshowdown.com/js/replay-embed.js?version'+daily+'"></'+'script>');
</script>
