<!DOCTYPE html>
<meta charset="utf-8" />
<!-- version 1 -->
<title>PU replay: RivalET vs. 2xTheTap</title>
<style>
html,body {font-family:Verdana, sans-serif;font-size:10pt;margin:0;padding:0;}body{padding:12px 0;} .battle-log {font-family:Verdana, sans-serif;font-size:10pt;} .battle-log-inline {border:1px solid #AAAAAA;background:#EEF2F5;color:black;max-width:640px;margin:0 auto 80px;padding-bottom:5px;} .battle-log .inner {padding:4px 8px 0px 8px;} .battle-log .inner-preempt {padding:0 8px 4px 8px;} .battle-log .inner-after {margin-top:0.5em;} .battle-log h2 {margin:0.5em -8px;padding:4px 8px;border:1px solid #AAAAAA;background:#E0E7EA;border-left:0;border-right:0;font-family:Verdana, sans-serif;font-size:13pt;} .battle-log .chat {vertical-align:middle;padding:3px 0 3px 0;font-size:8pt;} .battle-log .chat strong {color:#40576A;} .battle-log .chat em {padding:1px 4px 1px 3px;color:#000000;font-style:normal;} .chat.mine {background:rgba(0,0,0,0.05);margin-left:-8px;margin-right:-8px;padding-left:8px;padding-right:8px;} .spoiler {color:#BBBBBB;background:#BBBBBB;padding:0px 3px;} .spoiler:hover, .spoiler:active, .spoiler-shown {color:#000000;background:#E2E2E2;padding:0px 3px;} .spoiler a {color:#BBBBBB;} .spoiler:hover a, .spoiler:active a, .spoiler-shown a {color:#2288CC;} .chat code, .chat .spoiler:hover code, .chat .spoiler:active code, .chat .spoiler-shown code {border:1px solid #C0C0C0;background:#EEEEEE;color:black;padding:0 2px;} .chat .spoiler code {border:1px solid #CCCCCC;background:#CCCCCC;color:#CCCCCC;} .battle-log .rated {padding:3px 4px;} .battle-log .rated strong {color:white;background:#89A;padding:1px 4px;border-radius:4px;} .spacer {margin-top:0.5em;} .message-announce {background:#6688AA;color:white;padding:1px 4px 2px;} .message-announce a, .broadcast-green a, .broadcast-blue a, .broadcast-red a {color:#DDEEFF;} .broadcast-green {background-color:#559955;color:white;padding:2px 4px;} .broadcast-blue {background-color:#6688AA;color:white;padding:2px 4px;} .infobox {border:1px solid #6688AA;padding:2px 4px;} .infobox-limited {max-height:200px;overflow:auto;overflow-x:hidden;} .broadcast-red {background-color:#AA5544;color:white;padding:2px 4px;} .message-learn-canlearn {font-weight:bold;color:#228822;text-decoration:underline;} .message-learn-cannotlearn {font-weight:bold;color:#CC2222;text-decoration:underline;} .message-effect-weak {font-weight:bold;color:#CC2222;} .message-effect-resist {font-weight:bold;color:#6688AA;} .message-effect-immune {font-weight:bold;color:#666666;} .message-learn-list {margin-top:0;margin-bottom:0;} .message-throttle-notice, .message-error {color:#992222;} .message-overflow, .chat small.message-overflow {font-size:0pt;} .message-overflow::before {font-size:9pt;content:'...';} .subtle {color:#3A4A66;}
</style>
<div class="wrapper replay-wrapper" style="max-width:1180px;margin:0 auto">
<input type="hidden" name="replayid" value="pu-564814368" />
<div class="battle"></div><div class="battle-log"></div><div class="replay-controls"></div><div class="replay-controls-2"></div>
<h1 style="font-weight:normal;text-align:center"><strong>PU</strong><br /><a href="http://pokemonshowdown.com/users/rivalet" class="subtle" target="_blank">RivalET</a> vs. <a href="http://pokemonshowdown.com/users/2xthetap" class="subtle" target="_blank">2xTheTap</a></h1>
<script type="text/plain" class="battle-log-data">|j|RivalET
|j|2xTheTap
|player|p1|RivalET|126
|player|p2|2xTheTap|#2xthetap
|gametype|singles
|gen|6
|tier|PU
|seed|52445,46344,3953,21123
|rule|Sleep Clause Mod: Limit one foe put to sleep
|rule|Species Clause: Limit one of each Pokémon
|rule|OHKO Clause: OHKO moves are banned
|rule|Moody Clause: Moody is banned
|rule|Evasion Moves Clause: Evasion moves are banned
|rule|Endless Battle Clause: Forcing endless battles is banned
|rule|HP Percentage Mod: HP is shown in percentages
|clearpoke
|poke|p1|Altaria, M|item
|poke|p1|Crustle, F|item
|poke|p1|Misdreavus, M|item
|poke|p1|Pawniard, F|item
|poke|p1|Stoutland, M|item
|poke|p1|Chatot, F|item
|poke|p2|Quilladin, M|item
|poke|p2|Mawile, F|item
|poke|p2|Gabite, M|item
|poke|p2|Floatzel, F|item
|poke|p2|Pikachu, F|item
|poke|p2|Chatot, M|item
|rule|Swagger Clause: Swagger is banned
|rule|Baton Pass Clause: Limit one Baton Passer, can't pass Spe and other stats simultaneously
|teampreview
|j|TIBot
|c|☆RivalET|lotta NFE's ya got there tap
|c|☆2xTheTap|plenty lol
|choice|team 1, team 2, team 3, team 4, team 5, team 6|team 1, team 2, team 3, team 4, team 5, team 6
|
|start
|switch|p1a: Tabaria|Altaria, M|291\/291
|switch|p2a: Quilladin|Quilladin, M|325\/325
|turn|1
|choice|move fireblast|move spikes
|
|move|p1a: Tabaria|Fire Blast|p2a: Quilladin
|-supereffective|p2a: Quilladin
|-damage|p2a: Quilladin|88\/325
|-damage|p1a: Tabaria|262\/291|[from] item: Life Orb
|move|p2a: Quilladin|Spikes|p1a: Tabaria
|-sidestart|p1: RivalET|Spikes
|
|upkeep
|turn|2
|choice|move dracometeor|switch 3
|
|switch|p2a: Gabite|Gabite, M|339\/339
|move|p1a: Tabaria|Draco Meteor|p2a: Gabite
|-supereffective|p2a: Gabite
|-damage|p2a: Gabite|0 fnt
|-unboost|p1a: Tabaria|spa|2
|-damage|p1a: Tabaria|233\/291|[from] item: Life Orb
|faint|p2a: Gabite
|
|upkeep
|c|☆2xTheTap|oi
|choice||switch 4
|
|switch|p2a: Floatzel|Floatzel, F|309\/309
|turn|3
|choice|switch 3|move icepunch
|
|switch|p1a: Mis Dre|Misdreavus, M|261\/261
|move|p2a: Floatzel|Ice Punch|p1a: Mis Dre
|-damage|p1a: Mis Dre|158\/261
|-damage|p2a: Floatzel|279\/309|[from] item: Life Orb
|
|upkeep
|turn|4
|choice|move thunderbolt|move waterfall
|
|move|p2a: Floatzel|Waterfall|p1a: Mis Dre
|-damage|p1a: Mis Dre|0 fnt
|-damage|p2a: Floatzel|249\/309|[from] item: Life Orb
|faint|p1a: Mis Dre
|
|upkeep
|choice|switch 6|
|
|switch|p1a: DEF|Chatot, F|293\/293
|turn|5
|choice|move boomburst|switch 3
|
|switch|p2a: Quilladin|Quilladin, M|88\/325
|move|p1a: DEF|Boomburst|p2a: Quilladin
|-damage|p2a: Quilladin|0 fnt
|faint|p2a: Quilladin
|
|upkeep
|choice||switch 6
|
|switch|p2a: Chatot|Chatot, M|293\/293
|turn|6
|c|☆RivalET|>chatot intensifies
|choice|move boomburst|move boomburst
|
|move|p2a: Chatot|Boomburst|p1a: DEF
|-damage|p1a: DEF|0 fnt
|faint|p1a: DEF
|
|upkeep
|choice|switch 2|
|
|switch|p1a: unrustled|Crustle, F|281\/281
|-damage|p1a: unrustled|246\/281|[from] Spikes
|turn|7
|choice|move stoneedge|move boomburst
|
|move|p2a: Chatot|Boomburst|p1a: unrustled
|-resisted|p1a: unrustled
|-damage|p1a: unrustled|128\/281
|move|p1a: unrustled|Stone Edge|p2a: Chatot
|-supereffective|p2a: Chatot
|-damage|p2a: Chatot|0 fnt
|faint|p2a: Chatot
|
|upkeep
|choice||switch 2
|
|switch|p2a: Mawile|Mawile, F|303\/303
|turn|8
|choice|move knockoff|move swordsdance
|
|move|p1a: unrustled|Knock Off|p2a: Mawile
|-resisted|p2a: Mawile
|-crit|p2a: Mawile
|-damage|p2a: Mawile|248\/303
|-enditem|p2a: Mawile|Occa Berry|[from] move: Knock Off|[of] p1a: unrustled
|move|p2a: Mawile|Swords Dance|p2a: Mawile
|-boost|p2a: Mawile|atk|2
|
|upkeep
|turn|9
|choice|move stealthrock|move batonpass
|
|move|p1a: unrustled|Stealth Rock|p2a: Mawile
|-sidestart|p2: 2xTheTap|move: Stealth Rock
|move|p2a: Mawile|Baton Pass|p2a: Mawile
|choice||switch 5
|
|switch|p2a: Fancy|Pikachu, F|211\/211
|-damage|p2a: Fancy|185\/211|[from] Stealth Rock
|
|upkeep
|turn|10
|choice|move stoneedge|move knockoff
|
|move|p2a: Fancy|Knock Off|p1a: unrustled
|-damage|p1a: unrustled|0 fnt
|-enditem|p1a: unrustled|Custap Berry|[from] move: Knock Off|[of] p2a: Fancy
|faint|p1a: unrustled
|
|upkeep
|choice|switch 4|
|
|switch|p1a: Dealer|Pawniard, F|231\/231
|-damage|p1a: Dealer|203\/231|[from] Spikes
|turn|11
|choice|move knockoff|move extremespeed
|
|move|p2a: Fancy|Extreme Speed|p1a: Dealer
|-resisted|p1a: Dealer
|-damage|p1a: Dealer|112\/231
|move|p1a: Dealer|Knock Off|p2a: Fancy
|-damage|p2a: Fancy|0 fnt
|-enditem|p2a: Fancy|Light Ball|[from] move: Knock Off|[of] p1a: Dealer
|faint|p2a: Fancy
|
|upkeep
|choice||switch 5
|
|switch|p2a: Mawile|Mawile, F|248\/303
|-damage|p2a: Mawile|230\/303|[from] Stealth Rock
|turn|12
|choice|switch 3|move playrough
|
|switch|p1a: Tabaria|Altaria, M|233\/291
|move|p2a: Mawile|Play Rough|p1a: Tabaria
|-supereffective|p1a: Tabaria
|-damage|p1a: Tabaria|0 fnt
|faint|p1a: Tabaria
|
|upkeep
|choice|switch 3|
|
|switch|p1a: Dealer|Pawniard, F|112\/231
|-damage|p1a: Dealer|84\/231|[from] Spikes
|turn|13
|choice|move ironhead|move playrough
|
|move|p1a: Dealer|Iron Head|p2a: Mawile
|-damage|p2a: Mawile|128\/303
|cant|p2a: Mawile|flinch
|
|upkeep
|turn|14
|c|☆RivalET|damn
|choice|move ironhead|move playrough
|
|move|p1a: Dealer|Iron Head|p2a: Mawile
|-damage|p2a: Mawile|29\/303
|move|p2a: Mawile|Play Rough|p1a: Dealer
|-crit|p1a: Dealer
|-damage|p1a: Dealer|0 fnt
|faint|p1a: Dealer
|
|upkeep
|choice|switch 5|
|
|switch|p1a: Bismark|Stoutland, M|311\/311
|-damage|p1a: Bismark|273\/311|[from] Spikes
|turn|15
|c|☆2xTheTap|needed not to be flinched
|choice|move frustration|move playrough
|
|move|p1a: Bismark|Frustration|p2a: Mawile
|-resisted|p2a: Mawile
|-damage|p2a: Mawile|0 fnt
|faint|p2a: Mawile
|
|upkeep
|c|☆2xTheTap|or now
|c|☆2xTheTap|to flinch
|c|☆RivalET|ye
|choice||switch 3
|
|switch|p2a: Floatzel|Floatzel, F|249\/309
|-damage|p2a: Floatzel|211\/309|[from] Stealth Rock
|turn|16
|c|☆RivalET|noice game
|choice|move frustration|move waterfall
|
|move|p2a: Floatzel|Waterfall|p1a: Bismark
|-damage|p1a: Bismark|90\/311
|-damage|p2a: Floatzel|181\/309|[from] item: Life Orb
|cant|p1a: Bismark|flinch
|
|upkeep
|turn|17
|c|☆RivalET|ggs
|choice|move frustration|move waterfall
|
|move|p2a: Floatzel|Waterfall|p1a: Bismark
|-damage|p1a: Bismark|0 fnt
|-damage|p2a: Floatzel|151\/309|[from] item: Life Orb
|faint|p1a: Bismark
|
|win|2xTheTap
|l|TIBot
|c|☆2xTheTap|gg</script>
</div>
<div class="battle-log battle-log-inline"><div class="inner"><div class="battle-options"></div><div class="inner"><div class="chat"><small>RivalET joined.</small></div><div class="chat"><small>2xTheTap joined.</small></div><div class=""><small>Format:</small> <br><strong>PU</strong></div><div class=""><small><em>Sleep Clause Mod:</em> Limit one foe put to sleep</small></div><div class=""><small><em>Species Clause:</em> Limit one of each Pokémon</small></div><div class=""><small><em>OHKO Clause:</em> OHKO moves are banned</small></div><div class=""><small><em>Moody Clause:</em> Moody is banned</small></div><div class=""><small><em>Evasion Moves Clause:</em> Evasion moves are banned</small></div><div class=""><small><em>Endless Battle Clause:</em> Forcing endless battles is banned</small></div><div class=""><small><em>HP Percentage Mod:</em> HP is shown in percentages</small></div><div class=""><small><em>Swagger Clause:</em> Swagger is banned</small></div><div class=""><small><em>Baton Pass Clause:</em> Limit one Baton Passer, can't pass Spe and other stats simultaneously</small></div><div class="chat battle-history"><strong>RivalET's team:</strong> <em style="color:#445566;display:block;">Altaria / Crustle / Misdreavus / Pawniard / Stoutland / Chatot</em></div><div class="chat battle-history"><strong>2xTheTap's team:</strong> <em style="color:#445566;display:block;">Quilladin / Mawile / Gabite / Floatzel / Pikachu / Chatot</em></div><div class="chat"><small>TIBot joined.</small></div><div class="chat chatmessage-rivalet"><strong style="color:hsl(1,69%,49.320757446718204%)"><small>☆</small><span class="username" data-name="RivalET">RivalET</span>:</strong> <em>lotta NFE's ya got there tap</em></div><div class="chat chatmessage-2xthetap"><strong style="color:hsl(356,51%,50.948703188140954%)"><small>☆</small><span class="username" data-name="2xTheTap">2xTheTap</span>:</strong> <em>plenty lol</em></div><div class="spacer battle-history"><br></div><div class="battle-history">Battle started between RivalET and 2xTheTap!<br></div><div class="spacer battle-history"><br></div><div class="battle-history">Go! Tabaria (<strong>Altaria</strong>)!<br></div><div class="spacer battle-history"><br></div><div class="battle-history">2xTheTap sent out <strong>Quilladin</strong>!<br></div><div class="spacer battle-history"><br></div><h2 class="battle-history">Turn 1</h2><div class="spacer battle-history"><br></div><div class="battle-history">Tabaria used <strong>Fire Blast</strong>!<br></div><div class="battle-history"><small>It's super effective!</small><br></div><div class="battle-history"><small>(The opposing Quilladin lost <abbr title="−237/325">72.9%</abbr> of its health!)</small><br></div><div class="battle-history"><small>Tabaria lost some of its HP!</small><br></div><div class="spacer battle-history"><br></div><div class="battle-history">The opposing Quilladin used <strong>Spikes</strong>!<br></div><div class="battle-history"><small>Spikes were scattered on the ground all around your team!</small><br></div><div class="spacer battle-history"><br></div><h2 class="battle-history">Turn 2</h2><div class="spacer battle-history"><br></div><div class="battle-history">2xTheTap withdrew Quilladin!<br></div><div class="battle-history">2xTheTap sent out <strong>Gabite</strong>!<br></div><div class="spacer battle-history"><br></div><div class="battle-history">Tabaria used <strong>Draco Meteor</strong>!<br></div><div class="battle-history"><small>It's super effective!</small><br></div><div class="battle-history"><small>(The opposing Gabite lost <abbr title="−339/339">100%</abbr> of its health!)</small><br></div><div class="battle-history"><small>Tabaria's Special Attack fell harshly!</small><br></div><div class="battle-history"><small>Tabaria lost some of its HP!</small><br></div><div class="spacer battle-history"><br></div><div class="battle-history">The opposing Gabite fainted!<br></div><div class="chat chatmessage-2xthetap"><strong style="color:hsl(356,51%,50.948703188140954%)"><small>☆</small><span class="username" data-name="2xTheTap">2xTheTap</span>:</strong> <em>oi</em></div><div class="spacer battle-history"><br></div><div class="battle-history">2xTheTap sent out <strong>Floatzel</strong>!<br></div><div class="spacer battle-history"><br></div><h2 class="battle-history">Turn 3</h2><div class="spacer battle-history"><br></div><div class="battle-history">Tabaria, come back!<br></div><div class="battle-history">Go! Mis Dre (<strong>Misdreavus</strong>)!<br></div><div class="spacer battle-history"><br></div><div class="battle-history">The opposing Floatzel used <strong>Ice Punch</strong>!<br></div><div class="battle-history"><small>(Mis Dre lost <abbr title="−103/261">39.5%</abbr> of its health!)</small><br></div><div class="battle-history"><small>The opposing Floatzel lost some of its HP!</small><br></div><div class="spacer battle-history"><br></div><h2 class="battle-history">Turn 4</h2><div class="spacer battle-history"><br></div><div class="battle-history">The opposing Floatzel used <strong>Waterfall</strong>!<br></div><div class="battle-history"><small>(Mis Dre lost <abbr title="−158/261">60.5%</abbr> of its health!)</small><br></div><div class="battle-history"><small>The opposing Floatzel lost some of its HP!</small><br></div><div class="spacer battle-history"><br></div><div class="battle-history">Mis Dre fainted!<br></div><div class="spacer battle-history"><br></div><div class="battle-history">Go! DEF (<strong>Chatot</strong>)!<br></div><div class="spacer battle-history"><br></div><h2 class="battle-history">Turn 5</h2><div class="spacer battle-history"><br></div><div class="battle-history">2xTheTap withdrew Floatzel!<br></div><div class="battle-history">2xTheTap sent out <strong>Quilladin</strong>!<br></div><div class="spacer battle-history"><br></div><div class="battle-history">DEF used <strong>Boomburst</strong>!<br></div><div class="battle-history"><small>(The opposing Quilladin lost <abbr title="−88/325">27.1%</abbr> of its health!)</small><br></div><div class="spacer battle-history"><br></div><div class="battle-history">The opposing Quilladin fainted!<br></div><div class="spacer battle-history"><br></div><div class="battle-history">2xTheTap sent out <strong>Chatot</strong>!<br></div><div class="spacer battle-history"><br></div><h2 class="battle-history">Turn 6</h2><div class="chat chatmessage-rivalet"><strong style="color:hsl(1,69%,49.320757446718204%)"><small>☆</small><span class="username" data-name="RivalET">RivalET</span>:</strong> <em><span class="greentext">&gt;chatot intensifies</span></em></div><div class="spacer battle-history"><br></div><div class="battle-history">The opposing Chatot used <strong>Boomburst</strong>!<br></div><div class="battle-history"><small>(DEF lost <abbr title="−293/293">100%</abbr> of its health!)</small><br></div><div class="spacer battle-history"><br></div><div class="battle-history">DEF fainted!<br></div><div class="spacer battle-history"><br></div><div class="battle-history">Go! unrustled (<strong>Crustle</strong>)!<br></div><div class="battle-history"><small>unrustled is hurt by the spikes!</small><br></div><div class="spacer battle-history"><br></div><h2 class="battle-history">Turn 7</h2><div class="spacer battle-history"><br></div><div class="battle-history">The opposing Chatot used <strong>Boomburst</strong>!<br></div><div class="battle-history"><small>It's not very effective...</small><br></div><div class="battle-history"><small>(unrustled lost <abbr title="−118/281">42.0%</abbr> of its health!)</small><br></div><div class="spacer battle-history"><br></div><div class="battle-history">unrustled used <strong>Stone Edge</strong>!<br></div><div class="battle-history"><small>It's super effective!</small><br></div><div class="battle-history"><small>(The opposing Chatot lost <abbr title="−293/293">100%</abbr> of its health!)</small><br></div><div class="spacer battle-history"><br></div><div class="battle-history">The opposing Chatot fainted!<br></div><div class="spacer battle-history"><br></div><div class="battle-history">2xTheTap sent out <strong>Mawile</strong>!<br></div><div class="spacer battle-history"><br></div><h2 class="battle-history">Turn 8</h2><div class="spacer battle-history"><br></div><div class="battle-history">unrustled used <strong>Knock Off</strong>!<br></div><div class="battle-history"><small>It's not very effective...</small><br></div><div class="battle-history"><small>A critical hit!</small><br></div><div class="battle-history"><small>(The opposing Mawile lost <abbr title="−55/303">18.2%</abbr> of its health!)</small><br></div><div class="battle-history"><small>unrustled knocked off the opposing Mawile's Occa Berry!</small><br></div><div class="spacer battle-history"><br></div><div class="battle-history">The opposing Mawile used <strong>Swords Dance</strong>!<br></div><div class="battle-history"><small>The opposing Mawile's Attack rose sharply!</small><br></div><div class="spacer battle-history"><br></div><h2 class="battle-history">Turn 9</h2><div class="spacer battle-history"><br></div><div class="battle-history">unrustled used <strong>Stealth Rock</strong>!<br></div><div class="battle-history"><small>Pointed stones float in the air around the opposing team!</small><br></div><div class="spacer battle-history"><br></div><div class="battle-history">The opposing Mawile used <strong>Baton Pass</strong>!<br></div><div class="spacer battle-history"><br></div><div class="battle-history">2xTheTap sent out Fancy (<strong>Pikachu</strong>)!<br></div><div class="battle-history"><small>Pointed stones dug into the opposing Fancy!</small><br></div><div class="spacer battle-history"><br></div><h2 class="battle-history">Turn 10</h2><div class="spacer battle-history"><br></div><div class="battle-history">The opposing Fancy used <strong>Knock Off</strong>!<br></div><div class="battle-history"><small>(unrustled lost <abbr title="−128/281">45.6%</abbr> of its health!)</small><br></div><div class="battle-history"><small>The opposing Fancy knocked off unrustled's Custap Berry!</small><br></div><div class="spacer battle-history"><br></div><div class="battle-history">unrustled fainted!<br></div><div class="spacer battle-history"><br></div><div class="battle-history">Go! Dealer (<strong>Pawniard</strong>)!<br></div><div class="battle-history"><small>Dealer is hurt by the spikes!</small><br></div><div class="spacer battle-history"><br></div><h2 class="battle-history">Turn 11</h2><div class="spacer battle-history"><br></div><div class="battle-history">The opposing Fancy used <strong>Extreme Speed</strong>!<br></div><div class="battle-history"><small>It's not very effective...</small><br></div><div class="battle-history"><small>(Dealer lost <abbr title="−91/231">39.4%</abbr> of its health!)</small><br></div><div class="spacer battle-history"><br></div><div class="battle-history">Dealer used <strong>Knock Off</strong>!<br></div><div class="battle-history"><small>(The opposing Fancy lost <abbr title="−185/211">87.7%</abbr> of its health!)</small><br></div><div class="battle-history"><small>Dealer knocked off the opposing Fancy's Light Ball!</small><br></div><div class="spacer battle-history"><br></div><div class="battle-history">The opposing Fancy fainted!<br></div><div class="spacer battle-history"><br></div><div class="battle-history">2xTheTap sent out <strong>Mawile</strong>!<br></div><div class="battle-history"><small>Pointed stones dug into the opposing Mawile!</small><br></div><div class="spacer battle-history"><br></div><h2 class="battle-history">Turn 12</h2><div class="spacer battle-history"><br></div><div class="battle-history">Dealer, come back!<br></div><div class="battle-history">Go! Tabaria (<strong>Altaria</strong>)!<br></div><div class="spacer battle-history"><br></div><div class="battle-history">The opposing Mawile used <strong>Play Rough</strong>!<br></div><div class="battle-history"><small>It's super effective!</small><br></div><div class="battle-history"><small>(Tabaria lost <abbr title="−233/291">80.1%</abbr> of its health!)</small><br></div><div class="spacer battle-history"><br></div><div class="battle-history">Tabaria fainted!<br></div><div class="spacer battle-history"><br></div><div class="battle-history">Go! Dealer (<strong>Pawniard</strong>)!<br></div><div class="battle-history"><small>Dealer is hurt by the spikes!</small><br></div><div class="spacer battle-history"><br></div><h2 class="battle-history">Turn 13</h2><div class="spacer battle-history"><br></div><div class="battle-history">Dealer used <strong>Iron Head</strong>!<br></div><div class="battle-history"><small>(The opposing Mawile lost <abbr title="−102/303">33.7%</abbr> of its health!)</small><br></div><div class="spacer battle-history"><br></div><div class="battle-history">The opposing Mawile flinched and couldn't move!<br></div><div class="spacer battle-history"><br></div><h2 class="battle-history">Turn 14</h2><div class="chat chatmessage-rivalet"><strong style="color:hsl(1,69%,49.320757446718204%)"><small>☆</small><span class="username" data-name="RivalET">RivalET</span>:</strong> <em>damn</em></div><div class="spacer battle-history"><br></div><div class="battle-history">Dealer used <strong>Iron Head</strong>!<br></div><div class="battle-history"><small>(The opposing Mawile lost <abbr title="−99/303">32.7%</abbr> of its health!)</small><br></div><div class="spacer battle-history"><br></div><div class="battle-history">The opposing Mawile used <strong>Play Rough</strong>!<br></div><div class="battle-history"><small>A critical hit!</small><br></div><div class="battle-history"><small>(Dealer lost <abbr title="−84/231">36.4%</abbr> of its health!)</small><br></div><div class="spacer battle-history"><br></div><div class="battle-history">Dealer fainted!<br></div><div class="spacer battle-history"><br></div><div class="battle-history">Go! Bismark (<strong>Stoutland</strong>)!<br></div><div class="battle-history"><small>Bismark is hurt by the spikes!</small><br></div><div class="spacer battle-history"><br></div><h2 class="battle-history">Turn 15</h2><div class="chat chatmessage-2xthetap"><strong style="color:hsl(356,51%,50.948703188140954%)"><small>☆</small><span class="username" data-name="2xTheTap">2xTheTap</span>:</strong> <em>needed not to be flinched</em></div><div class="spacer battle-history"><br></div><div class="battle-history">Bismark used <strong>Frustration</strong>!<br></div><div class="battle-history"><small>It's not very effective...</small><br></div><div class="battle-history"><small>(The opposing Mawile lost <abbr title="−29/303">9.6%</abbr> of its health!)</small><br></div><div class="spacer battle-history"><br></div><div class="battle-history">The opposing Mawile fainted!<br></div><div class="chat chatmessage-2xthetap"><strong style="color:hsl(356,51%,50.948703188140954%)"><small>☆</small><span class="username" data-name="2xTheTap">2xTheTap</span>:</strong> <em>or now</em></div><div class="chat chatmessage-2xthetap"><strong style="color:hsl(356,51%,50.948703188140954%)"><small>☆</small><span class="username" data-name="2xTheTap">2xTheTap</span>:</strong> <em>to flinch</em></div><div class="chat chatmessage-rivalet"><strong style="color:hsl(1,69%,49.320757446718204%)"><small>☆</small><span class="username" data-name="RivalET">RivalET</span>:</strong> <em>ye</em></div><div class="spacer battle-history"><br></div><div class="battle-history">2xTheTap sent out <strong>Floatzel</strong>!<br></div><div class="battle-history"><small>Pointed stones dug into the opposing Floatzel!</small><br></div><div class="spacer battle-history"><br></div><h2 class="battle-history">Turn 16</h2><div class="chat chatmessage-rivalet"><strong style="color:hsl(1,69%,49.320757446718204%)"><small>☆</small><span class="username" data-name="RivalET">RivalET</span>:</strong> <em>noice game</em></div><div class="spacer battle-history"><br></div><div class="battle-history">The opposing Floatzel used <strong>Waterfall</strong>!<br></div><div class="battle-history"><small>(Bismark lost <abbr title="−183/311">58.8%</abbr> of its health!)</small><br></div><div class="battle-history"><small>The opposing Floatzel lost some of its HP!</small><br></div><div class="spacer battle-history"><br></div><div class="battle-history">Bismark flinched and couldn't move!<br></div><div class="spacer battle-history"><br></div><h2 class="battle-history">Turn 17</h2><div class="chat chatmessage-rivalet"><strong style="color:hsl(1,69%,49.320757446718204%)"><small>☆</small><span class="username" data-name="RivalET">RivalET</span>:</strong> <em>ggs</em></div><div class="spacer battle-history"><br></div><div class="battle-history">The opposing Floatzel used <strong>Waterfall</strong>!<br></div><div class="battle-history"><small>(Bismark lost <abbr title="−90/311">28.9%</abbr> of its health!)</small><br></div><div class="battle-history"><small>The opposing Floatzel lost some of its HP!</small><br></div><div class="spacer battle-history"><br></div><div class="battle-history">Bismark fainted!<br></div><div class="spacer battle-history"><br></div><div class="battle-history"><strong>2xTheTap</strong> won the battle!<br></div><div class="chat"><small>TIBot left.</small></div><div class="chat chatmessage-2xthetap"><strong style="color:hsl(356,51%,50.948703188140954%)"><small>☆</small><span class="username" data-name="2xTheTap">2xTheTap</span>:</strong> <em>gg</em></div></div><div class="inner-preempt"></div></div></div>
</div>
<script>
let daily = Math.floor(Date.now()/1000/60/60/24);document.write('<script src="https://play.pokemonshowdown.com/js/replay-embed.js?version'+daily+'"></'+'script>');
</script>
