<!DOCTYPE html>
<meta charset="utf-8" />
<!-- version 1 -->
<title>PU replay: trialteam98 vs. Mrs. Sawk</title>
<style>
html,body {font-family:Verdana, sans-serif;font-size:10pt;margin:0;padding:0;}body{padding:12px 0;} .battle-log {font-family:Verdana, sans-serif;font-size:10pt;} .battle-log-inline {border:1px solid #AAAAAA;background:#EEF2F5;color:black;max-width:640px;margin:0 auto 80px;padding-bottom:5px;} .battle-log .inner {padding:4px 8px 0px 8px;} .battle-log .inner-preempt {padding:0 8px 4px 8px;} .battle-log .inner-after {margin-top:0.5em;} .battle-log h2 {margin:0.5em -8px;padding:4px 8px;border:1px solid #AAAAAA;background:#E0E7EA;border-left:0;border-right:0;font-family:Verdana, sans-serif;font-size:13pt;} .battle-log .chat {vertical-align:middle;padding:3px 0 3px 0;font-size:8pt;} .battle-log .chat strong {color:#40576A;} .battle-log .chat em {padding:1px 4px 1px 3px;color:#000000;font-style:normal;} .chat.mine {background:rgba(0,0,0,0.05);margin-left:-8px;margin-right:-8px;padding-left:8px;padding-right:8px;} .spoiler {color:#BBBBBB;background:#BBBBBB;padding:0px 3px;} .spoiler:hover, .spoiler:active, .spoiler-shown {color:#000000;background:#E2E2E2;padding:0px 3px;} .spoiler a {color:#BBBBBB;} .spoiler:hover a, .spoiler:active a, .spoiler-shown a {color:#2288CC;} .chat code, .chat .spoiler:hover code, .chat .spoiler:active code, .chat .spoiler-shown code {border:1px solid #C0C0C0;background:#EEEEEE;color:black;padding:0 2px;} .chat .spoiler code {border:1px solid #CCCCCC;background:#CCCCCC;color:#CCCCCC;} .battle-log .rated {padding:3px 4px;} .battle-log .rated strong {color:white;background:#89A;padding:1px 4px;border-radius:4px;} .spacer {margin-top:0.5em;} .message-announce {background:#6688AA;color:white;padding:1px 4px 2px;} .message-announce a, .broadcast-green a, .broadcast-blue a, .broadcast-red a {color:#DDEEFF;} .broadcast-green {background-color:#559955;color:white;padding:2px 4px;} .broadcast-blue {background-color:#6688AA;color:white;padding:2px 4px;} .infobox {border:1px solid #6688AA;padding:2px 4px;} .infobox-limited {max-height:200px;overflow:auto;overflow-x:hidden;} .broadcast-red {background-color:#AA5544;color:white;padding:2px 4px;} .message-learn-canlearn {font-weight:bold;color:#228822;text-decoration:underline;} .message-learn-cannotlearn {font-weight:bold;color:#CC2222;text-decoration:underline;} .message-effect-weak {font-weight:bold;color:#CC2222;} .message-effect-resist {font-weight:bold;color:#6688AA;} .message-effect-immune {font-weight:bold;color:#666666;} .message-learn-list {margin-top:0;margin-bottom:0;} .message-throttle-notice, .message-error {color:#992222;} .message-overflow, .chat small.message-overflow {font-size:0pt;} .message-overflow::before {font-size:9pt;content:'...';} .subtle {color:#3A4A66;}
</style>
<div class="wrapper replay-wrapper" style="max-width:1180px;margin:0 auto">
<input type="hidden" name="replayid" value="pu-549459197" />
<div class="battle"></div><div class="battle-log"></div><div class="replay-controls"></div><div class="replay-controls-2"></div>
<h1 style="font-weight:normal;text-align:center"><strong>PU</strong><br /><a href="http://pokemonshowdown.com/users/trialteam98" class="subtle" target="_blank">trialteam98</a> vs. <a href="http://pokemonshowdown.com/users/mrssawk" class="subtle" target="_blank">Mrs. Sawk</a></h1>
<script type="text/plain" class="battle-log-data">|j|trialteam98
|j|Mrs. Sawk
|player|p1|trialteam98|1
|player|p2|Mrs. Sawk|2
|gametype|singles
|gen|6
|tier|PU
|seed|30876,48547,28722,10580
|rule|Sleep Clause Mod: Limit one foe put to sleep
|rule|Species Clause: Limit one of each Pokémon
|rule|OHKO Clause: OHKO moves are banned
|rule|Moody Clause: Moody is banned
|rule|Evasion Moves Clause: Evasion moves are banned
|rule|Endless Battle Clause: Forcing endless battles is banned
|rule|HP Percentage Mod: HP is shown in percentages
|clearpoke
|poke|p1|Dragonair, F|item
|poke|p1|Chatot, M|item
|poke|p1|Dedenne, M|item
|poke|p1|Dusknoir, M|item
|poke|p1|Sawsbuck, M|item
|poke|p1|Bastiodon, F|item
|poke|p2|Shedinja|item
|poke|p2|Yamask, L41, M|item
|rule|Swagger Clause: Swagger is banned
|rule|Baton Pass Clause: Limit one Baton Passer, can't pass Spe and other stats simultaneously
|teampreview
|choice|team 6, team 2, team 3, team 4, team 5, team 1|team 1, team 2
|
|start
|switch|p1a: Bastiodon|Bastiodon, F|323\/323
|switch|p2a: lol|Shedinja|1\/1
|turn|1
|choice|move toxic|move shadowsneak
|
|move|p2a: lol|Shadow Sneak|p1a: Bastiodon
|-crit|p1a: Bastiodon
|-damage|p1a: Bastiodon|265\/323
|-damage|p2a: lol|0 fnt|[from] item: Rocky Helmet|[of] p1a: Bastiodon
|faint|p2a: lol
|move|p1a: Bastiodon|Toxic|p2: lol|[notarget]
|-notarget
|
|upkeep
|choice||switch 2
|
|switch|p2a: Yamask|Yamask, L41, M|119\/119
|turn|2
|choice|move toxic|move memento
|
|move|p1a: Bastiodon|Toxic|p2a: Yamask
|-status|p2a: Yamask|tox
|-enditem|p2a: Yamask|Lum Berry|[eat]
|-curestatus|p2a: Yamask|tox|[msg]
|move|p2a: Yamask|Memento|p1a: Bastiodon
|-unboost|p1a: Bastiodon|atk|2
|-unboost|p1a: Bastiodon|spa|2
|faint|p2a: Yamask
|
|win|trialteam98
|player|p1
|player|p2</script>
</div>
<div class="battle-log battle-log-inline"><div class="inner"><div class="battle-options"></div><div class="inner"><div class="chat"><small>trialteam98 joined.</small></div><div class="chat"><small>Mrs. Sawk joined.</small></div><div class=""><small>Format:</small> <br><strong>PU</strong></div><div class=""><small><em>Sleep Clause Mod:</em> Limit one foe put to sleep</small></div><div class=""><small><em>Species Clause:</em> Limit one of each Pokémon</small></div><div class=""><small><em>OHKO Clause:</em> OHKO moves are banned</small></div><div class=""><small><em>Moody Clause:</em> Moody is banned</small></div><div class=""><small><em>Evasion Moves Clause:</em> Evasion moves are banned</small></div><div class=""><small><em>Endless Battle Clause:</em> Forcing endless battles is banned</small></div><div class=""><small><em>HP Percentage Mod:</em> HP is shown in percentages</small></div><div class=""><small><em>Swagger Clause:</em> Swagger is banned</small></div><div class=""><small><em>Baton Pass Clause:</em> Limit one Baton Passer, can't pass Spe and other stats simultaneously</small></div><div class="chat battle-history"><strong>trialteam98's team:</strong> <em style="color:#445566;display:block;">Dragonair / Chatot / Dedenne / Dusknoir / Sawsbuck / Bastiodon</em></div><div class="chat battle-history"><strong>Mrs. Sawk's team:</strong> <em style="color:#445566;display:block;">Shedinja / Yamask</em></div><div class="spacer battle-history"><br></div><div class="battle-history">Battle started between trialteam98 and Mrs. Sawk!<br></div><div class="spacer battle-history"><br></div><div class="battle-history">Go! <strong>Bastiodon</strong>!<br></div><div class="spacer battle-history"><br></div><div class="battle-history">Mrs. Sawk sent out lol (<strong>Shedinja</strong>)!<br></div><div class="spacer battle-history"><br></div><h2 class="battle-history">Turn 1</h2><div class="spacer battle-history"><br></div><div class="battle-history">The opposing lol used <strong>Shadow Sneak</strong>!<br></div><div class="battle-history"><small>A critical hit!</small><br></div><div class="battle-history"><small>(Bastiodon lost <abbr title="−58/323">18.0%</abbr> of its health!)</small><br></div><div class="battle-history"><small>The opposing lol was hurt by the Rocky Helmet!</small><br></div><div class="spacer battle-history"><br></div><div class="battle-history">The opposing lol fainted!<br></div><div class="battle-history">Bastiodon used <strong>Toxic</strong>!<br></div><div class="battle-history"><small>But there was no target...</small><br></div><div class="spacer battle-history"><br></div><div class="battle-history">Mrs. Sawk sent out <strong>Yamask</strong>!<br></div><div class="spacer battle-history"><br></div><h2 class="battle-history">Turn 2</h2><div class="spacer battle-history"><br></div><div class="battle-history">Bastiodon used <strong>Toxic</strong>!<br></div><div class="battle-history"><small>The opposing Yamask was badly poisoned!</small><br></div><div class="battle-history"><small>The opposing Yamask ate its Lum Berry!</small><br></div><div class="battle-history"><small>The opposing Yamask was cured of its poisoning.</small><br></div><div class="spacer battle-history"><br></div><div class="battle-history">The opposing Yamask used <strong>Memento</strong>!<br></div><div class="battle-history"><small>Bastiodon's Attack fell harshly!</small><br></div><div class="battle-history"><small>Bastiodon's Special Attack fell harshly!</small><br></div><div class="spacer battle-history"><br></div><div class="battle-history">The opposing Yamask fainted!<br></div><div class="spacer battle-history"><br></div><div class="battle-history"><strong>trialteam98</strong> won the battle!<br></div></div><div class="inner-preempt"></div></div></div>
</div>
<script>
let daily = Math.floor(Date.now()/1000/60/60/24);document.write('<script src="https://play.pokemonshowdown.com/js/replay-embed.js?version'+daily+'"></'+'script>');
</script>
