<!DOCTYPE html>
<meta charset="utf-8" />
<!-- version 1 -->
<title>PU replay: MxttP vs. spiritualblitz345</title>
<style>
html,body {font-family:Verdana, sans-serif;font-size:10pt;margin:0;padding:0;}body{padding:12px 0;} .battle-log {font-family:Verdana, sans-serif;font-size:10pt;} .battle-log-inline {border:1px solid #AAAAAA;background:#EEF2F5;color:black;max-width:640px;margin:0 auto 80px;padding-bottom:5px;} .battle-log .inner {padding:4px 8px 0px 8px;} .battle-log .inner-preempt {padding:0 8px 4px 8px;} .battle-log .inner-after {margin-top:0.5em;} .battle-log h2 {margin:0.5em -8px;padding:4px 8px;border:1px solid #AAAAAA;background:#E0E7EA;border-left:0;border-right:0;font-family:Verdana, sans-serif;font-size:13pt;} .battle-log .chat {vertical-align:middle;padding:3px 0 3px 0;font-size:8pt;} .battle-log .chat strong {color:#40576A;} .battle-log .chat em {padding:1px 4px 1px 3px;color:#000000;font-style:normal;} .chat.mine {background:rgba(0,0,0,0.05);margin-left:-8px;margin-right:-8px;padding-left:8px;padding-right:8px;} .spoiler {color:#BBBBBB;background:#BBBBBB;padding:0px 3px;} .spoiler:hover, .spoiler:active, .spoiler-shown {color:#000000;background:#E2E2E2;padding:0px 3px;} .spoiler a {color:#BBBBBB;} .spoiler:hover a, .spoiler:active a, .spoiler-shown a {color:#2288CC;} .chat code, .chat .spoiler:hover code, .chat .spoiler:active code, .chat .spoiler-shown code {border:1px solid #C0C0C0;background:#EEEEEE;color:black;padding:0 2px;} .chat .spoiler code {border:1px solid #CCCCCC;background:#CCCCCC;color:#CCCCCC;} .battle-log .rated {padding:3px 4px;} .battle-log .rated strong {color:white;background:#89A;padding:1px 4px;border-radius:4px;} .spacer {margin-top:0.5em;} .message-announce {background:#6688AA;color:white;padding:1px 4px 2px;} .message-announce a, .broadcast-green a, .broadcast-blue a, .broadcast-red a {color:#DDEEFF;} .broadcast-green {background-color:#559955;color:white;padding:2px 4px;} .broadcast-blue {background-color:#6688AA;color:white;padding:2px 4px;} .infobox {border:1px solid #6688AA;padding:2px 4px;} .infobox-limited {max-height:200px;overflow:auto;overflow-x:hidden;} .broadcast-red {background-color:#AA5544;color:white;padding:2px 4px;} .message-learn-canlearn {font-weight:bold;color:#228822;text-decoration:underline;} .message-learn-cannotlearn {font-weight:bold;color:#CC2222;text-decoration:underline;} .message-effect-weak {font-weight:bold;color:#CC2222;} .message-effect-resist {font-weight:bold;color:#6688AA;} .message-effect-immune {font-weight:bold;color:#666666;} .message-learn-list {margin-top:0;margin-bottom:0;} .message-throttle-notice, .message-error {color:#992222;} .message-overflow, .chat small.message-overflow {font-size:0pt;} .message-overflow::before {font-size:9pt;content:'...';} .subtle {color:#3A4A66;}
</style>
<div class="wrapper replay-wrapper" style="max-width:1180px;margin:0 auto">
<input type="hidden" name="replayid" value="pu-562657363" />
<div class="battle"></div><div class="battle-log"></div><div class="replay-controls"></div><div class="replay-controls-2"></div>
<h1 style="font-weight:normal;text-align:center"><strong>PU</strong><br /><a href="http://pokemonshowdown.com/users/mxttp" class="subtle" target="_blank">MxttP</a> vs. <a href="http://pokemonshowdown.com/users/spiritualblitz345" class="subtle" target="_blank">spiritualblitz345</a></h1>
<script type="text/plain" class="battle-log-data">|j|MxttP
|j|spiritualblitz345
|player|p1|MxttP|225
|player|p2|spiritualblitz345|2
|gametype|singles
|gen|6
|tier|PU
|seed|160,15146,37789,18413
|rule|Sleep Clause Mod: Limit one foe put to sleep
|rule|Species Clause: Limit one of each Pokémon
|rule|OHKO Clause: OHKO moves are banned
|rule|Moody Clause: Moody is banned
|rule|Evasion Moves Clause: Evasion moves are banned
|rule|Endless Battle Clause: Forcing endless battles is banned
|rule|HP Percentage Mod: HP is shown in percentages
|clearpoke
|poke|p1|Relicanth, M|item
|poke|p1|Volbeat, M|item
|poke|p1|Golduck, F|item
|poke|p1|Floatzel, F|item
|poke|p1|Armaldo, M|item
|poke|p1|Zebstrika, F|item
|poke|p2|Avalugg, F|item
|poke|p2|Ariados, F|item
|poke|p2|Lapras, F|item
|poke|p2|Ninetales, M|item
|poke|p2|Rampardos, F|item
|poke|p2|Gorebyss, F|item
|rule|Swagger Clause: Swagger is banned
|rule|Baton Pass Clause: Limit one Baton Passer, can't pass Spe and other stats simultaneously
|teampreview
|choice|team 4, team 2, team 3, team 1, team 5, team 6|team 2, team 1, team 3, team 4, team 5, team 6
|
|start
|switch|p1a: Floatzel|Floatzel, F|311\/311
|switch|p2a: Ariados|Ariados, F|343\/343
|turn|1
|choice|move taunt|move stickyweb
|
|move|p1a: Floatzel|Taunt|p2a: Ariados
|-start|p2a: Ariados|move: Taunt
|cant|p2a: Ariados|move: Taunt|Sticky Web
|
|upkeep
|turn|2
|choice|move bulkup|move shadowsneak
|
|move|p2a: Ariados|Shadow Sneak|p1a: Floatzel
|-damage|p1a: Floatzel|247\/311
|move|p1a: Floatzel|Bulk Up|p1a: Floatzel
|-boost|p1a: Floatzel|atk|1
|-boost|p1a: Floatzel|def|1
|
|upkeep
|turn|3
|choice|move bulkup|switch 3
|
|switch|p2a: Lapras|Lapras, F|464\/464
|move|p1a: Floatzel|Bulk Up|p1a: Floatzel
|-boost|p1a: Floatzel|atk|1
|-boost|p1a: Floatzel|def|1
|
|upkeep
|turn|4
|choice|move aquatail|move perishsong
|
|move|p1a: Floatzel|Aqua Tail|p2a: Lapras
|-immune|p2a: Lapras|[msg]|[from] ability: Water Absorb
|move|p2a: Lapras|Perish Song|p2a: Lapras
|-start|p1a: Floatzel|perish3|[silent]
|-start|p2a: Lapras|perish3|[silent]
|-fieldactivate|move: Perish Song
|
|-start|p1a: Floatzel|perish3
|-start|p2a: Lapras|perish3
|upkeep
|turn|5
|choice|switch 6|move freezedry
|
|switch|p1a: Zebstrika|Zebstrika, F|289\/289
|move|p2a: Lapras|Freeze-Dry|p1a: Zebstrika
|-damage|p1a: Zebstrika|190\/289
|
|-start|p2a: Lapras|perish2
|upkeep
|turn|6
|choice|move voltswitch|switch 3
|
|switch|p2a: Ariados|Ariados, F|343\/343
|move|p1a: Zebstrika|Volt Switch|p2a: Ariados
|-damage|p2a: Ariados|168\/343
|-damage|p1a: Zebstrika|162\/289|[from] item: Life Orb
|choice|switch 6|
|
|switch|p1a: Floatzel|Floatzel, F|247\/311
|
|upkeep
|turn|7
|choice|move taunt|move shadowsneak
|
|move|p2a: Ariados|Shadow Sneak|p1a: Floatzel
|-damage|p1a: Floatzel|191\/311
|move|p1a: Floatzel|Taunt|p2a: Ariados
|-start|p2a: Ariados|move: Taunt
|
|upkeep
|turn|8
|choice|move aquatail|move shadowsneak
|
|move|p2a: Ariados|Shadow Sneak|p1a: Floatzel
|-damage|p1a: Floatzel|135\/311
|move|p1a: Floatzel|Aqua Tail|p2a: Ariados
|-damage|p2a: Ariados|0 fnt
|-damage|p1a: Floatzel|104\/311|[from] item: Life Orb
|faint|p2a: Ariados
|
|upkeep
|choice||switch 3
|
|switch|p2a: Lapras|Lapras, F|464\/464
|turn|9
|choice|move taunt|move freezedry
|
|move|p1a: Floatzel|Taunt|p2a: Lapras
|-start|p2a: Lapras|move: Taunt
|move|p2a: Lapras|Freeze-Dry|p1a: Floatzel
|-supereffective|p1a: Floatzel
|-damage|p1a: Floatzel|0 fnt
|faint|p1a: Floatzel
|
|upkeep
|choice|switch 6|
|
|switch|p1a: Zebstrika|Zebstrika, F|162\/289
|turn|10
|choice|move thunder|move icebeam
|
|move|p1a: Zebstrika|Thunder|p2a: Lapras|[miss]
|-miss|p1a: Zebstrika|p2a: Lapras
|move|p2a: Lapras|Ice Beam|p1a: Zebstrika
|-damage|p1a: Zebstrika|29\/289
|
|upkeep
|turn|11
|choice|move thunder|switch 4
|
|switch|p2a: Ninetales|Ninetales, M|287\/287
|move|p1a: Zebstrika|Thunder|p2a: Ninetales|[miss]
|-miss|p1a: Zebstrika|p2a: Ninetales
|
|upkeep
|turn|12
|c|☆MxttP|what a surprise
|choice|move voltswitch|move hex
|
|move|p1a: Zebstrika|Volt Switch|p2a: Ninetales
|-damage|p2a: Ninetales|158\/287
|-damage|p1a: Zebstrika|1\/289|[from] item: Life Orb
|c|☆spiritualblitz345|1
|choice|switch 5|
|
|switch|p1a: Armaldo|Armaldo, M|289\/289
|move|p2a: Ninetales|Hex|p1a: Armaldo
|-damage|p1a: Armaldo|199\/289
|-damage|p2a: Ninetales|130\/287|[from] item: Life Orb
|
|upkeep
|turn|13
|choice|move swordsdance|move heatwave
|
|move|p2a: Ninetales|Heat Wave|p1a: Armaldo
|-damage|p1a: Armaldo|12\/289
|-damage|p2a: Ninetales|102\/287|[from] item: Life Orb
|move|p1a: Armaldo|Swords Dance|p1a: Armaldo
|-boost|p1a: Armaldo|atk|2
|
|upkeep
|turn|14
|choice|move aquajet|move hex
|
|move|p1a: Armaldo|Aqua Jet|p2a: Ninetales
|-supereffective|p2a: Ninetales
|-damage|p2a: Ninetales|0 fnt
|-damage|p1a: Armaldo|0 fnt|[from] item: Life Orb
|faint|p2a: Ninetales
|faint|p1a: Armaldo
|
|upkeep
|choice|switch 5|switch 6
|
|switch|p1a: Zebstrika|Zebstrika, F|1\/289
|switch|p2a: Gorebyss|Gorebyss, F|251\/251
|turn|15
|choice|move thunder|switch 2
|
|switch|p2a: Avalugg|Avalugg, F|394\/394
|move|p1a: Zebstrika|Thunder|p2a: Avalugg
|-damage|p2a: Avalugg|27\/394
|-damage|p1a: Zebstrika|0 fnt|[from] item: Life Orb
|faint|p1a: Zebstrika
|
|upkeep
|choice|switch 3|
|
|switch|p1a: Golduck|Golduck, F|299\/299
|turn|16
|choice|move psychic|move earthquake
|
|move|p1a: Golduck|Psychic|p2a: Avalugg
|-damage|p2a: Avalugg|0 fnt
|-damage|p1a: Golduck|270\/299|[from] item: Life Orb
|faint|p2a: Avalugg
|
|upkeep
|choice||switch 2
|
|switch|p2a: Gorebyss|Gorebyss, F|251\/251
|turn|17
|choice|move psychic|move shellsmash
|
|move|p1a: Golduck|Psychic|p2a: Gorebyss
|-damage|p2a: Gorebyss|85\/251
|-damage|p1a: Golduck|241\/299|[from] item: Life Orb
|move|p2a: Gorebyss|Shell Smash|p2a: Gorebyss
|-unboost|p2a: Gorebyss|def|1
|-unboost|p2a: Gorebyss|spd|1
|-boost|p2a: Gorebyss|atk|2
|-boost|p2a: Gorebyss|spa|2
|-boost|p2a: Gorebyss|spe|2
|-enditem|p2a: Gorebyss|White Herb
|-clearnegativeboost|p2a: Gorebyss|[silent]
|
|upkeep
|turn|18
|choice|move psychic|move waterpulse
|
|move|p2a: Gorebyss|Water Pulse|p1a: Golduck
|-resisted|p1a: Golduck
|-crit|p1a: Golduck
|-damage|p1a: Golduck|52\/299
|move|p1a: Golduck|Psychic|p2a: Gorebyss
|-damage|p2a: Gorebyss|0 fnt
|-damage|p1a: Golduck|23\/299|[from] item: Life Orb
|faint|p2a: Gorebyss
|
|upkeep
|choice||switch 4
|
|switch|p2a: Lapras|Lapras, F|464\/464
|turn|19
|choice|move psychic|move freezedry
|
|move|p1a: Golduck|Psychic|p2a: Lapras
|-damage|p2a: Lapras|380\/464
|-unboost|p2a: Lapras|spd|1
|-damage|p1a: Golduck|0 fnt|[from] item: Life Orb
|faint|p1a: Golduck
|move|p2a: Lapras|Freeze-Dry|p1: Golduck|[notarget]
|-notarget
|
|-heal|p2a: Lapras|409\/464|[from] item: Leftovers
|upkeep
|choice|switch 2|
|
|switch|p1a: Volbeat|Volbeat, M|333\/333
|turn|20
|choice|move thunderwave|move icebeam
|
|move|p1a: Volbeat|Thunder Wave|p2a: Lapras
|-status|p2a: Lapras|par
|move|p2a: Lapras|Ice Beam|p1a: Volbeat
|-damage|p1a: Volbeat|213\/333
|
|-heal|p2a: Lapras|438\/464 par|[from] item: Leftovers
|upkeep
|turn|21
|choice|move encore|move perishsong
|
|move|p1a: Volbeat|Encore|p2a: Lapras
|-start|p2a: Lapras|Encore
|move|p2a: Lapras|Ice Beam|p1a: Volbeat
|-damage|p1a: Volbeat|101\/333
|
|-heal|p2a: Lapras|464\/464 par|[from] item: Leftovers
|upkeep
|turn|22
|choice|move raindance|move icebeam
|
|move|p1a: Volbeat|Rain Dance|p1a: Volbeat
|-weather|RainDance
|cant|p2a: Lapras|par
|
|-weather|RainDance|[upkeep]
|upkeep
|turn|23
|choice|move uturn|move icebeam
|
|move|p1a: Volbeat|U-turn|p2a: Lapras
|-damage|p2a: Lapras|385\/464 par
|choice|switch 4|
|
|switch|p1a: Relicanth|Relicanth, M|341\/341
|cant|p2a: Lapras|par
|
|-weather|RainDance|[upkeep]
|-heal|p2a: Lapras|414\/464 par|[from] item: Leftovers
|-end|p2a: Lapras|Encore
|upkeep
|turn|24
|choice|move headsmash|move freezedry
|
|move|p1a: Relicanth|Head Smash|p2a: Lapras
|-supereffective|p2a: Lapras
|-damage|p2a: Lapras|0 fnt
|-damage|p1a: Relicanth|134\/341|[from] recoil|[of] p2a: Lapras
|faint|p2a: Lapras
|
|-weather|RainDance|[upkeep]
|upkeep
|choice||switch 5
|
|switch|p2a: Rampardos|Rampardos, F|398\/398
|turn|25
|choice|move waterfall|move earthquake
|
|move|p1a: Relicanth|Waterfall|p2a: Rampardos
|-supereffective|p2a: Rampardos
|-damage|p2a: Rampardos|0 fnt
|faint|p2a: Rampardos
|
|win|MxttP
|c|☆MxttP|gg
|c|☆spiritualblitz345|gg</script>
</div>
<div class="battle-log battle-log-inline"><div class="inner"><div class="battle-options"></div><div class="inner"><div class="chat"><small>MxttP joined.</small></div><div class="chat"><small>spiritualblitz345 joined.</small></div><div class=""><small>Format:</small> <br><strong>PU</strong></div><div class=""><small><em>Sleep Clause Mod:</em> Limit one foe put to sleep</small></div><div class=""><small><em>Species Clause:</em> Limit one of each Pokémon</small></div><div class=""><small><em>OHKO Clause:</em> OHKO moves are banned</small></div><div class=""><small><em>Moody Clause:</em> Moody is banned</small></div><div class=""><small><em>Evasion Moves Clause:</em> Evasion moves are banned</small></div><div class=""><small><em>Endless Battle Clause:</em> Forcing endless battles is banned</small></div><div class=""><small><em>HP Percentage Mod:</em> HP is shown in percentages</small></div><div class=""><small><em>Swagger Clause:</em> Swagger is banned</small></div><div class=""><small><em>Baton Pass Clause:</em> Limit one Baton Passer, can't pass Spe and other stats simultaneously</small></div><div class="chat battle-history"><strong>MxttP's team:</strong> <em style="color:#445566;display:block;">Relicanth / Volbeat / Golduck / Floatzel / Armaldo / Zebstrika</em></div><div class="chat battle-history"><strong>spiritualblitz345's team:</strong> <em style="color:#445566;display:block;">Avalugg / Ariados / Lapras / Ninetales / Rampardos / Gorebyss</em></div><div class="spacer battle-history"><br></div><div class="battle-history">Battle started between MxttP and spiritualblitz345!<br></div><div class="spacer battle-history"><br></div><div class="battle-history">Go! <strong>Floatzel</strong>!<br></div><div class="spacer battle-history"><br></div><div class="battle-history">spiritualblitz345 sent out <strong>Ariados</strong>!<br></div><div class="spacer battle-history"><br></div><h2 class="battle-history">Turn 1</h2><div class="spacer battle-history"><br></div><div class="battle-history">Floatzel used <strong>Taunt</strong>!<br></div><div class="battle-history"><small>The opposing Ariados fell for the taunt!</small><br></div><div class="spacer battle-history"><br></div><div class="battle-history">The opposing Ariados can't use Sticky Web after the taunt!<br></div><div class="spacer battle-history"><br></div><h2 class="battle-history">Turn 2</h2><div class="spacer battle-history"><br></div><div class="battle-history">The opposing Ariados used <strong>Shadow Sneak</strong>!<br></div><div class="battle-history"><small>(Floatzel lost <abbr title="−64/311">20.6%</abbr> of its health!)</small><br></div><div class="spacer battle-history"><br></div><div class="battle-history">Floatzel used <strong>Bulk Up</strong>!<br></div><div class="battle-history"><small>Floatzel's Attack rose!</small><br></div><div class="battle-history"><small>Floatzel's Defense rose!</small><br></div><div class="spacer battle-history"><br></div><h2 class="battle-history">Turn 3</h2><div class="spacer battle-history"><br></div><div class="battle-history">spiritualblitz345 withdrew Ariados!<br></div><div class="battle-history">spiritualblitz345 sent out <strong>Lapras</strong>!<br></div><div class="spacer battle-history"><br></div><div class="battle-history">Floatzel used <strong>Bulk Up</strong>!<br></div><div class="battle-history"><small>Floatzel's Attack rose!</small><br></div><div class="battle-history"><small>Floatzel's Defense rose!</small><br></div><div class="spacer battle-history"><br></div><h2 class="battle-history">Turn 4</h2><div class="spacer battle-history"><br></div><div class="battle-history">Floatzel used <strong>Aqua Tail</strong>!<br></div><div class="battle-history"><small>[The opposing Lapras's Water Absorb]</small><br><small>It doesn't affect the opposing Lapras...</small><br></div><div class="spacer battle-history"><br></div><div class="battle-history">The opposing Lapras used <strong>Perish Song</strong>!<br></div><div class="battle-history"><small>All Pokémon that heard the song will faint in three turns!</small><br></div><div class="spacer battle-history"><br></div><div class="battle-history"><small>Floatzel's perish count fell to 3.</small><br></div><div class="battle-history"><small>The opposing Lapras's perish count fell to 3.</small><br></div><div class="spacer battle-history"><br></div><h2 class="battle-history">Turn 5</h2><div class="spacer battle-history"><br></div><div class="battle-history">Floatzel, come back!<br></div><div class="battle-history">Go! <strong>Zebstrika</strong>!<br></div><div class="spacer battle-history"><br></div><div class="battle-history">The opposing Lapras used <strong>Freeze-Dry</strong>!<br></div><div class="battle-history"><small>(Zebstrika lost <abbr title="−99/289">34.3%</abbr> of its health!)</small><br></div><div class="spacer battle-history"><br></div><div class="battle-history"><small>The opposing Lapras's perish count fell to 2.</small><br></div><div class="spacer battle-history"><br></div><h2 class="battle-history">Turn 6</h2><div class="spacer battle-history"><br></div><div class="battle-history">spiritualblitz345 withdrew Lapras!<br></div><div class="battle-history">spiritualblitz345 sent out <strong>Ariados</strong>!<br></div><div class="spacer battle-history"><br></div><div class="battle-history">Zebstrika used <strong>Volt Switch</strong>!<br></div><div class="battle-history"><small>(The opposing Ariados lost <abbr title="−175/343">51.0%</abbr> of its health!)</small><br></div><div class="battle-history"><small>Zebstrika lost some of its HP!</small><br></div><div class="spacer battle-history"><br></div><div class="battle-history">Zebstrika went back to MxttP!<br></div><div class="battle-history">Go! <strong>Floatzel</strong>!<br></div><div class="spacer battle-history"><br></div><h2 class="battle-history">Turn 7</h2><div class="spacer battle-history"><br></div><div class="battle-history">The opposing Ariados used <strong>Shadow Sneak</strong>!<br></div><div class="battle-history"><small>(Floatzel lost <abbr title="−56/311">18.0%</abbr> of its health!)</small><br></div><div class="spacer battle-history"><br></div><div class="battle-history">Floatzel used <strong>Taunt</strong>!<br></div><div class="battle-history"><small>The opposing Ariados fell for the taunt!</small><br></div><div class="spacer battle-history"><br></div><h2 class="battle-history">Turn 8</h2><div class="spacer battle-history"><br></div><div class="battle-history">The opposing Ariados used <strong>Shadow Sneak</strong>!<br></div><div class="battle-history"><small>(Floatzel lost <abbr title="−56/311">18.0%</abbr> of its health!)</small><br></div><div class="spacer battle-history"><br></div><div class="battle-history">Floatzel used <strong>Aqua Tail</strong>!<br></div><div class="battle-history"><small>(The opposing Ariados lost <abbr title="−168/343">49.0%</abbr> of its health!)</small><br></div><div class="battle-history"><small>Floatzel lost some of its HP!</small><br></div><div class="spacer battle-history"><br></div><div class="battle-history">The opposing Ariados fainted!<br></div><div class="spacer battle-history"><br></div><div class="battle-history">spiritualblitz345 sent out <strong>Lapras</strong>!<br></div><div class="spacer battle-history"><br></div><h2 class="battle-history">Turn 9</h2><div class="spacer battle-history"><br></div><div class="battle-history">Floatzel used <strong>Taunt</strong>!<br></div><div class="battle-history"><small>The opposing Lapras fell for the taunt!</small><br></div><div class="spacer battle-history"><br></div><div class="battle-history">The opposing Lapras used <strong>Freeze-Dry</strong>!<br></div><div class="battle-history"><small>It's super effective!</small><br></div><div class="battle-history"><small>(Floatzel lost <abbr title="−104/311">33.4%</abbr> of its health!)</small><br></div><div class="spacer battle-history"><br></div><div class="battle-history">Floatzel fainted!<br></div><div class="spacer battle-history"><br></div><div class="battle-history">Go! <strong>Zebstrika</strong>!<br></div><div class="spacer battle-history"><br></div><h2 class="battle-history">Turn 10</h2><div class="spacer battle-history"><br></div><div class="battle-history">Zebstrika used <strong>Thunder</strong>!<br></div><div class="battle-history"><small>The opposing Lapras avoided the attack!</small><br></div><div class="spacer battle-history"><br></div><div class="battle-history">The opposing Lapras used <strong>Ice Beam</strong>!<br></div><div class="battle-history"><small>(Zebstrika lost <abbr title="−133/289">46.0%</abbr> of its health!)</small><br></div><div class="spacer battle-history"><br></div><h2 class="battle-history">Turn 11</h2><div class="spacer battle-history"><br></div><div class="battle-history">spiritualblitz345 withdrew Lapras!<br></div><div class="battle-history">spiritualblitz345 sent out <strong>Ninetales</strong>!<br></div><div class="spacer battle-history"><br></div><div class="battle-history">Zebstrika used <strong>Thunder</strong>!<br></div><div class="battle-history"><small>The opposing Ninetales avoided the attack!</small><br></div><div class="spacer battle-history"><br></div><h2 class="battle-history">Turn 12</h2><div class="chat chatmessage-mxttp"><strong style="color:hsl(113,78%,37.004103767420645%)"><small>☆</small><span class="username" data-name="MxttP">MxttP</span>:</strong> <em>what a surprise</em></div><div class="spacer battle-history"><br></div><div class="battle-history">Zebstrika used <strong>Volt Switch</strong>!<br></div><div class="battle-history"><small>(The opposing Ninetales lost <abbr title="−129/287">44.9%</abbr> of its health!)</small><br></div><div class="battle-history"><small>Zebstrika lost some of its HP!</small><br></div><div class="chat chatmessage-spiritualblitz345"><strong style="color:hsl(310,54%,44.43865753827021%)"><small>☆</small><span class="username" data-name="spiritualblitz345">spiritualblitz345</span>:</strong> <em>1</em></div><div class="spacer battle-history"><br></div><div class="battle-history">Zebstrika went back to MxttP!<br></div><div class="battle-history">Go! <strong>Armaldo</strong>!<br></div><div class="spacer battle-history"><br></div><div class="battle-history">The opposing Ninetales used <strong>Hex</strong>!<br></div><div class="battle-history"><small>(Armaldo lost <abbr title="−90/289">31.1%</abbr> of its health!)</small><br></div><div class="battle-history"><small>The opposing Ninetales lost some of its HP!</small><br></div><div class="spacer battle-history"><br></div><h2 class="battle-history">Turn 13</h2><div class="spacer battle-history"><br></div><div class="battle-history">The opposing Ninetales used <strong>Heat Wave</strong>!<br></div><div class="battle-history"><small>(Armaldo lost <abbr title="−187/289">64.7%</abbr> of its health!)</small><br></div><div class="battle-history"><small>The opposing Ninetales lost some of its HP!</small><br></div><div class="spacer battle-history"><br></div><div class="battle-history">Armaldo used <strong>Swords Dance</strong>!<br></div><div class="battle-history"><small>Armaldo's Attack rose sharply!</small><br></div><div class="spacer battle-history"><br></div><h2 class="battle-history">Turn 14</h2><div class="spacer battle-history"><br></div><div class="battle-history">Armaldo used <strong>Aqua Jet</strong>!<br></div><div class="battle-history"><small>It's super effective!</small><br></div><div class="battle-history"><small>(The opposing Ninetales lost <abbr title="−102/287">35.5%</abbr> of its health!)</small><br></div><div class="battle-history"><small>Armaldo lost some of its HP!</small><br></div><div class="spacer battle-history"><br></div><div class="battle-history">The opposing Ninetales fainted!<br></div><div class="battle-history">Armaldo fainted!<br></div><div class="spacer battle-history"><br></div><div class="battle-history">Go! <strong>Zebstrika</strong>!<br></div><div class="spacer battle-history"><br></div><div class="battle-history">spiritualblitz345 sent out <strong>Gorebyss</strong>!<br></div><div class="spacer battle-history"><br></div><h2 class="battle-history">Turn 15</h2><div class="spacer battle-history"><br></div><div class="battle-history">spiritualblitz345 withdrew Gorebyss!<br></div><div class="battle-history">spiritualblitz345 sent out <strong>Avalugg</strong>!<br></div><div class="spacer battle-history"><br></div><div class="battle-history">Zebstrika used <strong>Thunder</strong>!<br></div><div class="battle-history"><small>(The opposing Avalugg lost <abbr title="−367/394">93.1%</abbr> of its health!)</small><br></div><div class="battle-history"><small>Zebstrika lost some of its HP!</small><br></div><div class="spacer battle-history"><br></div><div class="battle-history">Zebstrika fainted!<br></div><div class="spacer battle-history"><br></div><div class="battle-history">Go! <strong>Golduck</strong>!<br></div><div class="spacer battle-history"><br></div><h2 class="battle-history">Turn 16</h2><div class="spacer battle-history"><br></div><div class="battle-history">Golduck used <strong>Psychic</strong>!<br></div><div class="battle-history"><small>(The opposing Avalugg lost <abbr title="−27/394">6.9%</abbr> of its health!)</small><br></div><div class="battle-history"><small>Golduck lost some of its HP!</small><br></div><div class="spacer battle-history"><br></div><div class="battle-history">The opposing Avalugg fainted!<br></div><div class="spacer battle-history"><br></div><div class="battle-history">spiritualblitz345 sent out <strong>Gorebyss</strong>!<br></div><div class="spacer battle-history"><br></div><h2 class="battle-history">Turn 17</h2><div class="spacer battle-history"><br></div><div class="battle-history">Golduck used <strong>Psychic</strong>!<br></div><div class="battle-history"><small>(The opposing Gorebyss lost <abbr title="−166/251">66.1%</abbr> of its health!)</small><br></div><div class="battle-history"><small>Golduck lost some of its HP!</small><br></div><div class="spacer battle-history"><br></div><div class="battle-history">The opposing Gorebyss used <strong>Shell Smash</strong>!<br></div><div class="battle-history"><small>The opposing Gorebyss's Defense fell!</small><br></div><div class="battle-history"><small>The opposing Gorebyss's Special Defense fell!</small><br></div><div class="battle-history"><small>The opposing Gorebyss's Attack rose sharply!</small><br></div><div class="battle-history"><small>The opposing Gorebyss's Special Attack rose sharply!</small><br></div><div class="battle-history"><small>The opposing Gorebyss's Speed rose sharply!</small><br></div><div class="battle-history"><small>The opposing Gorebyss returned its status to normal using its White Herb!</small><br></div><div class="spacer battle-history"><br></div><h2 class="battle-history">Turn 18</h2><div class="spacer battle-history"><br></div><div class="battle-history">The opposing Gorebyss used <strong>Water Pulse</strong>!<br></div><div class="battle-history"><small>It's not very effective...</small><br></div><div class="battle-history"><small>A critical hit!</small><br></div><div class="battle-history"><small>(Golduck lost <abbr title="−189/299">63.2%</abbr> of its health!)</small><br></div><div class="spacer battle-history"><br></div><div class="battle-history">Golduck used <strong>Psychic</strong>!<br></div><div class="battle-history"><small>(The opposing Gorebyss lost <abbr title="−85/251">33.9%</abbr> of its health!)</small><br></div><div class="battle-history"><small>Golduck lost some of its HP!</small><br></div><div class="spacer battle-history"><br></div><div class="battle-history">The opposing Gorebyss fainted!<br></div><div class="spacer battle-history"><br></div><div class="battle-history">spiritualblitz345 sent out <strong>Lapras</strong>!<br></div><div class="spacer battle-history"><br></div><h2 class="battle-history">Turn 19</h2><div class="spacer battle-history"><br></div><div class="battle-history">Golduck used <strong>Psychic</strong>!<br></div><div class="battle-history"><small>(The opposing Lapras lost <abbr title="−84/464">18.1%</abbr> of its health!)</small><br></div><div class="battle-history"><small>The opposing Lapras's Special Defense fell!</small><br></div><div class="battle-history"><small>Golduck lost some of its HP!</small><br></div><div class="spacer battle-history"><br></div><div class="battle-history">Golduck fainted!<br></div><div class="battle-history">The opposing Lapras used <strong>Freeze-Dry</strong>!<br></div><div class="battle-history"><small>But there was no target...</small><br></div><div class="spacer battle-history"><br></div><div class="battle-history"><small>The opposing Lapras restored a little HP using its Leftovers!</small><br></div><div class="spacer battle-history"><br></div><div class="battle-history">Go! <strong>Volbeat</strong>!<br></div><div class="spacer battle-history"><br></div><h2 class="battle-history">Turn 20</h2><div class="spacer battle-history"><br></div><div class="battle-history">Volbeat used <strong>Thunder Wave</strong>!<br></div><div class="battle-history"><small>The opposing Lapras is paralyzed! It may be unable to move!</small><br></div><div class="spacer battle-history"><br></div><div class="battle-history">The opposing Lapras used <strong>Ice Beam</strong>!<br></div><div class="battle-history"><small>(Volbeat lost <abbr title="−120/333">36.0%</abbr> of its health!)</small><br></div><div class="spacer battle-history"><br></div><div class="battle-history"><small>The opposing Lapras restored a little HP using its Leftovers!</small><br></div><div class="spacer battle-history"><br></div><h2 class="battle-history">Turn 21</h2><div class="spacer battle-history"><br></div><div class="battle-history">Volbeat used <strong>Encore</strong>!<br></div><div class="battle-history"><small>The opposing Lapras received an encore!</small><br></div><div class="spacer battle-history"><br></div><div class="battle-history">The opposing Lapras used <strong>Ice Beam</strong>!<br></div><div class="battle-history"><small>(Volbeat lost <abbr title="−112/333">33.6%</abbr> of its health!)</small><br></div><div class="spacer battle-history"><br></div><div class="battle-history"><small>The opposing Lapras restored a little HP using its Leftovers!</small><br></div><div class="spacer battle-history"><br></div><h2 class="battle-history">Turn 22</h2><div class="spacer battle-history"><br></div><div class="battle-history">Volbeat used <strong>Rain Dance</strong>!<br></div><div class="battle-history"><small>It started to rain!</small><br></div><div class="spacer battle-history"><br></div><div class="battle-history">The opposing Lapras is paralyzed! It can't move!<br></div><div class="spacer battle-history"><br></div><div class="battle-history"><small>(Rain continues to fall!)</small><br></div><div class="spacer battle-history"><br></div><h2 class="battle-history">Turn 23</h2><div class="spacer battle-history"><br></div><div class="battle-history">Volbeat used <strong>U-turn</strong>!<br></div><div class="battle-history"><small>(The opposing Lapras lost <abbr title="−79/464">17.0%</abbr> of its health!)</small><br></div><div class="spacer battle-history"><br></div><div class="battle-history">Volbeat went back to MxttP!<br></div><div class="battle-history">Go! <strong>Relicanth</strong>!<br></div><div class="spacer battle-history"><br></div><div class="battle-history">The opposing Lapras is paralyzed! It can't move!<br></div><div class="spacer battle-history"><br></div><div class="battle-history"><small>(Rain continues to fall!)</small><br></div><div class="battle-history"><small>The opposing Lapras restored a little HP using its Leftovers!</small><br></div><div class="battle-history"><small>The opposing Lapras's encore ended!</small><br></div><div class="spacer battle-history"><br></div><h2 class="battle-history">Turn 24</h2><div class="spacer battle-history"><br></div><div class="battle-history">Relicanth used <strong>Head Smash</strong>!<br></div><div class="battle-history"><small>It's super effective!</small><br></div><div class="battle-history"><small>(The opposing Lapras lost <abbr title="−414/464">89.2%</abbr> of its health!)</small><br></div><div class="battle-history"><small>Relicanth is damaged by the recoil!</small><br></div><div class="spacer battle-history"><br></div><div class="battle-history">The opposing Lapras fainted!<br></div><div class="spacer battle-history"><br></div><div class="battle-history"><small>(Rain continues to fall!)</small><br></div><div class="spacer battle-history"><br></div><div class="battle-history">spiritualblitz345 sent out <strong>Rampardos</strong>!<br></div><div class="spacer battle-history"><br></div><h2 class="battle-history">Turn 25</h2><div class="spacer battle-history"><br></div><div class="battle-history">Relicanth used <strong>Waterfall</strong>!<br></div><div class="battle-history"><small>It's super effective!</small><br></div><div class="battle-history"><small>(The opposing Rampardos lost <abbr title="−398/398">100%</abbr> of its health!)</small><br></div><div class="spacer battle-history"><br></div><div class="battle-history">The opposing Rampardos fainted!<br></div><div class="spacer battle-history"><br></div><div class="battle-history"><strong>MxttP</strong> won the battle!<br></div><div class="chat chatmessage-mxttp"><strong style="color:hsl(113,78%,37.004103767420645%)"><small>☆</small><span class="username" data-name="MxttP">MxttP</span>:</strong> <em>gg</em></div><div class="chat chatmessage-spiritualblitz345"><strong style="color:hsl(310,54%,44.43865753827021%)"><small>☆</small><span class="username" data-name="spiritualblitz345">spiritualblitz345</span>:</strong> <em>gg</em></div></div><div class="inner-preempt"></div></div></div>
</div>
<script>
let daily = Math.floor(Date.now()/1000/60/60/24);document.write('<script src="https://play.pokemonshowdown.com/js/replay-embed.js?version'+daily+'"></'+'script>');
</script>
