<!DOCTYPE html>
<meta charset="utf-8" />
<!-- version 1 -->
<title>PU replay: AgeispoIis vs. lcezasfuck</title>
<style>
html,body {font-family:Verdana, sans-serif;font-size:10pt;margin:0;padding:0;}body{padding:12px 0;} .battle-log {font-family:Verdana, sans-serif;font-size:10pt;} .battle-log-inline {border:1px solid #AAAAAA;background:#EEF2F5;color:black;max-width:640px;margin:0 auto 80px;padding-bottom:5px;} .battle-log .inner {padding:4px 8px 0px 8px;} .battle-log .inner-preempt {padding:0 8px 4px 8px;} .battle-log .inner-after {margin-top:0.5em;} .battle-log h2 {margin:0.5em -8px;padding:4px 8px;border:1px solid #AAAAAA;background:#E0E7EA;border-left:0;border-right:0;font-family:Verdana, sans-serif;font-size:13pt;} .battle-log .chat {vertical-align:middle;padding:3px 0 3px 0;font-size:8pt;} .battle-log .chat strong {color:#40576A;} .battle-log .chat em {padding:1px 4px 1px 3px;color:#000000;font-style:normal;} .chat.mine {background:rgba(0,0,0,0.05);margin-left:-8px;margin-right:-8px;padding-left:8px;padding-right:8px;} .spoiler {color:#BBBBBB;background:#BBBBBB;padding:0px 3px;} .spoiler:hover, .spoiler:active, .spoiler-shown {color:#000000;background:#E2E2E2;padding:0px 3px;} .spoiler a {color:#BBBBBB;} .spoiler:hover a, .spoiler:active a, .spoiler-shown a {color:#2288CC;} .chat code, .chat .spoiler:hover code, .chat .spoiler:active code, .chat .spoiler-shown code {border:1px solid #C0C0C0;background:#EEEEEE;color:black;padding:0 2px;} .chat .spoiler code {border:1px solid #CCCCCC;background:#CCCCCC;color:#CCCCCC;} .battle-log .rated {padding:3px 4px;} .battle-log .rated strong {color:white;background:#89A;padding:1px 4px;border-radius:4px;} .spacer {margin-top:0.5em;} .message-announce {background:#6688AA;color:white;padding:1px 4px 2px;} .message-announce a, .broadcast-green a, .broadcast-blue a, .broadcast-red a {color:#DDEEFF;} .broadcast-green {background-color:#559955;color:white;padding:2px 4px;} .broadcast-blue {background-color:#6688AA;color:white;padding:2px 4px;} .infobox {border:1px solid #6688AA;padding:2px 4px;} .infobox-limited {max-height:200px;overflow:auto;overflow-x:hidden;} .broadcast-red {background-color:#AA5544;color:white;padding:2px 4px;} .message-learn-canlearn {font-weight:bold;color:#228822;text-decoration:underline;} .message-learn-cannotlearn {font-weight:bold;color:#CC2222;text-decoration:underline;} .message-effect-weak {font-weight:bold;color:#CC2222;} .message-effect-resist {font-weight:bold;color:#6688AA;} .message-effect-immune {font-weight:bold;color:#666666;} .message-learn-list {margin-top:0;margin-bottom:0;} .message-throttle-notice, .message-error {color:#992222;} .message-overflow, .chat small.message-overflow {font-size:0pt;} .message-overflow::before {font-size:9pt;content:'...';} .subtle {color:#3A4A66;}
</style>
<div class="wrapper replay-wrapper" style="max-width:1180px;margin:0 auto">
<input type="hidden" name="replayid" value="pu-558681610" />
<div class="battle"></div><div class="battle-log"></div><div class="replay-controls"></div><div class="replay-controls-2"></div>
<h1 style="font-weight:normal;text-align:center"><strong>PU</strong><br /><a href="http://pokemonshowdown.com/users/ageispoiis" class="subtle" target="_blank">AgeispoIis</a> vs. <a href="http://pokemonshowdown.com/users/lcezasfuck" class="subtle" target="_blank">lcezasfuck</a></h1>
<script type="text/plain" class="battle-log-data">|j|AgeispoIis
|j|lcezasfuck
|player|p1|AgeispoIis|126
|player|p2|lcezasfuck|1
|gametype|singles
|gen|6
|tier|PU
|rated
|seed|11344,15474,51190,18271
|rule|Sleep Clause Mod: Limit one foe put to sleep
|rule|Species Clause: Limit one of each Pokémon
|rule|OHKO Clause: OHKO moves are banned
|rule|Moody Clause: Moody is banned
|rule|Evasion Moves Clause: Evasion moves are banned
|rule|Endless Battle Clause: Forcing endless battles is banned
|rule|HP Percentage Mod: HP is shown in percentages
|clearpoke
|poke|p1|Articuno|item
|poke|p1|Rampardos, M|item
|poke|p1|Armaldo, F|item
|poke|p1|Beheeyem, F|item
|poke|p1|Ampharos, M|item
|poke|p1|Meowstic, M|item
|poke|p2|Natu, M|item
|poke|p2|Clefairy, M|item
|poke|p2|Avalugg, M|item
|poke|p2|Politoed, M|item
|poke|p2|Marowak, F|item
|poke|p2|Raichu, F|item
|rule|Swagger Clause: Swagger is banned
|rule|Baton Pass Clause: Limit one Baton Passer, can't pass Spe and other stats simultaneously
|teampreview
|choice|team 4, team 2, team 3, team 1, team 5, team 6|team 5, team 2, team 3, team 4, team 1, team 6
|
|start
|switch|p1a: Beheeyem|Beheeyem, F|354\/354
|switch|p2a: Marowak|Marowak, F|261\/261
|turn|1
|choice|move return|move knockoff
|
|move|p2a: Marowak|Knock Off|p1a: Beheeyem
|-supereffective|p1a: Beheeyem
|-damage|p1a: Beheeyem|0 fnt
|-enditem|p1a: Beheeyem|Choice Band|[from] move: Knock Off|[of] p2a: Marowak
|faint|p1a: Beheeyem
|
|upkeep
|c|☆lcezasfuck|Trick
|c|☆lcezasfuck|!dt beheeyam
No Pokémon, item, move, ability or nature named 'beheeyam' was found. Showing the data of 'Beheeyem' instead.
|c|~|\/data-pokemon Beheeyem
|raw|<font size="1"><font color="#686868">Dex#:<\/font> 606&nbsp;|&ThickSpace;<font color="#686868">Gen:<\/font> 5&nbsp;|&ThickSpace;<font color="#686868">Height:<\/font> 1 m&nbsp;|&ThickSpace;<font color="#686868">Weight:<\/font> 34.5 kg <em>(60 BP)<\/em>&nbsp;|&ThickSpace;<font color="#686868">Dex Colour:<\/font> Brown&nbsp;|&ThickSpace;<font color="#686868">Egg Group(s):<\/font> Human-Like&nbsp;|&ThickSpace;<font color="#686868">Does Not Evolve<\/font><\/font>
|c|☆lcezasfuck|Choice spec is better
|choice|switch 4|
|
|switch|p1a: Articuno|Articuno|321\/321
|-ability|p1a: Articuno|Pressure
|turn|2
|choice|move freezedry|switch 2
|
|switch|p2a: Clefairy|Clefairy, M|344\/344
|move|p1a: Articuno|Freeze-Dry|p2a: Clefairy
|-damage|p2a: Clefairy|274\/344
|
|upkeep
|turn|3
|choice|switch 5|move knockoff
|
|switch|p1a: Ampharos|Ampharos, M|383\/383
|move|p2a: Clefairy|Knock Off|p1a: Ampharos
|-damage|p1a: Ampharos|334\/383
|-enditem|p1a: Ampharos|Choice Band|[from] move: Knock Off|[of] p2a: Clefairy
|
|upkeep
|turn|4
|choice|move brickbreak|move moonblast
|
|move|p1a: Ampharos|Brick Break|p2a: Clefairy
|-resisted|p2a: Clefairy
|-damage|p2a: Clefairy|232\/344
|move|p2a: Clefairy|Moonblast|p1a: Ampharos
|-damage|p1a: Ampharos|250\/383
|
|upkeep
|turn|5
|c|☆AgeispoIis|missclick
|choice|switch 5|move softboiled
|
|switch|p1a: Articuno|Articuno|321\/321
|-ability|p1a: Articuno|Pressure
|move|p2a: Clefairy|Soft-Boiled|p2a: Clefairy
|-heal|p2a: Clefairy|344\/344
|
|upkeep
|turn|6
|choice|move hurricane|move moonblast
|
|move|p1a: Articuno|Hurricane|p2a: Clefairy
|-damage|p2a: Clefairy|250\/344
|move|p2a: Clefairy|Moonblast|p1a: Articuno
|-damage|p1a: Articuno|258\/321
|
|-heal|p1a: Articuno|278\/321|[from] item: Leftovers
|upkeep
|turn|7
|choice|move hurricane|move knockoff
|
|move|p1a: Articuno|Hurricane|p2a: Clefairy
|-damage|p2a: Clefairy|154\/344
|move|p2a: Clefairy|Knock Off|p1a: Articuno
|-crit|p1a: Articuno
|-damage|p1a: Articuno|214\/321
|-enditem|p1a: Articuno|Leftovers|[from] move: Knock Off|[of] p2a: Clefairy
|
|upkeep
|turn|8
|choice|move hurricane|move softboiled
|
|move|p1a: Articuno|Hurricane|p2a: Clefairy
|-damage|p2a: Clefairy|57\/344
|-start|p2a: Clefairy|confusion
|-activate|p2a: Clefairy|confusion
|move|p2a: Clefairy|Soft-Boiled|p2a: Clefairy
|-heal|p2a: Clefairy|229\/344
|
|upkeep
|turn|9
|c|☆lcezasfuck|Articuno is Gay
|choice|move hurricane|move softboiled
|
|move|p1a: Articuno|Hurricane|p2a: Clefairy|[miss]
|-miss|p1a: Articuno|p2a: Clefairy
|-end|p2a: Clefairy|confusion
|move|p2a: Clefairy|Soft-Boiled|p2a: Clefairy
|-heal|p2a: Clefairy|344\/344
|
|upkeep
|turn|10
|choice|move roost|move moonblast
|
|move|p1a: Articuno|Roost|p1a: Articuno
|-heal|p1a: Articuno|321\/321
|move|p2a: Clefairy|Moonblast|p1a: Articuno
|-crit|p1a: Articuno
|-damage|p1a: Articuno|234\/321
|
|upkeep
|turn|11
|c|☆lcezasfuck|though it has no gender
|choice|move hurricane|move moonblast
|
|move|p1a: Articuno|Hurricane|p2a: Clefairy
|-damage|p2a: Clefairy|239\/344
|move|p2a: Clefairy|Moonblast|p1a: Articuno
|-damage|p1a: Articuno|168\/321
|
|upkeep
|turn|12
|c|☆AgeispoIis|:\/
|choice|move roost|move softboiled
|
|move|p1a: Articuno|Roost|p1a: Articuno
|-heal|p1a: Articuno|321\/321
|move|p2a: Clefairy|Soft-Boiled|p2a: Clefairy
|-heal|p2a: Clefairy|344\/344
|
|upkeep
|turn|13
|choice|move hurricane|move moonblast
|
|move|p1a: Articuno|Hurricane|p2a: Clefairy
|-damage|p2a: Clefairy|241\/344
|move|p2a: Clefairy|Moonblast|p1a: Articuno
|-damage|p1a: Articuno|261\/321
|-unboost|p1a: Articuno|spa|1
|
|upkeep
|turn|14
|choice|switch 6|move moonblast
|
|switch|p1a: Meowstic|Meowstic, M|352\/352
|move|p2a: Clefairy|Moonblast|p1a: Meowstic
|-damage|p1a: Meowstic|268\/352
|
|upkeep
|turn|15
|choice|move thunderwave|move knockoff
|
|move|p1a: Meowstic|Thunder Wave|p2a: Clefairy
|-status|p2a: Clefairy|par
|move|p2a: Clefairy|Knock Off|p1a: Meowstic
|-supereffective|p1a: Meowstic
|-damage|p1a: Meowstic|192\/352
|-enditem|p1a: Meowstic|Light Clay|[from] move: Knock Off|[of] p2a: Clefairy
|
|upkeep
|turn|16
|choice|switch 6|switch 2
|
|switch|p1a: Articuno|Articuno|261\/321
|-ability|p1a: Articuno|Pressure
|switch|p2a: Marowak|Marowak, F|261\/261
|
|upkeep
|turn|17
|choice|move freezedry|move stoneedge
|
|move|p1a: Articuno|Freeze-Dry|p2a: Marowak
|-supereffective|p2a: Marowak
|-damage|p2a: Marowak|33\/261
|move|p2a: Marowak|Stone Edge|p1a: Articuno
|-supereffective|p1a: Articuno
|-damage|p1a: Articuno|0 fnt
|faint|p1a: Articuno
|
|upkeep
|c|☆lcezasfuck|RIP
|choice|switch 3|
|
|switch|p1a: Armaldo|Armaldo, F|354\/354
|turn|18
|choice|move brine|move stoneedge
|
|move|p2a: Marowak|Stone Edge|p1a: Armaldo
|-supereffective|p1a: Armaldo
|-damage|p1a: Armaldo|0 fnt
|faint|p1a: Armaldo
|
|upkeep
|c|☆lcezasfuck|Rip. Again
|choice|switch 2|
|
|switch|p1a: Rampardos|Rampardos, M|398\/398
|turn|19
|c|☆AgeispoIis|I hardly ever hit stone esdge :(
|c|☆AgeispoIis|edge*
|choice|move surf|move bonemerang
|
|move|p2a: Marowak|Bonemerang|p1a: Rampardos
|-supereffective|p1a: Rampardos
|-damage|p1a: Rampardos|0 fnt
|-hitcount|p1a: Rampardos|1
|faint|p1a: Rampardos
|
|upkeep
|choice|switch 5|
|
|switch|p1a: Ampharos|Ampharos, M|250\/383
|turn|20
|c|☆AgeispoIis|gg
|c|☆lcezasfuck|GG
|choice|move return|move bonemerang
|
|move|p2a: Marowak|Bonemerang|p1a: Ampharos
|-supereffective|p1a: Ampharos
|-damage|p1a: Ampharos|0 fnt
|-hitcount|p1a: Ampharos|1
|faint|p1a: Ampharos
|
|upkeep
|choice|switch 6|
|
|switch|p1a: Meowstic|Meowstic, M|192\/352
|turn|21
|c|☆lcezasfuck|Marowak is Hard to resist its damage
|choice|move yawn|move knockoff
|
|move|p1a: Meowstic|Yawn|p2a: Marowak
|-start|p2a: Marowak|move: Yawn|[of] p1a: Meowstic
|move|p2a: Marowak|Knock Off|p1a: Meowstic
|-supereffective|p1a: Meowstic
|-damage|p1a: Meowstic|0 fnt
|faint|p1a: Meowstic
|
|win|lcezasfuck
|raw|AgeispoIis's rating: 1257 &rarr; <strong>1246<\/strong><br \/>(-11 for losing)
|raw|lcezasfuck's rating: 1462 &rarr; <strong>1471<\/strong><br \/>(+9 for winning)
|c|☆lcezasfuck|I have question
|c|☆lcezasfuck|Can u answer me?
|c|☆lcezasfuck|Why your Beheeyam hold Choice band?
|c|☆lcezasfuck|Zen headbutt sweep?
|c|☆AgeispoIis|yeah
|c|☆AgeispoIis|I was bored
|c|☆AgeispoIis|I wanted to try something new
|c|☆lcezasfuck|wow
|c|☆lcezasfuck|How about its moveset?</script>
</div>
<div class="battle-log battle-log-inline"><div class="inner"><div class="battle-options"></div><div class="inner"><div class="chat"><small>AgeispoIis joined.</small></div><div class="chat"><small>lcezasfuck joined.</small></div><div class=""><small>Format:</small> <br><strong>PU</strong></div><div class="rated"><strong>Rated battle</strong></div><div class=""><small><em>Sleep Clause Mod:</em> Limit one foe put to sleep</small></div><div class=""><small><em>Species Clause:</em> Limit one of each Pokémon</small></div><div class=""><small><em>OHKO Clause:</em> OHKO moves are banned</small></div><div class=""><small><em>Moody Clause:</em> Moody is banned</small></div><div class=""><small><em>Evasion Moves Clause:</em> Evasion moves are banned</small></div><div class=""><small><em>Endless Battle Clause:</em> Forcing endless battles is banned</small></div><div class=""><small><em>HP Percentage Mod:</em> HP is shown in percentages</small></div><div class=""><small><em>Swagger Clause:</em> Swagger is banned</small></div><div class=""><small><em>Baton Pass Clause:</em> Limit one Baton Passer, can't pass Spe and other stats simultaneously</small></div><div class="chat battle-history"><strong>AgeispoIis's team:</strong> <em style="color:#445566;display:block;">Articuno / Rampardos / Armaldo / Beheeyem / Ampharos / Meowstic</em></div><div class="chat battle-history"><strong>lcezasfuck's team:</strong> <em style="color:#445566;display:block;">Natu / Clefairy / Avalugg / Politoed / Marowak / Raichu</em></div><div class="spacer battle-history"><br></div><div class="battle-history">Battle started between AgeispoIis and lcezasfuck!<br></div><div class="spacer battle-history"><br></div><div class="battle-history">Go! <strong>Beheeyem</strong>!<br></div><div class="spacer battle-history"><br></div><div class="battle-history">lcezasfuck sent out <strong>Marowak</strong>!<br></div><div class="spacer battle-history"><br></div><h2 class="battle-history">Turn 1</h2><div class="spacer battle-history"><br></div><div class="battle-history">The opposing Marowak used <strong>Knock Off</strong>!<br></div><div class="battle-history"><small>It's super effective!</small><br></div><div class="battle-history"><small>(Beheeyem lost <abbr title="−354/354">100%</abbr> of its health!)</small><br></div><div class="battle-history"><small>The opposing Marowak knocked off Beheeyem's Choice Band!</small><br></div><div class="spacer battle-history"><br></div><div class="battle-history">Beheeyem fainted!<br></div><div class="chat chatmessage-lcezasfuck"><strong style="color:hsl(63,60%,38.09380051909%)"><small>☆</small><span class="username" data-name="lcezasfuck">lcezasfuck</span>:</strong> <em>Trick</em></div><div class="chat chatmessage-lcezasfuck"><strong style="color:hsl(63,60%,38.09380051909%)"><small>☆</small><span class="username" data-name="lcezasfuck">lcezasfuck</span>:</strong> <em>!dt beheeyam</em></div><div class="chat">No Pokémon, item, move, ability or nature named 'beheeyam' was found. Showing the data of 'Beheeyem' instead.</div><div class="chat message-error">[outdated code no longer supported]</div><div class="chat"><font size="1"><font color="#686868">Dex#:</font> 606&nbsp;|  <font color="#686868">Gen:</font> 5&nbsp;|  <font color="#686868">Height:</font> 1 m&nbsp;|  <font color="#686868">Weight:</font> 34.5 kg <em>(60 BP)</em>&nbsp;|  <font color="#686868">Dex Colour:</font> Brown&nbsp;|  <font color="#686868">Egg Group(s):</font> Human-Like&nbsp;|  <font color="#686868">Does Not Evolve</font></font></div><div class="chat chatmessage-lcezasfuck"><strong style="color:hsl(63,60%,38.09380051909%)"><small>☆</small><span class="username" data-name="lcezasfuck">lcezasfuck</span>:</strong> <em>Choice spec is better</em></div><div class="spacer battle-history"><br></div><div class="battle-history">Go! <strong>Articuno</strong>!<br></div><div class="battle-history"><small>[Articuno's Pressure]</small><br><small>Articuno is exerting its pressure!</small><br></div><div class="spacer battle-history"><br></div><h2 class="battle-history">Turn 2</h2><div class="spacer battle-history"><br></div><div class="battle-history">lcezasfuck withdrew Marowak!<br></div><div class="battle-history">lcezasfuck sent out <strong>Clefairy</strong>!<br></div><div class="spacer battle-history"><br></div><div class="battle-history">Articuno used <strong>Freeze-Dry</strong>!<br></div><div class="battle-history"><small>(The opposing Clefairy lost <abbr title="−70/344">20.3%</abbr> of its health!)</small><br></div><div class="spacer battle-history"><br></div><h2 class="battle-history">Turn 3</h2><div class="spacer battle-history"><br></div><div class="battle-history">Articuno, come back!<br></div><div class="battle-history">Go! <strong>Ampharos</strong>!<br></div><div class="spacer battle-history"><br></div><div class="battle-history">The opposing Clefairy used <strong>Knock Off</strong>!<br></div><div class="battle-history"><small>(Ampharos lost <abbr title="−49/383">12.8%</abbr> of its health!)</small><br></div><div class="battle-history"><small>The opposing Clefairy knocked off Ampharos's Choice Band!</small><br></div><div class="spacer battle-history"><br></div><h2 class="battle-history">Turn 4</h2><div class="spacer battle-history"><br></div><div class="battle-history">Ampharos used <strong>Brick Break</strong>!<br></div><div class="battle-history"><small>It's not very effective...</small><br></div><div class="battle-history"><small>(The opposing Clefairy lost <abbr title="−42/344">12.2%</abbr> of its health!)</small><br></div><div class="spacer battle-history"><br></div><div class="battle-history">The opposing Clefairy used <strong>Moonblast</strong>!<br></div><div class="battle-history"><small>(Ampharos lost <abbr title="−84/383">21.9%</abbr> of its health!)</small><br></div><div class="spacer battle-history"><br></div><h2 class="battle-history">Turn 5</h2><div class="chat chatmessage-ageispoiis"><strong style="color:hsl(333,87%,48%)"><small>☆</small><span class="username" data-name="AgeispoIis">AgeispoIis</span>:</strong> <em>missclick</em></div><div class="spacer battle-history"><br></div><div class="battle-history">Ampharos, come back!<br></div><div class="battle-history">Go! <strong>Articuno</strong>!<br></div><div class="battle-history"><small>[Articuno's Pressure]</small><br><small>Articuno is exerting its pressure!</small><br></div><div class="spacer battle-history"><br></div><div class="battle-history">The opposing Clefairy used <strong>Soft-Boiled</strong>!<br></div><div class="battle-history"><small>The opposing Clefairy restored its HP.</small><br></div><div class="spacer battle-history"><br></div><h2 class="battle-history">Turn 6</h2><div class="spacer battle-history"><br></div><div class="battle-history">Articuno used <strong>Hurricane</strong>!<br></div><div class="battle-history"><small>(The opposing Clefairy lost <abbr title="−94/344">27.3%</abbr> of its health!)</small><br></div><div class="spacer battle-history"><br></div><div class="battle-history">The opposing Clefairy used <strong>Moonblast</strong>!<br></div><div class="battle-history"><small>(Articuno lost <abbr title="−63/321">19.6%</abbr> of its health!)</small><br></div><div class="spacer battle-history"><br></div><div class="battle-history"><small>Articuno restored a little HP using its Leftovers!</small><br></div><div class="spacer battle-history"><br></div><h2 class="battle-history">Turn 7</h2><div class="spacer battle-history"><br></div><div class="battle-history">Articuno used <strong>Hurricane</strong>!<br></div><div class="battle-history"><small>(The opposing Clefairy lost <abbr title="−96/344">27.9%</abbr> of its health!)</small><br></div><div class="spacer battle-history"><br></div><div class="battle-history">The opposing Clefairy used <strong>Knock Off</strong>!<br></div><div class="battle-history"><small>A critical hit!</small><br></div><div class="battle-history"><small>(Articuno lost <abbr title="−64/321">19.9%</abbr> of its health!)</small><br></div><div class="battle-history"><small>The opposing Clefairy knocked off Articuno's Leftovers!</small><br></div><div class="spacer battle-history"><br></div><h2 class="battle-history">Turn 8</h2><div class="spacer battle-history"><br></div><div class="battle-history">Articuno used <strong>Hurricane</strong>!<br></div><div class="battle-history"><small>(The opposing Clefairy lost <abbr title="−97/344">28.2%</abbr> of its health!)</small><br></div><div class="battle-history"><small>The opposing Clefairy became confused!</small><br></div><div class="spacer battle-history"><br></div><div class="battle-history"><small>The opposing Clefairy is confused!</small><br></div><div class="battle-history">The opposing Clefairy used <strong>Soft-Boiled</strong>!<br></div><div class="battle-history"><small>The opposing Clefairy restored its HP.</small><br></div><div class="spacer battle-history"><br></div><h2 class="battle-history">Turn 9</h2><div class="chat chatmessage-lcezasfuck"><strong style="color:hsl(63,60%,38.09380051909%)"><small>☆</small><span class="username" data-name="lcezasfuck">lcezasfuck</span>:</strong> <em>Articuno is Gay</em></div><div class="spacer battle-history"><br></div><div class="battle-history">Articuno used <strong>Hurricane</strong>!<br></div><div class="battle-history"><small>The opposing Clefairy avoided the attack!</small><br></div><div class="battle-history"><small>The opposing Clefairy snapped out of its confusion!</small><br></div><div class="spacer battle-history"><br></div><div class="battle-history">The opposing Clefairy used <strong>Soft-Boiled</strong>!<br></div><div class="battle-history"><small>The opposing Clefairy restored its HP.</small><br></div><div class="spacer battle-history"><br></div><h2 class="battle-history">Turn 10</h2><div class="spacer battle-history"><br></div><div class="battle-history">Articuno used <strong>Roost</strong>!<br></div><div class="battle-history"><small>Articuno restored its HP.</small><br></div><div class="spacer battle-history"><br></div><div class="battle-history">The opposing Clefairy used <strong>Moonblast</strong>!<br></div><div class="battle-history"><small>A critical hit!</small><br></div><div class="battle-history"><small>(Articuno lost <abbr title="−87/321">27.1%</abbr> of its health!)</small><br></div><div class="spacer battle-history"><br></div><h2 class="battle-history">Turn 11</h2><div class="chat chatmessage-lcezasfuck"><strong style="color:hsl(63,60%,38.09380051909%)"><small>☆</small><span class="username" data-name="lcezasfuck">lcezasfuck</span>:</strong> <em>though it has no gender</em></div><div class="spacer battle-history"><br></div><div class="battle-history">Articuno used <strong>Hurricane</strong>!<br></div><div class="battle-history"><small>(The opposing Clefairy lost <abbr title="−105/344">30.5%</abbr> of its health!)</small><br></div><div class="spacer battle-history"><br></div><div class="battle-history">The opposing Clefairy used <strong>Moonblast</strong>!<br></div><div class="battle-history"><small>(Articuno lost <abbr title="−66/321">20.6%</abbr> of its health!)</small><br></div><div class="spacer battle-history"><br></div><h2 class="battle-history">Turn 12</h2><div class="chat chatmessage-ageispoiis"><strong style="color:hsl(333,87%,48%)"><small>☆</small><span class="username" data-name="AgeispoIis">AgeispoIis</span>:</strong> <em>:/</em></div><div class="spacer battle-history"><br></div><div class="battle-history">Articuno used <strong>Roost</strong>!<br></div><div class="battle-history"><small>Articuno restored its HP.</small><br></div><div class="spacer battle-history"><br></div><div class="battle-history">The opposing Clefairy used <strong>Soft-Boiled</strong>!<br></div><div class="battle-history"><small>The opposing Clefairy restored its HP.</small><br></div><div class="spacer battle-history"><br></div><h2 class="battle-history">Turn 13</h2><div class="spacer battle-history"><br></div><div class="battle-history">Articuno used <strong>Hurricane</strong>!<br></div><div class="battle-history"><small>(The opposing Clefairy lost <abbr title="−103/344">29.9%</abbr> of its health!)</small><br></div><div class="spacer battle-history"><br></div><div class="battle-history">The opposing Clefairy used <strong>Moonblast</strong>!<br></div><div class="battle-history"><small>(Articuno lost <abbr title="−60/321">18.7%</abbr> of its health!)</small><br></div><div class="battle-history"><small>Articuno's Special Attack fell!</small><br></div><div class="spacer battle-history"><br></div><h2 class="battle-history">Turn 14</h2><div class="spacer battle-history"><br></div><div class="battle-history">Articuno, come back!<br></div><div class="battle-history">Go! <strong>Meowstic</strong>!<br></div><div class="spacer battle-history"><br></div><div class="battle-history">The opposing Clefairy used <strong>Moonblast</strong>!<br></div><div class="battle-history"><small>(Meowstic lost <abbr title="−84/352">23.9%</abbr> of its health!)</small><br></div><div class="spacer battle-history"><br></div><h2 class="battle-history">Turn 15</h2><div class="spacer battle-history"><br></div><div class="battle-history">Meowstic used <strong>Thunder Wave</strong>!<br></div><div class="battle-history"><small>The opposing Clefairy is paralyzed! It may be unable to move!</small><br></div><div class="spacer battle-history"><br></div><div class="battle-history">The opposing Clefairy used <strong>Knock Off</strong>!<br></div><div class="battle-history"><small>It's super effective!</small><br></div><div class="battle-history"><small>(Meowstic lost <abbr title="−76/352">21.6%</abbr> of its health!)</small><br></div><div class="battle-history"><small>The opposing Clefairy knocked off Meowstic's Light Clay!</small><br></div><div class="spacer battle-history"><br></div><h2 class="battle-history">Turn 16</h2><div class="spacer battle-history"><br></div><div class="battle-history">Meowstic, come back!<br></div><div class="battle-history">Go! <strong>Articuno</strong>!<br></div><div class="battle-history"><small>[Articuno's Pressure]</small><br><small>Articuno is exerting its pressure!</small><br></div><div class="spacer battle-history"><br></div><div class="battle-history">lcezasfuck withdrew Clefairy!<br></div><div class="battle-history">lcezasfuck sent out <strong>Marowak</strong>!<br></div><div class="spacer battle-history"><br></div><h2 class="battle-history">Turn 17</h2><div class="spacer battle-history"><br></div><div class="battle-history">Articuno used <strong>Freeze-Dry</strong>!<br></div><div class="battle-history"><small>It's super effective!</small><br></div><div class="battle-history"><small>(The opposing Marowak lost <abbr title="−228/261">87.4%</abbr> of its health!)</small><br></div><div class="spacer battle-history"><br></div><div class="battle-history">The opposing Marowak used <strong>Stone Edge</strong>!<br></div><div class="battle-history"><small>It's super effective!</small><br></div><div class="battle-history"><small>(Articuno lost <abbr title="−261/321">81.3%</abbr> of its health!)</small><br></div><div class="spacer battle-history"><br></div><div class="battle-history">Articuno fainted!<br></div><div class="chat chatmessage-lcezasfuck"><strong style="color:hsl(63,60%,38.09380051909%)"><small>☆</small><span class="username" data-name="lcezasfuck">lcezasfuck</span>:</strong> <em>RIP</em></div><div class="spacer battle-history"><br></div><div class="battle-history">Go! <strong>Armaldo</strong>!<br></div><div class="spacer battle-history"><br></div><h2 class="battle-history">Turn 18</h2><div class="spacer battle-history"><br></div><div class="battle-history">The opposing Marowak used <strong>Stone Edge</strong>!<br></div><div class="battle-history"><small>It's super effective!</small><br></div><div class="battle-history"><small>(Armaldo lost <abbr title="−354/354">100%</abbr> of its health!)</small><br></div><div class="spacer battle-history"><br></div><div class="battle-history">Armaldo fainted!<br></div><div class="chat chatmessage-lcezasfuck"><strong style="color:hsl(63,60%,38.09380051909%)"><small>☆</small><span class="username" data-name="lcezasfuck">lcezasfuck</span>:</strong> <em>Rip. Again</em></div><div class="spacer battle-history"><br></div><div class="battle-history">Go! <strong>Rampardos</strong>!<br></div><div class="spacer battle-history"><br></div><h2 class="battle-history">Turn 19</h2><div class="chat chatmessage-ageispoiis"><strong style="color:hsl(333,87%,48%)"><small>☆</small><span class="username" data-name="AgeispoIis">AgeispoIis</span>:</strong> <em>I hardly ever hit stone esdge :(</em></div><div class="chat chatmessage-ageispoiis"><strong style="color:hsl(333,87%,48%)"><small>☆</small><span class="username" data-name="AgeispoIis">AgeispoIis</span>:</strong> <em>edge*</em></div><div class="spacer battle-history"><br></div><div class="battle-history">The opposing Marowak used <strong>Bonemerang</strong>!<br></div><div class="battle-history"><small>It's super effective!</small><br></div><div class="battle-history"><small>(Rampardos lost <abbr title="−398/398">100%</abbr> of its health!)</small><br></div><div class="battle-history"><small>Hit 1 time!</small><br></div><div class="spacer battle-history"><br></div><div class="battle-history">Rampardos fainted!<br></div><div class="spacer battle-history"><br></div><div class="battle-history">Go! <strong>Ampharos</strong>!<br></div><div class="spacer battle-history"><br></div><h2 class="battle-history">Turn 20</h2><div class="chat chatmessage-ageispoiis"><strong style="color:hsl(333,87%,48%)"><small>☆</small><span class="username" data-name="AgeispoIis">AgeispoIis</span>:</strong> <em>gg</em></div><div class="chat chatmessage-lcezasfuck"><strong style="color:hsl(63,60%,38.09380051909%)"><small>☆</small><span class="username" data-name="lcezasfuck">lcezasfuck</span>:</strong> <em>GG</em></div><div class="spacer battle-history"><br></div><div class="battle-history">The opposing Marowak used <strong>Bonemerang</strong>!<br></div><div class="battle-history"><small>It's super effective!</small><br></div><div class="battle-history"><small>(Ampharos lost <abbr title="−250/383">65.3%</abbr> of its health!)</small><br></div><div class="battle-history"><small>Hit 1 time!</small><br></div><div class="spacer battle-history"><br></div><div class="battle-history">Ampharos fainted!<br></div><div class="spacer battle-history"><br></div><div class="battle-history">Go! <strong>Meowstic</strong>!<br></div><div class="spacer battle-history"><br></div><h2 class="battle-history">Turn 21</h2><div class="chat chatmessage-lcezasfuck"><strong style="color:hsl(63,60%,38.09380051909%)"><small>☆</small><span class="username" data-name="lcezasfuck">lcezasfuck</span>:</strong> <em>Marowak is Hard to resist its damage</em></div><div class="spacer battle-history"><br></div><div class="battle-history">Meowstic used <strong>Yawn</strong>!<br></div><div class="battle-history"><small>The opposing Marowak grew drowsy!</small><br></div><div class="spacer battle-history"><br></div><div class="battle-history">The opposing Marowak used <strong>Knock Off</strong>!<br></div><div class="battle-history"><small>It's super effective!</small><br></div><div class="battle-history"><small>(Meowstic lost <abbr title="−192/352">54.5%</abbr> of its health!)</small><br></div><div class="spacer battle-history"><br></div><div class="battle-history">Meowstic fainted!<br></div><div class="spacer battle-history"><br></div><div class="battle-history"><strong>lcezasfuck</strong> won the battle!<br></div><div class="chat">AgeispoIis's rating: 1257 → <strong>1246</strong><br>(-11 for losing)</div><div class="chat">lcezasfuck's rating: 1462 → <strong>1471</strong><br>(+9 for winning)</div><div class="chat chatmessage-lcezasfuck"><strong style="color:hsl(63,60%,38.09380051909%)"><small>☆</small><span class="username" data-name="lcezasfuck">lcezasfuck</span>:</strong> <em>I have question</em></div><div class="chat chatmessage-lcezasfuck"><strong style="color:hsl(63,60%,38.09380051909%)"><small>☆</small><span class="username" data-name="lcezasfuck">lcezasfuck</span>:</strong> <em>Can u answer me?</em></div><div class="chat chatmessage-lcezasfuck"><strong style="color:hsl(63,60%,38.09380051909%)"><small>☆</small><span class="username" data-name="lcezasfuck">lcezasfuck</span>:</strong> <em>Why your Beheeyam hold Choice band?</em></div><div class="chat chatmessage-lcezasfuck"><strong style="color:hsl(63,60%,38.09380051909%)"><small>☆</small><span class="username" data-name="lcezasfuck">lcezasfuck</span>:</strong> <em>Zen headbutt sweep?</em></div><div class="chat chatmessage-ageispoiis"><strong style="color:hsl(333,87%,48%)"><small>☆</small><span class="username" data-name="AgeispoIis">AgeispoIis</span>:</strong> <em>yeah</em></div><div class="chat chatmessage-ageispoiis"><strong style="color:hsl(333,87%,48%)"><small>☆</small><span class="username" data-name="AgeispoIis">AgeispoIis</span>:</strong> <em>I was bored</em></div><div class="chat chatmessage-ageispoiis"><strong style="color:hsl(333,87%,48%)"><small>☆</small><span class="username" data-name="AgeispoIis">AgeispoIis</span>:</strong> <em>I wanted to try something new</em></div><div class="chat chatmessage-lcezasfuck"><strong style="color:hsl(63,60%,38.09380051909%)"><small>☆</small><span class="username" data-name="lcezasfuck">lcezasfuck</span>:</strong> <em>wow</em></div><div class="chat chatmessage-lcezasfuck"><strong style="color:hsl(63,60%,38.09380051909%)"><small>☆</small><span class="username" data-name="lcezasfuck">lcezasfuck</span>:</strong> <em>How about its moveset?</em></div></div><div class="inner-preempt"></div></div></div>
</div>
<script>
let daily = Math.floor(Date.now()/1000/60/60/24);document.write('<script src="https://play.pokemonshowdown.com/js/replay-embed.js?version'+daily+'"></'+'script>');
</script>
