<!DOCTYPE html>
<meta charset="utf-8" />
<!-- version 1 -->
<title>PU replay: Dbasso padre vs. Herrbrain</title>
<style>
html,body {font-family:Verdana, sans-serif;font-size:10pt;margin:0;padding:0;}body{padding:12px 0;} .battle-log {font-family:Verdana, sans-serif;font-size:10pt;} .battle-log-inline {border:1px solid #AAAAAA;background:#EEF2F5;color:black;max-width:640px;margin:0 auto 80px;padding-bottom:5px;} .battle-log .inner {padding:4px 8px 0px 8px;} .battle-log .inner-preempt {padding:0 8px 4px 8px;} .battle-log .inner-after {margin-top:0.5em;} .battle-log h2 {margin:0.5em -8px;padding:4px 8px;border:1px solid #AAAAAA;background:#E0E7EA;border-left:0;border-right:0;font-family:Verdana, sans-serif;font-size:13pt;} .battle-log .chat {vertical-align:middle;padding:3px 0 3px 0;font-size:8pt;} .battle-log .chat strong {color:#40576A;} .battle-log .chat em {padding:1px 4px 1px 3px;color:#000000;font-style:normal;} .chat.mine {background:rgba(0,0,0,0.05);margin-left:-8px;margin-right:-8px;padding-left:8px;padding-right:8px;} .spoiler {color:#BBBBBB;background:#BBBBBB;padding:0px 3px;} .spoiler:hover, .spoiler:active, .spoiler-shown {color:#000000;background:#E2E2E2;padding:0px 3px;} .spoiler a {color:#BBBBBB;} .spoiler:hover a, .spoiler:active a, .spoiler-shown a {color:#2288CC;} .chat code, .chat .spoiler:hover code, .chat .spoiler:active code, .chat .spoiler-shown code {border:1px solid #C0C0C0;background:#EEEEEE;color:black;padding:0 2px;} .chat .spoiler code {border:1px solid #CCCCCC;background:#CCCCCC;color:#CCCCCC;} .battle-log .rated {padding:3px 4px;} .battle-log .rated strong {color:white;background:#89A;padding:1px 4px;border-radius:4px;} .spacer {margin-top:0.5em;} .message-announce {background:#6688AA;color:white;padding:1px 4px 2px;} .message-announce a, .broadcast-green a, .broadcast-blue a, .broadcast-red a {color:#DDEEFF;} .broadcast-green {background-color:#559955;color:white;padding:2px 4px;} .broadcast-blue {background-color:#6688AA;color:white;padding:2px 4px;} .infobox {border:1px solid #6688AA;padding:2px 4px;} .infobox-limited {max-height:200px;overflow:auto;overflow-x:hidden;} .broadcast-red {background-color:#AA5544;color:white;padding:2px 4px;} .message-learn-canlearn {font-weight:bold;color:#228822;text-decoration:underline;} .message-learn-cannotlearn {font-weight:bold;color:#CC2222;text-decoration:underline;} .message-effect-weak {font-weight:bold;color:#CC2222;} .message-effect-resist {font-weight:bold;color:#6688AA;} .message-effect-immune {font-weight:bold;color:#666666;} .message-learn-list {margin-top:0;margin-bottom:0;} .message-throttle-notice, .message-error {color:#992222;} .message-overflow, .chat small.message-overflow {font-size:0pt;} .message-overflow::before {font-size:9pt;content:'...';} .subtle {color:#3A4A66;}
</style>
<div class="wrapper replay-wrapper" style="max-width:1180px;margin:0 auto">
<input type="hidden" name="replayid" value="pu-567477894" />
<div class="battle"></div><div class="battle-log"></div><div class="replay-controls"></div><div class="replay-controls-2"></div>
<h1 style="font-weight:normal;text-align:center"><strong>PU</strong><br /><a href="http://pokemonshowdown.com/users/dbassopadre" class="subtle" target="_blank">Dbasso padre</a> vs. <a href="http://pokemonshowdown.com/users/herrbrain" class="subtle" target="_blank">Herrbrain</a></h1>
<script type="text/plain" class="battle-log-data">|j|Dbasso padre
|j|Herrbrain
|player|p1|Dbasso padre|167
|player|p2|Herrbrain|265
|gametype|singles
|gen|6
|tier|PU
|rated
|seed|6720,27517,11177,42912
|rule|Sleep Clause Mod: Limit one foe put to sleep
|rule|Species Clause: Limit one of each Pokémon
|rule|OHKO Clause: OHKO moves are banned
|rule|Moody Clause: Moody is banned
|rule|Evasion Moves Clause: Evasion moves are banned
|rule|Endless Battle Clause: Forcing endless battles is banned
|rule|HP Percentage Mod: HP is shown in percentages
|clearpoke
|poke|p1|Ninjask, M|item
|poke|p1|Ampharos, F|item
|poke|p1|Lumineon, M|item
|poke|p1|Monferno, M|item
|poke|p1|Golem, M|item
|poke|p1|Bouffalant, M|item
|poke|p2|Magcargo, M|item
|poke|p2|Leavanny, F|item
|poke|p2|Dedenne, M|item
|poke|p2|Lapras, F|item
|poke|p2|Swoobat, M|item
|poke|p2|Drifblim, M|item
|rule|Swagger Clause: Swagger is banned
|rule|Baton Pass Clause: Limit one Baton Passer, can't pass Spe and other stats simultaneously
|teampreview
|choice|team 1, team 2, team 3, team 4, team 5, team 6|team 2, team 1, team 3, team 4, team 5, team 6
|
|start
|switch|p1a: Ninjask|Ninjask, M|263\/263
|switch|p2a: Leavanny|Leavanny, F|291\/291
|turn|1
|inactive|Battle timer is ON: inactive players will automatically lose when time's up. (requested by Herrbrain)
|j|SonoUnItaliano
|choice|move uturn|move stickyweb
|
|move|p1a: Ninjask|U-turn|p2a: Leavanny
|-supereffective|p2a: Leavanny
|-enditem|p2a: Leavanny|Focus Sash
|-damage|p2a: Leavanny|1\/291
|choice|switch 6|
|
|switch|p1a: Bouffalant|Bouffalant, M|393\/393
|move|p2a: Leavanny|Sticky Web|p1a: Bouffalant
|-sidestart|p1: Dbasso padre|move: Sticky Web
|
|upkeep
|turn|2
|choice|move return|move knockoff
|
|move|p2a: Leavanny|Knock Off|p1a: Bouffalant
|-damage|p1a: Bouffalant|281\/393
|-enditem|p1a: Bouffalant|Leftovers|[from] move: Knock Off|[of] p2a: Leavanny
|move|p1a: Bouffalant|Return|p2a: Leavanny
|-damage|p2a: Leavanny|0 fnt
|faint|p2a: Leavanny
|
|upkeep
|choice||switch 4
|
|switch|p2a: Lapras|Lapras, F|464\/464
|turn|3
|choice|switch 3|move avalanche
|
|switch|p1a: Lumineon|Lumineon, M|342\/342
|-activate|p1a: Lumineon|move: Sticky Web
|-unboost|p1a: Lumineon|spe|1
|move|p2a: Lapras|Avalanche|p1a: Lumineon
|-resisted|p1a: Lumineon
|-damage|p1a: Lumineon|315\/342
|
|-heal|p1a: Lumineon|336\/342|[from] item: Leftovers
|upkeep
|turn|4
|choice|move defog|switch 3
|
|switch|p2a: Dedenne|Dedenne, M|338\/338
|move|p1a: Lumineon|Defog|p2a: Dedenne
|-unboost|p2a: Dedenne|evasion|1
|-sideend|p1: Dbasso padre|Sticky Web|[from] move: Defog|[of] p1a: Lumineon
|
|-heal|p1a: Lumineon|342\/342|[from] item: Leftovers
|upkeep
|turn|5
|choice|switch 5|switch 3
|
|switch|p2a: Lapras|Lapras, F|464\/464
|switch|p1a: Golem|Golem, M|364\/364
|
|upkeep
|turn|6
|choice|switch 5|move waterfall
|
|switch|p1a: Lumineon|Lumineon, M|342\/342
|move|p2a: Lapras|Waterfall|p1a: Lumineon
|-ability|p1a: Lumineon|Storm Drain|boost
|-boost|p1a: Lumineon|spa|1
|
|upkeep
|turn|7
|choice|move toxic|switch 3
|
|switch|p2a: Dedenne|Dedenne, M|338\/338
|move|p1a: Lumineon|Toxic|p2a: Dedenne
|-status|p2a: Dedenne|tox
|
|-damage|p2a: Dedenne|317\/338 tox|[from] psn
|upkeep
|turn|8
|choice|switch 5|switch 6
|
|switch|p2a: Drifblim|Drifblim, M|504\/504
|switch|p1a: Golem|Golem, M|364\/364
|
|upkeep
|turn|9
|choice|move stealthrock|move willowisp
|
|move|p2a: Drifblim|Will-O-Wisp|p1a: Golem
|-status|p1a: Golem|brn
|move|p1a: Golem|Stealth Rock|p2a: Drifblim
|-sidestart|p2: Herrbrain|move: Stealth Rock
|
|-damage|p1a: Golem|319\/364 brn|[from] brn
|upkeep
|turn|10
|choice|switch 2|move substitute
|
|switch|p1a: Ampharos|Ampharos, F|383\/383
|move|p2a: Drifblim|Substitute|p2a: Drifblim
|-start|p2a: Drifblim|Substitute
|-damage|p2a: Drifblim|378\/504
|
|upkeep
|turn|11
|choice|move hiddenpower|move defog
|
|move|p2a: Drifblim|Defog|p1a: Ampharos
|-unboost|p1a: Ampharos|evasion|1
|-sideend|p2: Herrbrain|Stealth Rock|[from] move: Defog|[of] p2a: Drifblim
|move|p1a: Ampharos|Hidden Power|p2a: Drifblim
|-supereffective|p2a: Drifblim
|-crit|p2a: Drifblim
|-end|p2a: Drifblim|Substitute
|
|upkeep
|turn|12
|choice|move voltswitch|switch 3
|
|switch|p2a: Lapras|Lapras, F|464\/464
|move|p1a: Ampharos|Volt Switch|p2a: Lapras
|-supereffective|p2a: Lapras
|-damage|p2a: Lapras|218\/464
|-enditem|p2a: Lapras|Weakness Policy
|-boost|p2a: Lapras|atk|2
|-boost|p2a: Lapras|spa|2
|choice|switch 4|
|
|switch|p1a: Monferno|Monferno, M|269\/269
|
|upkeep
|turn|13
|choice|move machpunch|move drillrun
|
|move|p1a: Monferno|Mach Punch|p2a: Lapras
|-supereffective|p2a: Lapras
|-damage|p2a: Lapras|54\/464
|move|p2a: Lapras|Drill Run|p1a: Monferno
|-supereffective|p1a: Monferno
|-damage|p1a: Monferno|13\/269
|
|upkeep
|turn|14
|choice|move machpunch|move iceshard
|
|move|p1a: Monferno|Mach Punch|p2a: Lapras
|-supereffective|p2a: Lapras
|-damage|p2a: Lapras|0 fnt
|faint|p2a: Lapras
|
|upkeep
|choice||switch 3
|
|switch|p2a: Drifblim|Drifblim, M|378\/504
|turn|15
|choice|move thunderpunch|move substitute
|
|move|p2a: Drifblim|Substitute|p2a: Drifblim
|-start|p2a: Drifblim|Substitute
|-damage|p2a: Drifblim|252\/504
|-enditem|p2a: Drifblim|Sitrus Berry|[eat]
|-heal|p2a: Drifblim|378\/504|[from] item: Sitrus Berry
|move|p1a: Monferno|Thunder Punch|p2a: Drifblim
|-supereffective|p2a: Drifblim
|-end|p2a: Drifblim|Substitute
|
|upkeep
|turn|16
|choice|move thunderpunch|move acrobatics
|
|move|p2a: Drifblim|Acrobatics|p1a: Monferno
|-supereffective|p1a: Monferno
|-damage|p1a: Monferno|0 fnt
|faint|p1a: Monferno
|
|upkeep
|choice|switch 4|
|
|switch|p1a: Ampharos|Ampharos, F|383\/383
|turn|17
|choice|move voltswitch|move willowisp
|
|move|p2a: Drifblim|Will-O-Wisp|p1a: Ampharos
|-status|p1a: Ampharos|brn
|move|p1a: Ampharos|Volt Switch|p2a: Drifblim
|-supereffective|p2a: Drifblim
|-damage|p2a: Drifblim|0 fnt
|faint|p2a: Drifblim
|choice|switch 2|
|
|switch|p1a: Golem|Golem, M|319\/364 brn
|
|-heal|p1a: Golem|341\/364 brn|[from] item: Leftovers
|-damage|p1a: Golem|296\/364 brn|[from] brn
|upkeep
|choice||switch 2
|
|switch|p2a: Magcargo|Magcargo, M|241\/241
|turn|18
|choice|move stealthrock|move shellsmash
|
|move|p2a: Magcargo|Shell Smash|p2a: Magcargo
|-unboost|p2a: Magcargo|def|1
|-unboost|p2a: Magcargo|spd|1
|-boost|p2a: Magcargo|atk|2
|-boost|p2a: Magcargo|spa|2
|-boost|p2a: Magcargo|spe|2
|move|p1a: Golem|Stealth Rock|p2a: Magcargo
|-sidestart|p2: Herrbrain|move: Stealth Rock
|
|-heal|p1a: Golem|318\/364 brn|[from] item: Leftovers
|-damage|p1a: Golem|273\/364 brn|[from] brn
|upkeep
|turn|19
|choice|move earthquake|move hiddenpower
|
|move|p2a: Magcargo|Hidden Power|p1a: Golem
|-supereffective|p1a: Golem
|-damage|p1a: Golem|0 fnt
|faint|p1a: Golem
|
|upkeep
|choice|switch 5|
|
|switch|p1a: Lumineon|Lumineon, M|342\/342
|turn|20
|choice|move scald|move shellsmash
|
|move|p2a: Magcargo|Shell Smash|p2a: Magcargo
|-unboost|p2a: Magcargo|def|1
|-unboost|p2a: Magcargo|spd|1
|-boost|p2a: Magcargo|atk|2
|-boost|p2a: Magcargo|spa|2
|-boost|p2a: Magcargo|spe|2
|move|p1a: Lumineon|Scald|p2a: Magcargo
|-supereffective|p2a: Magcargo
|-enditem|p2a: Magcargo|Focus Sash
|-damage|p2a: Magcargo|1\/241
|
|upkeep
|turn|21
|choice|move scald|move hiddenpower
|
|move|p2a: Magcargo|Hidden Power|p1a: Lumineon
|-supereffective|p1a: Lumineon
|-damage|p1a: Lumineon|0 fnt
|faint|p1a: Lumineon
|
|upkeep
|choice|switch 6|
|
|switch|p1a: Ninjask|Ninjask, M|263\/263
|turn|22
|choice|move uturn|move ancientpower
|
|move|p2a: Magcargo|Ancient Power|p1a: Ninjask
|-supereffective|p1a: Ninjask
|-damage|p1a: Ninjask|0 fnt
|-boost|p2a: Magcargo|atk|1
|-boost|p2a: Magcargo|def|1
|-boost|p2a: Magcargo|spa|1
|-boost|p2a: Magcargo|spd|1
|-boost|p2a: Magcargo|spe|1
|faint|p1a: Ninjask
|
|upkeep
|choice|switch 2|
|
|switch|p1a: Ampharos|Ampharos, F|383\/383 brn
|turn|23
|choice|move voltswitch|move flamethrower
|
|move|p2a: Magcargo|Flamethrower|p1a: Ampharos
|-damage|p1a: Ampharos|0 fnt
|faint|p1a: Ampharos
|
|upkeep
|choice|switch 3|
|
|switch|p1a: Bouffalant|Bouffalant, M|281\/393
|turn|24
|choice|move earthquake|move flamethrower
|
|move|p2a: Magcargo|Flamethrower|p1a: Bouffalant
|-damage|p1a: Bouffalant|0 fnt
|faint|p1a: Bouffalant
|
|win|Herrbrain
|raw|Dbasso padre's rating: 1160 &rarr; <strong>1139<\/strong><br \/>(-21 for losing)
|raw|Herrbrain's rating: 1213 &rarr; <strong>1234<\/strong><br \/>(+21 for winning)
|c|☆Herrbrain|Gg
|c|☆Dbasso padre|gg
|l|Dbasso padre</script>
</div>
<div class="battle-log battle-log-inline"><div class="inner"><div class="battle-options"></div><div class="inner"><div class="chat"><small>Dbasso padre joined.</small></div><div class="chat"><small>Herrbrain joined.</small></div><div class=""><small>Format:</small> <br><strong>PU</strong></div><div class="rated"><strong>Rated battle</strong></div><div class=""><small><em>Sleep Clause Mod:</em> Limit one foe put to sleep</small></div><div class=""><small><em>Species Clause:</em> Limit one of each Pokémon</small></div><div class=""><small><em>OHKO Clause:</em> OHKO moves are banned</small></div><div class=""><small><em>Moody Clause:</em> Moody is banned</small></div><div class=""><small><em>Evasion Moves Clause:</em> Evasion moves are banned</small></div><div class=""><small><em>Endless Battle Clause:</em> Forcing endless battles is banned</small></div><div class=""><small><em>HP Percentage Mod:</em> HP is shown in percentages</small></div><div class=""><small><em>Swagger Clause:</em> Swagger is banned</small></div><div class=""><small><em>Baton Pass Clause:</em> Limit one Baton Passer, can't pass Spe and other stats simultaneously</small></div><div class="chat battle-history"><strong>Dbasso padre's team:</strong> <em style="color:#445566;display:block;">Ninjask / Ampharos / Lumineon / Monferno / Golem / Bouffalant</em></div><div class="chat battle-history"><strong>Herrbrain's team:</strong> <em style="color:#445566;display:block;">Magcargo / Leavanny / Dedenne / Lapras / Swoobat / Drifblim</em></div><div class="spacer battle-history"><br></div><div class="battle-history">Battle started between Dbasso padre and Herrbrain!<br></div><div class="spacer battle-history"><br></div><div class="battle-history">Go! <strong>Ninjask</strong>!<br></div><div class="spacer battle-history"><br></div><div class="battle-history">Herrbrain sent out <strong>Leavanny</strong>!<br></div><div class="spacer battle-history"><br></div><h2 class="battle-history">Turn 1</h2><div class="chat message-error">Battle timer is ON: inactive players will automatically lose when time's up. (requested by Herrbrain)</div><div class="chat"><small>SonoUnItaliano joined.</small></div><div class="spacer battle-history"><br></div><div class="battle-history">Ninjask used <strong>U-turn</strong>!<br></div><div class="battle-history"><small>It's super effective!</small><br></div><div class="battle-history"><small>The opposing Leavanny hung on using its Focus Sash!</small><br></div><div class="battle-history"><small>(The opposing Leavanny lost <abbr title="−290/291">99.7%</abbr> of its health!)</small><br></div><div class="spacer battle-history"><br></div><div class="battle-history">Ninjask went back to Dbasso padre!<br></div><div class="battle-history">Go! <strong>Bouffalant</strong>!<br></div><div class="spacer battle-history"><br></div><div class="battle-history">The opposing Leavanny used <strong>Sticky Web</strong>!<br></div><div class="battle-history"><small>A sticky web spreads out on the ground around your team!</small><br></div><div class="spacer battle-history"><br></div><h2 class="battle-history">Turn 2</h2><div class="spacer battle-history"><br></div><div class="battle-history">The opposing Leavanny used <strong>Knock Off</strong>!<br></div><div class="battle-history"><small>(Bouffalant lost <abbr title="−112/393">28.5%</abbr> of its health!)</small><br></div><div class="battle-history"><small>The opposing Leavanny knocked off Bouffalant's Leftovers!</small><br></div><div class="spacer battle-history"><br></div><div class="battle-history">Bouffalant used <strong>Return</strong>!<br></div><div class="battle-history"><small>(The opposing Leavanny lost <abbr title="−1/291">0.3%</abbr> of its health!)</small><br></div><div class="spacer battle-history"><br></div><div class="battle-history">The opposing Leavanny fainted!<br></div><div class="spacer battle-history"><br></div><div class="battle-history">Herrbrain sent out <strong>Lapras</strong>!<br></div><div class="spacer battle-history"><br></div><h2 class="battle-history">Turn 3</h2><div class="spacer battle-history"><br></div><div class="battle-history">Bouffalant, come back!<br></div><div class="battle-history">Go! <strong>Lumineon</strong>!<br></div><div class="battle-history"><small>Lumineon was caught in a sticky web!</small><br></div><div class="battle-history"><small>Lumineon's Speed fell!</small><br></div><div class="spacer battle-history"><br></div><div class="battle-history">The opposing Lapras used <strong>Avalanche</strong>!<br></div><div class="battle-history"><small>It's not very effective...</small><br></div><div class="battle-history"><small>(Lumineon lost <abbr title="−27/342">7.9%</abbr> of its health!)</small><br></div><div class="spacer battle-history"><br></div><div class="battle-history"><small>Lumineon restored a little HP using its Leftovers!</small><br></div><div class="spacer battle-history"><br></div><h2 class="battle-history">Turn 4</h2><div class="spacer battle-history"><br></div><div class="battle-history">Herrbrain withdrew Lapras!<br></div><div class="battle-history">Herrbrain sent out <strong>Dedenne</strong>!<br></div><div class="spacer battle-history"><br></div><div class="battle-history">Lumineon used <strong>Defog</strong>!<br></div><div class="battle-history"><small>The opposing Dedenne's evasiveness fell!</small><br></div><div class="battle-history"><small>The sticky web has disappeared from the ground around your team!</small><br></div><div class="spacer battle-history"><br></div><div class="battle-history"><small>Lumineon restored a little HP using its Leftovers!</small><br></div><div class="spacer battle-history"><br></div><h2 class="battle-history">Turn 5</h2><div class="spacer battle-history"><br></div><div class="battle-history">Herrbrain withdrew Dedenne!<br></div><div class="battle-history">Herrbrain sent out <strong>Lapras</strong>!<br></div><div class="spacer battle-history"><br></div><div class="battle-history">Lumineon, come back!<br></div><div class="battle-history">Go! <strong>Golem</strong>!<br></div><div class="spacer battle-history"><br></div><h2 class="battle-history">Turn 6</h2><div class="spacer battle-history"><br></div><div class="battle-history">Golem, come back!<br></div><div class="battle-history">Go! <strong>Lumineon</strong>!<br></div><div class="spacer battle-history"><br></div><div class="battle-history">The opposing Lapras used <strong>Waterfall</strong>!<br></div><div class="battle-history"><small>[Lumineon's Storm Drain]</small><br></div><div class="battle-history"><small>Lumineon's Special Attack rose!</small><br></div><div class="spacer battle-history"><br></div><h2 class="battle-history">Turn 7</h2><div class="spacer battle-history"><br></div><div class="battle-history">Herrbrain withdrew Lapras!<br></div><div class="battle-history">Herrbrain sent out <strong>Dedenne</strong>!<br></div><div class="spacer battle-history"><br></div><div class="battle-history">Lumineon used <strong>Toxic</strong>!<br></div><div class="battle-history"><small>The opposing Dedenne was badly poisoned!</small><br></div><div class="spacer battle-history"><br></div><div class="battle-history"><small>The opposing Dedenne was hurt by poison!</small><br></div><div class="spacer battle-history"><br></div><h2 class="battle-history">Turn 8</h2><div class="spacer battle-history"><br></div><div class="battle-history">Herrbrain withdrew Dedenne!<br></div><div class="battle-history">Herrbrain sent out <strong>Drifblim</strong>!<br></div><div class="spacer battle-history"><br></div><div class="battle-history">Lumineon, come back!<br></div><div class="battle-history">Go! <strong>Golem</strong>!<br></div><div class="spacer battle-history"><br></div><h2 class="battle-history">Turn 9</h2><div class="spacer battle-history"><br></div><div class="battle-history">The opposing Drifblim used <strong>Will-O-Wisp</strong>!<br></div><div class="battle-history"><small>Golem was burned!</small><br></div><div class="spacer battle-history"><br></div><div class="battle-history">Golem used <strong>Stealth Rock</strong>!<br></div><div class="battle-history"><small>Pointed stones float in the air around the opposing team!</small><br></div><div class="spacer battle-history"><br></div><div class="battle-history"><small>Golem was hurt by its burn!</small><br></div><div class="spacer battle-history"><br></div><h2 class="battle-history">Turn 10</h2><div class="spacer battle-history"><br></div><div class="battle-history">Golem, come back!<br></div><div class="battle-history">Go! <strong>Ampharos</strong>!<br></div><div class="spacer battle-history"><br></div><div class="battle-history">The opposing Drifblim used <strong>Substitute</strong>!<br></div><div class="battle-history"><small>The opposing Drifblim put in a substitute!</small><br></div><div class="battle-history"><small>(The opposing Drifblim lost <abbr title="−126/504">25%</abbr> of its health!)</small><br></div><div class="spacer battle-history"><br></div><h2 class="battle-history">Turn 11</h2><div class="spacer battle-history"><br></div><div class="battle-history">The opposing Drifblim used <strong>Defog</strong>!<br></div><div class="battle-history"><small>Ampharos's evasiveness fell!</small><br></div><div class="battle-history"><small>The pointed stones disappeared from around the opposing team!</small><br></div><div class="spacer battle-history"><br></div><div class="battle-history">Ampharos used <strong>Hidden Power</strong>!<br></div><div class="battle-history"><small>It's super effective!</small><br></div><div class="battle-history"><small>A critical hit!</small><br></div><div class="battle-history"><small>The opposing Drifblim's substitute faded!</small><br></div><div class="spacer battle-history"><br></div><h2 class="battle-history">Turn 12</h2><div class="spacer battle-history"><br></div><div class="battle-history">Herrbrain withdrew Drifblim!<br></div><div class="battle-history">Herrbrain sent out <strong>Lapras</strong>!<br></div><div class="spacer battle-history"><br></div><div class="battle-history">Ampharos used <strong>Volt Switch</strong>!<br></div><div class="battle-history"><small>It's super effective!</small><br></div><div class="battle-history"><small>(The opposing Lapras lost <abbr title="−246/464">53.0%</abbr> of its health!)</small><br></div><div class="battle-history"><small>(The opposing Lapras used its Weakness Policy!)</small><br></div><div class="battle-history"><small>The opposing Lapras's Attack rose sharply!</small><br></div><div class="battle-history"><small>The opposing Lapras's Special Attack rose sharply!</small><br></div><div class="spacer battle-history"><br></div><div class="battle-history">Ampharos went back to Dbasso padre!<br></div><div class="battle-history">Go! <strong>Monferno</strong>!<br></div><div class="spacer battle-history"><br></div><h2 class="battle-history">Turn 13</h2><div class="spacer battle-history"><br></div><div class="battle-history">Monferno used <strong>Mach Punch</strong>!<br></div><div class="battle-history"><small>It's super effective!</small><br></div><div class="battle-history"><small>(The opposing Lapras lost <abbr title="−164/464">35.3%</abbr> of its health!)</small><br></div><div class="spacer battle-history"><br></div><div class="battle-history">The opposing Lapras used <strong>Drill Run</strong>!<br></div><div class="battle-history"><small>It's super effective!</small><br></div><div class="battle-history"><small>(Monferno lost <abbr title="−256/269">95.2%</abbr> of its health!)</small><br></div><div class="spacer battle-history"><br></div><h2 class="battle-history">Turn 14</h2><div class="spacer battle-history"><br></div><div class="battle-history">Monferno used <strong>Mach Punch</strong>!<br></div><div class="battle-history"><small>It's super effective!</small><br></div><div class="battle-history"><small>(The opposing Lapras lost <abbr title="−54/464">11.6%</abbr> of its health!)</small><br></div><div class="spacer battle-history"><br></div><div class="battle-history">The opposing Lapras fainted!<br></div><div class="spacer battle-history"><br></div><div class="battle-history">Herrbrain sent out <strong>Drifblim</strong>!<br></div><div class="spacer battle-history"><br></div><h2 class="battle-history">Turn 15</h2><div class="spacer battle-history"><br></div><div class="battle-history">The opposing Drifblim used <strong>Substitute</strong>!<br></div><div class="battle-history"><small>The opposing Drifblim put in a substitute!</small><br></div><div class="battle-history"><small>(The opposing Drifblim lost <abbr title="−126/504">25%</abbr> of its health!)</small><br></div><div class="battle-history"><small>The opposing Drifblim ate its Sitrus Berry!</small><br></div><div class="battle-history"><small>The opposing Drifblim restored HP using its Sitrus Berry!</small><br></div><div class="spacer battle-history"><br></div><div class="battle-history">Monferno used <strong>Thunder Punch</strong>!<br></div><div class="battle-history"><small>It's super effective!</small><br></div><div class="battle-history"><small>The opposing Drifblim's substitute faded!</small><br></div><div class="spacer battle-history"><br></div><h2 class="battle-history">Turn 16</h2><div class="spacer battle-history"><br></div><div class="battle-history">The opposing Drifblim used <strong>Acrobatics</strong>!<br></div><div class="battle-history"><small>It's super effective!</small><br></div><div class="battle-history"><small>(Monferno lost <abbr title="−13/269">4.8%</abbr> of its health!)</small><br></div><div class="spacer battle-history"><br></div><div class="battle-history">Monferno fainted!<br></div><div class="spacer battle-history"><br></div><div class="battle-history">Go! <strong>Ampharos</strong>!<br></div><div class="spacer battle-history"><br></div><h2 class="battle-history">Turn 17</h2><div class="spacer battle-history"><br></div><div class="battle-history">The opposing Drifblim used <strong>Will-O-Wisp</strong>!<br></div><div class="battle-history"><small>Ampharos was burned!</small><br></div><div class="spacer battle-history"><br></div><div class="battle-history">Ampharos used <strong>Volt Switch</strong>!<br></div><div class="battle-history"><small>It's super effective!</small><br></div><div class="battle-history"><small>(The opposing Drifblim lost <abbr title="−378/504">75%</abbr> of its health!)</small><br></div><div class="spacer battle-history"><br></div><div class="battle-history">The opposing Drifblim fainted!<br></div><div class="spacer battle-history"><br></div><div class="battle-history">Ampharos went back to Dbasso padre!<br></div><div class="battle-history">Go! <strong>Golem</strong>!<br></div><div class="spacer battle-history"><br></div><div class="battle-history"><small>Golem restored a little HP using its Leftovers!</small><br></div><div class="battle-history"><small>Golem was hurt by its burn!</small><br></div><div class="spacer battle-history"><br></div><div class="battle-history">Herrbrain sent out <strong>Magcargo</strong>!<br></div><div class="spacer battle-history"><br></div><h2 class="battle-history">Turn 18</h2><div class="spacer battle-history"><br></div><div class="battle-history">The opposing Magcargo used <strong>Shell Smash</strong>!<br></div><div class="battle-history"><small>The opposing Magcargo's Defense fell!</small><br></div><div class="battle-history"><small>The opposing Magcargo's Special Defense fell!</small><br></div><div class="battle-history"><small>The opposing Magcargo's Attack rose sharply!</small><br></div><div class="battle-history"><small>The opposing Magcargo's Special Attack rose sharply!</small><br></div><div class="battle-history"><small>The opposing Magcargo's Speed rose sharply!</small><br></div><div class="spacer battle-history"><br></div><div class="battle-history">Golem used <strong>Stealth Rock</strong>!<br></div><div class="battle-history"><small>Pointed stones float in the air around the opposing team!</small><br></div><div class="spacer battle-history"><br></div><div class="battle-history"><small>Golem restored a little HP using its Leftovers!</small><br></div><div class="battle-history"><small>Golem was hurt by its burn!</small><br></div><div class="spacer battle-history"><br></div><h2 class="battle-history">Turn 19</h2><div class="spacer battle-history"><br></div><div class="battle-history">The opposing Magcargo used <strong>Hidden Power</strong>!<br></div><div class="battle-history"><small>It's super effective!</small><br></div><div class="battle-history"><small>(Golem lost <abbr title="−273/364">75%</abbr> of its health!)</small><br></div><div class="spacer battle-history"><br></div><div class="battle-history">Golem fainted!<br></div><div class="spacer battle-history"><br></div><div class="battle-history">Go! <strong>Lumineon</strong>!<br></div><div class="spacer battle-history"><br></div><h2 class="battle-history">Turn 20</h2><div class="spacer battle-history"><br></div><div class="battle-history">The opposing Magcargo used <strong>Shell Smash</strong>!<br></div><div class="battle-history"><small>The opposing Magcargo's Defense fell!</small><br></div><div class="battle-history"><small>The opposing Magcargo's Special Defense fell!</small><br></div><div class="battle-history"><small>The opposing Magcargo's Attack rose sharply!</small><br></div><div class="battle-history"><small>The opposing Magcargo's Special Attack rose sharply!</small><br></div><div class="battle-history"><small>The opposing Magcargo's Speed rose sharply!</small><br></div><div class="spacer battle-history"><br></div><div class="battle-history">Lumineon used <strong>Scald</strong>!<br></div><div class="battle-history"><small>It's super effective!</small><br></div><div class="battle-history"><small>The opposing Magcargo hung on using its Focus Sash!</small><br></div><div class="battle-history"><small>(The opposing Magcargo lost <abbr title="−240/241">99.6%</abbr> of its health!)</small><br></div><div class="spacer battle-history"><br></div><h2 class="battle-history">Turn 21</h2><div class="spacer battle-history"><br></div><div class="battle-history">The opposing Magcargo used <strong>Hidden Power</strong>!<br></div><div class="battle-history"><small>It's super effective!</small><br></div><div class="battle-history"><small>(Lumineon lost <abbr title="−342/342">100%</abbr> of its health!)</small><br></div><div class="spacer battle-history"><br></div><div class="battle-history">Lumineon fainted!<br></div><div class="spacer battle-history"><br></div><div class="battle-history">Go! <strong>Ninjask</strong>!<br></div><div class="spacer battle-history"><br></div><h2 class="battle-history">Turn 22</h2><div class="spacer battle-history"><br></div><div class="battle-history">The opposing Magcargo used <strong>Ancient Power</strong>!<br></div><div class="battle-history"><small>It's super effective!</small><br></div><div class="battle-history"><small>(Ninjask lost <abbr title="−263/263">100%</abbr> of its health!)</small><br></div><div class="battle-history"><small>The opposing Magcargo's Attack rose!</small><br></div><div class="battle-history"><small>The opposing Magcargo's Defense rose!</small><br></div><div class="battle-history"><small>The opposing Magcargo's Special Attack rose!</small><br></div><div class="battle-history"><small>The opposing Magcargo's Special Defense rose!</small><br></div><div class="battle-history"><small>The opposing Magcargo's Speed rose!</small><br></div><div class="spacer battle-history"><br></div><div class="battle-history">Ninjask fainted!<br></div><div class="spacer battle-history"><br></div><div class="battle-history">Go! <strong>Ampharos</strong>!<br></div><div class="spacer battle-history"><br></div><h2 class="battle-history">Turn 23</h2><div class="spacer battle-history"><br></div><div class="battle-history">The opposing Magcargo used <strong>Flamethrower</strong>!<br></div><div class="battle-history"><small>(Ampharos lost <abbr title="−383/383">100%</abbr> of its health!)</small><br></div><div class="spacer battle-history"><br></div><div class="battle-history">Ampharos fainted!<br></div><div class="spacer battle-history"><br></div><div class="battle-history">Go! <strong>Bouffalant</strong>!<br></div><div class="spacer battle-history"><br></div><h2 class="battle-history">Turn 24</h2><div class="spacer battle-history"><br></div><div class="battle-history">The opposing Magcargo used <strong>Flamethrower</strong>!<br></div><div class="battle-history"><small>(Bouffalant lost <abbr title="−281/393">71.5%</abbr> of its health!)</small><br></div><div class="spacer battle-history"><br></div><div class="battle-history">Bouffalant fainted!<br></div><div class="spacer battle-history"><br></div><div class="battle-history"><strong>Herrbrain</strong> won the battle!<br></div><div class="chat">Dbasso padre's rating: 1160 → <strong>1139</strong><br>(-21 for losing)</div><div class="chat">Herrbrain's rating: 1213 → <strong>1234</strong><br>(+21 for winning)</div><div class="chat chatmessage-herrbrain"><strong style="color:hsl(198,40%,45.283512698470396%)"><small>☆</small><span class="username" data-name="Herrbrain">Herrbrain</span>:</strong> <em>Gg</em></div><div class="chat chatmessage-dbassopadre"><strong style="color:hsl(1,78%,45.53860021636581%)"><small>☆</small><span class="username" data-name="Dbasso padre">Dbasso padre</span>:</strong> <em>gg</em></div><div class="chat"><small>Dbasso padre left.</small></div></div><div class="inner-preempt"></div></div></div>
</div>
<script>
let daily = Math.floor(Date.now()/1000/60/60/24);document.write('<script src="https://play.pokemonshowdown.com/js/replay-embed.js?version'+daily+'"></'+'script>');
</script>
