<!DOCTYPE html>
<meta charset="utf-8" />
<!-- version 1 -->
<title>PU replay: jai shri krishna! vs. sentry95</title>
<style>
html,body {font-family:Verdana, sans-serif;font-size:10pt;margin:0;padding:0;}body{padding:12px 0;} .battle-log {font-family:Verdana, sans-serif;font-size:10pt;} .battle-log-inline {border:1px solid #AAAAAA;background:#EEF2F5;color:black;max-width:640px;margin:0 auto 80px;padding-bottom:5px;} .battle-log .inner {padding:4px 8px 0px 8px;} .battle-log .inner-preempt {padding:0 8px 4px 8px;} .battle-log .inner-after {margin-top:0.5em;} .battle-log h2 {margin:0.5em -8px;padding:4px 8px;border:1px solid #AAAAAA;background:#E0E7EA;border-left:0;border-right:0;font-family:Verdana, sans-serif;font-size:13pt;} .battle-log .chat {vertical-align:middle;padding:3px 0 3px 0;font-size:8pt;} .battle-log .chat strong {color:#40576A;} .battle-log .chat em {padding:1px 4px 1px 3px;color:#000000;font-style:normal;} .chat.mine {background:rgba(0,0,0,0.05);margin-left:-8px;margin-right:-8px;padding-left:8px;padding-right:8px;} .spoiler {color:#BBBBBB;background:#BBBBBB;padding:0px 3px;} .spoiler:hover, .spoiler:active, .spoiler-shown {color:#000000;background:#E2E2E2;padding:0px 3px;} .spoiler a {color:#BBBBBB;} .spoiler:hover a, .spoiler:active a, .spoiler-shown a {color:#2288CC;} .chat code, .chat .spoiler:hover code, .chat .spoiler:active code, .chat .spoiler-shown code {border:1px solid #C0C0C0;background:#EEEEEE;color:black;padding:0 2px;} .chat .spoiler code {border:1px solid #CCCCCC;background:#CCCCCC;color:#CCCCCC;} .battle-log .rated {padding:3px 4px;} .battle-log .rated strong {color:white;background:#89A;padding:1px 4px;border-radius:4px;} .spacer {margin-top:0.5em;} .message-announce {background:#6688AA;color:white;padding:1px 4px 2px;} .message-announce a, .broadcast-green a, .broadcast-blue a, .broadcast-red a {color:#DDEEFF;} .broadcast-green {background-color:#559955;color:white;padding:2px 4px;} .broadcast-blue {background-color:#6688AA;color:white;padding:2px 4px;} .infobox {border:1px solid #6688AA;padding:2px 4px;} .infobox-limited {max-height:200px;overflow:auto;overflow-x:hidden;} .broadcast-red {background-color:#AA5544;color:white;padding:2px 4px;} .message-learn-canlearn {font-weight:bold;color:#228822;text-decoration:underline;} .message-learn-cannotlearn {font-weight:bold;color:#CC2222;text-decoration:underline;} .message-effect-weak {font-weight:bold;color:#CC2222;} .message-effect-resist {font-weight:bold;color:#6688AA;} .message-effect-immune {font-weight:bold;color:#666666;} .message-learn-list {margin-top:0;margin-bottom:0;} .message-throttle-notice, .message-error {color:#992222;} .message-overflow, .chat small.message-overflow {font-size:0pt;} .message-overflow::before {font-size:9pt;content:'...';} .subtle {color:#3A4A66;}
</style>
<div class="wrapper replay-wrapper" style="max-width:1180px;margin:0 auto">
<input type="hidden" name="replayid" value="pu-565312055" />
<div class="battle"></div><div class="battle-log"></div><div class="replay-controls"></div><div class="replay-controls-2"></div>
<h1 style="font-weight:normal;text-align:center"><strong>PU</strong><br /><a href="http://pokemonshowdown.com/users/jaishrikrishna" class="subtle" target="_blank">jai shri krishna!</a> vs. <a href="http://pokemonshowdown.com/users/sentry95" class="subtle" target="_blank">sentry95</a></h1>
<script type="text/plain" class="battle-log-data">|j|jai shri krishna!
|j|sentry95
|player|p1|jai shri krishna!|#clemont
|player|p2|sentry95|28
|gametype|singles
|gen|6
|tier|PU
|seed|48716,22921,23506,40562
|rule|Sleep Clause Mod: Limit one foe put to sleep
|rule|Species Clause: Limit one of each Pokémon
|rule|OHKO Clause: OHKO moves are banned
|rule|Moody Clause: Moody is banned
|rule|Evasion Moves Clause: Evasion moves are banned
|rule|Endless Battle Clause: Forcing endless battles is banned
|rule|HP Percentage Mod: HP is shown in percentages
|clearpoke
|poke|p1|Golem, F|item
|poke|p1|Dodrio, M|item
|poke|p1|Fraxure, M|item
|poke|p1|Arbok, M|item
|poke|p1|Monferno, M|item
|poke|p1|Leafeon, M|item
|poke|p2|Furfrou, M|item
|poke|p2|Armaldo, M|item
|poke|p2|Dodrio, F|item
|poke|p2|Ampharos, M|item
|poke|p2|Audino, F|item
|poke|p2|Monferno, M|item
|rule|Swagger Clause: Swagger is banned
|rule|Baton Pass Clause: Limit one Baton Passer, can't pass Spe and other stats simultaneously
|teampreview
|j|rada36
|choice|team 1, team 2, team 3, team 4, team 5, team 6|team 2, team 1, team 3, team 4, team 5, team 6
|
|start
|switch|p1a: Golem|Golem, F|363\/363
|switch|p2a: Armaldo|Armaldo, M|354\/354
|turn|1
|choice|move stealthrock|move stealthrock
|
|move|p2a: Armaldo|Stealth Rock|p1a: Golem
|-sidestart|p1: jai shri krishna!|move: Stealth Rock
|move|p1a: Golem|Stealth Rock|p2a: Armaldo
|-sidestart|p2: sentry95|move: Stealth Rock
|
|upkeep
|turn|2
|choice|move earthquake|move rapidspin
|
|move|p2a: Armaldo|Rapid Spin|p1a: Golem
|-resisted|p1a: Golem
|-damage|p1a: Golem|353\/363
|-sideend|p2: sentry95|Stealth Rock|[from] move: Rapid Spin|[of] p2a: Armaldo
|move|p1a: Golem|Earthquake|p2a: Armaldo
|-damage|p2a: Armaldo|162\/354
|
|-heal|p2a: Armaldo|184\/354|[from] item: Leftovers
|upkeep
|turn|3
|choice|move stoneedge|switch 5
|
|switch|p2a: Audino|Audino, F|410\/410
|move|p1a: Golem|Stone Edge|p2a: Audino
|-damage|p2a: Audino|259\/410
|
|-heal|p2a: Audino|284\/410|[from] item: Leftovers
|upkeep
|turn|4
|choice|move explosion|move toxic
|
|move|p2a: Audino|Toxic|p1a: Golem
|-status|p1a: Golem|tox
|move|p1a: Golem|Explosion|p2a: Audino
|-damage|p2a: Audino|23\/410
|faint|p1a: Golem
|
|-heal|p2a: Audino|48\/410|[from] item: Leftovers
|upkeep
|choice|switch 3|
|
|switch|p1a: Fraxure|Fraxure, M|273\/273
|-damage|p1a: Fraxure|239\/273|[from] Stealth Rock
|-ability|p1a: Fraxure|Mold Breaker
|turn|5
|c|☆jai shri krishna!|hello??
|choice|move poisonjab|switch 2
|
|switch|p2a: Furfrou|Furfrou, M|354\/354
|move|p1a: Fraxure|Poison Jab|p2a: Furfrou
|-damage|p2a: Furfrou|232\/354
|
|-heal|p2a: Furfrou|254\/354|[from] item: Leftovers
|upkeep
|turn|6
|choice|move swordsdance|move cottonguard
|
|move|p1a: Fraxure|Swords Dance|p1a: Fraxure
|-boost|p1a: Fraxure|atk|2
|move|p2a: Furfrou|Cotton Guard|p2a: Furfrou
|-boost|p2a: Furfrou|def|3
|
|-heal|p2a: Furfrou|276\/354|[from] item: Leftovers
|upkeep
|turn|7
|choice|move superpower|move return
|
|move|p1a: Fraxure|Superpower|p2a: Furfrou
|-supereffective|p2a: Furfrou
|-damage|p2a: Furfrou|0 fnt
|-unboost|p1a: Fraxure|atk|1
|-unboost|p1a: Fraxure|def|1
|faint|p2a: Furfrou
|
|upkeep
|c|☆jai shri krishna!|yea!
|choice||switch 3
|
|switch|p2a: Dodrio|Dodrio, F|261\/261
|turn|8
|c|☆jai shri krishna!|i was afraid for furfrou
|choice|move outrage|move return
|
|move|p2a: Dodrio|Return|p1a: Fraxure
|-damage|p1a: Fraxure|0 fnt
|faint|p1a: Fraxure
|
|upkeep
|choice|switch 6|
|
|switch|p1a: Leafeon|Leafeon, M|271\/271
|-damage|p1a: Leafeon|238\/271|[from] Stealth Rock
|turn|9
|c|☆sentry95|furfrou is one of my faves plus you seem to have a very physical team :))
|c|☆jai shri krishna!|:?
|choice|move knockoff|switch 2
|
|switch|p2a: Audino|Audino, F|184\/410
|move|p1a: Leafeon|Knock Off|p2a: Audino
|-damage|p2a: Audino|98\/410
|-enditem|p2a: Audino|Leftovers|[from] move: Knock Off|[of] p1a: Leafeon
|
|upkeep
|turn|10
|c|☆jai shri krishna!|:)
|choice|move leafblade|move toxic
|
|move|p1a: Leafeon|Leaf Blade|p2a: Audino
|-damage|p2a: Audino|0 fnt
|faint|p2a: Audino
|
|upkeep
|choice||switch 2
|
|switch|p2a: Dodrio|Dodrio, F|261\/261
|turn|11
|l|rada36
|choice|move knockoff|move bravebird
|
|move|p2a: Dodrio|Brave Bird|p1a: Leafeon
|-supereffective|p1a: Leafeon
|-damage|p1a: Leafeon|0 fnt
|-damage|p2a: Dodrio|182\/261|[from] recoil|[of] p1a: Leafeon
|faint|p1a: Leafeon
|
|upkeep
|choice|switch 4|
|
|switch|p1a: Arbok|Arbok, M|261\/261
|-damage|p1a: Arbok|229\/261|[from] Stealth Rock
|turn|12
|choice|move suckerpunch|switch 5
|
|switch|p2a: Armaldo|Armaldo, M|184\/354
|move|p1a: Arbok|Sucker Punch|p2a: Armaldo|[still]
|-fail|p1a: Arbok
|
|-heal|p1a: Arbok|245\/261|[from] item: Black Sludge
|-heal|p2a: Armaldo|206\/354|[from] item: Leftovers
|upkeep
|turn|13
|choice|move earthquake|move earthquake
|
|move|p1a: Arbok|Earthquake|p2a: Armaldo
|-damage|p2a: Armaldo|110\/354
|move|p2a: Armaldo|Earthquake|p1a: Arbok
|-supereffective|p1a: Arbok
|-damage|p1a: Arbok|0 fnt
|faint|p1a: Arbok
|
|-heal|p2a: Armaldo|132\/354|[from] item: Leftovers
|upkeep
|choice|switch 5|
|
|switch|p1a: Monferno|Monferno, M|331\/331
|-damage|p1a: Monferno|290\/331|[from] Stealth Rock
|turn|14
|choice|move flareblitz|move knockoff
|
|move|p1a: Monferno|Flare Blitz|p2a: Armaldo
|-damage|p2a: Armaldo|12\/354
|-status|p2a: Armaldo|brn
|-damage|p1a: Monferno|250\/331|[from] recoil|[of] p2a: Armaldo
|move|p2a: Armaldo|Knock Off|p1a: Monferno
|-resisted|p1a: Monferno
|-damage|p1a: Monferno|220\/331
|-enditem|p1a: Monferno|Eviolite|[from] move: Knock Off|[of] p2a: Armaldo
|
|-heal|p2a: Armaldo|34\/354 brn|[from] item: Leftovers
|-damage|p2a: Armaldo|0 fnt|[from] brn
|upkeep
|faint|p2a: Armaldo
|choice||switch 6
|
|switch|p2a: Monferno|Monferno, M|269\/269
|turn|15
|choice|move closecombat|move swordsdance
|
|move|p2a: Monferno|Swords Dance|p2a: Monferno
|-boost|p2a: Monferno|atk|2
|move|p1a: Monferno|Close Combat|p2a: Monferno
|-damage|p2a: Monferno|130\/269
|-unboost|p1a: Monferno|def|1
|-unboost|p1a: Monferno|spd|1
|
|upkeep
|turn|16
|choice|move machpunch|move machpunch
|
|move|p2a: Monferno|Mach Punch|p1a: Monferno
|-damage|p1a: Monferno|0 fnt
|faint|p1a: Monferno
|
|upkeep
|choice|switch 2|
|
|switch|p1a: Dodrio|Dodrio, M|261\/261
|-damage|p1a: Dodrio|196\/261|[from] Stealth Rock
|turn|17
|choice|move return|move machpunch
|
|move|p2a: Monferno|Mach Punch|p1a: Dodrio
|-damage|p1a: Dodrio|37\/261
|move|p1a: Dodrio|Return|p2a: Monferno
|-damage|p2a: Monferno|0 fnt
|faint|p2a: Monferno
|
|upkeep
|choice||switch 5
|
|switch|p2a: Dodrio|Dodrio, F|182\/261
|turn|18
|choice|move return|move quickattack
|
|move|p2a: Dodrio|Quick Attack|p1a: Dodrio
|-damage|p1a: Dodrio|0 fnt
|faint|p1a: Dodrio
|
|win|sentry95
|l|jai shri krishna!
|l|sentry95
|j|ed321ali123</script>
</div>
<div class="battle-log battle-log-inline"><div class="inner"><div class="battle-options"></div><div class="inner"><div class="chat"><small>jai shri krishna! joined.</small></div><div class="chat"><small>sentry95 joined.</small></div><div class=""><small>Format:</small> <br><strong>PU</strong></div><div class=""><small><em>Sleep Clause Mod:</em> Limit one foe put to sleep</small></div><div class=""><small><em>Species Clause:</em> Limit one of each Pokémon</small></div><div class=""><small><em>OHKO Clause:</em> OHKO moves are banned</small></div><div class=""><small><em>Moody Clause:</em> Moody is banned</small></div><div class=""><small><em>Evasion Moves Clause:</em> Evasion moves are banned</small></div><div class=""><small><em>Endless Battle Clause:</em> Forcing endless battles is banned</small></div><div class=""><small><em>HP Percentage Mod:</em> HP is shown in percentages</small></div><div class=""><small><em>Swagger Clause:</em> Swagger is banned</small></div><div class=""><small><em>Baton Pass Clause:</em> Limit one Baton Passer, can't pass Spe and other stats simultaneously</small></div><div class="chat battle-history"><strong>jai shri krishna!'s team:</strong> <em style="color:#445566;display:block;">Golem / Dodrio / Fraxure / Arbok / Monferno / Leafeon</em></div><div class="chat battle-history"><strong>sentry95's team:</strong> <em style="color:#445566;display:block;">Furfrou / Armaldo / Dodrio / Ampharos / Audino / Monferno</em></div><div class="chat"><small>rada36 joined.</small></div><div class="spacer battle-history"><br></div><div class="battle-history">Battle started between jai shri krishna! and sentry95!<br></div><div class="spacer battle-history"><br></div><div class="battle-history">Go! <strong>Golem</strong>!<br></div><div class="spacer battle-history"><br></div><div class="battle-history">sentry95 sent out <strong>Armaldo</strong>!<br></div><div class="spacer battle-history"><br></div><h2 class="battle-history">Turn 1</h2><div class="spacer battle-history"><br></div><div class="battle-history">The opposing Armaldo used <strong>Stealth Rock</strong>!<br></div><div class="battle-history"><small>Pointed stones float in the air around your team!</small><br></div><div class="spacer battle-history"><br></div><div class="battle-history">Golem used <strong>Stealth Rock</strong>!<br></div><div class="battle-history"><small>Pointed stones float in the air around the opposing team!</small><br></div><div class="spacer battle-history"><br></div><h2 class="battle-history">Turn 2</h2><div class="spacer battle-history"><br></div><div class="battle-history">The opposing Armaldo used <strong>Rapid Spin</strong>!<br></div><div class="battle-history"><small>It's not very effective...</small><br></div><div class="battle-history"><small>(Golem lost <abbr title="−10/363">2.8%</abbr> of its health!)</small><br></div><div class="battle-history"><small>The pointed stones disappeared from around the opposing team!</small><br></div><div class="spacer battle-history"><br></div><div class="battle-history">Golem used <strong>Earthquake</strong>!<br></div><div class="battle-history"><small>(The opposing Armaldo lost <abbr title="−192/354">54.2%</abbr> of its health!)</small><br></div><div class="spacer battle-history"><br></div><div class="battle-history"><small>The opposing Armaldo restored a little HP using its Leftovers!</small><br></div><div class="spacer battle-history"><br></div><h2 class="battle-history">Turn 3</h2><div class="spacer battle-history"><br></div><div class="battle-history">sentry95 withdrew Armaldo!<br></div><div class="battle-history">sentry95 sent out <strong>Audino</strong>!<br></div><div class="spacer battle-history"><br></div><div class="battle-history">Golem used <strong>Stone Edge</strong>!<br></div><div class="battle-history"><small>(The opposing Audino lost <abbr title="−151/410">36.8%</abbr> of its health!)</small><br></div><div class="spacer battle-history"><br></div><div class="battle-history"><small>The opposing Audino restored a little HP using its Leftovers!</small><br></div><div class="spacer battle-history"><br></div><h2 class="battle-history">Turn 4</h2><div class="spacer battle-history"><br></div><div class="battle-history">The opposing Audino used <strong>Toxic</strong>!<br></div><div class="battle-history"><small>Golem was badly poisoned!</small><br></div><div class="spacer battle-history"><br></div><div class="battle-history">Golem used <strong>Explosion</strong>!<br></div><div class="battle-history"><small>(The opposing Audino lost <abbr title="−261/410">63.7%</abbr> of its health!)</small><br></div><div class="spacer battle-history"><br></div><div class="battle-history">Golem fainted!<br></div><div class="spacer battle-history"><br></div><div class="battle-history"><small>The opposing Audino restored a little HP using its Leftovers!</small><br></div><div class="spacer battle-history"><br></div><div class="battle-history">Go! <strong>Fraxure</strong>!<br></div><div class="battle-history"><small>Pointed stones dug into Fraxure!</small><br></div><div class="battle-history"><small>[Fraxure's Mold Breaker]</small><br><small>Fraxure breaks the mold!</small><br></div><div class="spacer battle-history"><br></div><h2 class="battle-history">Turn 5</h2><div class="chat chatmessage-jaishrikrishna"><strong style="color:hsl(147,44%,35%)"><small>☆</small><span class="username" data-name="jai shri krishna!">jai shri krishna!</span>:</strong> <em>hello??</em></div><div class="spacer battle-history"><br></div><div class="battle-history">sentry95 withdrew Audino!<br></div><div class="battle-history">sentry95 sent out <strong>Furfrou</strong>!<br></div><div class="spacer battle-history"><br></div><div class="battle-history">Fraxure used <strong>Poison Jab</strong>!<br></div><div class="battle-history"><small>(The opposing Furfrou lost <abbr title="−122/354">34.5%</abbr> of its health!)</small><br></div><div class="spacer battle-history"><br></div><div class="battle-history"><small>The opposing Furfrou restored a little HP using its Leftovers!</small><br></div><div class="spacer battle-history"><br></div><h2 class="battle-history">Turn 6</h2><div class="spacer battle-history"><br></div><div class="battle-history">Fraxure used <strong>Swords Dance</strong>!<br></div><div class="battle-history"><small>Fraxure's Attack rose sharply!</small><br></div><div class="spacer battle-history"><br></div><div class="battle-history">The opposing Furfrou used <strong>Cotton Guard</strong>!<br></div><div class="battle-history"><small>The opposing Furfrou's Defense rose drastically!</small><br></div><div class="spacer battle-history"><br></div><div class="battle-history"><small>The opposing Furfrou restored a little HP using its Leftovers!</small><br></div><div class="spacer battle-history"><br></div><h2 class="battle-history">Turn 7</h2><div class="spacer battle-history"><br></div><div class="battle-history">Fraxure used <strong>Superpower</strong>!<br></div><div class="battle-history"><small>It's super effective!</small><br></div><div class="battle-history"><small>(The opposing Furfrou lost <abbr title="−276/354">78.0%</abbr> of its health!)</small><br></div><div class="battle-history"><small>Fraxure's Attack fell!</small><br></div><div class="battle-history"><small>Fraxure's Defense fell!</small><br></div><div class="spacer battle-history"><br></div><div class="battle-history">The opposing Furfrou fainted!<br></div><div class="chat chatmessage-jaishrikrishna"><strong style="color:hsl(147,44%,35%)"><small>☆</small><span class="username" data-name="jai shri krishna!">jai shri krishna!</span>:</strong> <em>yea!</em></div><div class="spacer battle-history"><br></div><div class="battle-history">sentry95 sent out <strong>Dodrio</strong>!<br></div><div class="spacer battle-history"><br></div><h2 class="battle-history">Turn 8</h2><div class="chat chatmessage-jaishrikrishna"><strong style="color:hsl(147,44%,35%)"><small>☆</small><span class="username" data-name="jai shri krishna!">jai shri krishna!</span>:</strong> <em>i was afraid for furfrou</em></div><div class="spacer battle-history"><br></div><div class="battle-history">The opposing Dodrio used <strong>Return</strong>!<br></div><div class="battle-history"><small>(Fraxure lost <abbr title="−239/273">87.5%</abbr> of its health!)</small><br></div><div class="spacer battle-history"><br></div><div class="battle-history">Fraxure fainted!<br></div><div class="spacer battle-history"><br></div><div class="battle-history">Go! <strong>Leafeon</strong>!<br></div><div class="battle-history"><small>Pointed stones dug into Leafeon!</small><br></div><div class="spacer battle-history"><br></div><h2 class="battle-history">Turn 9</h2><div class="chat chatmessage-sentry95"><strong style="color:hsl(259,64%,59.45606850749401%)"><small>☆</small><span class="username" data-name="sentry95">sentry95</span>:</strong> <em>furfrou is one of my faves plus you seem to have a very physical team :))</em></div><div class="chat chatmessage-jaishrikrishna"><strong style="color:hsl(147,44%,35%)"><small>☆</small><span class="username" data-name="jai shri krishna!">jai shri krishna!</span>:</strong> <em>:?</em></div><div class="spacer battle-history"><br></div><div class="battle-history">sentry95 withdrew Dodrio!<br></div><div class="battle-history">sentry95 sent out <strong>Audino</strong>!<br></div><div class="spacer battle-history"><br></div><div class="battle-history">Leafeon used <strong>Knock Off</strong>!<br></div><div class="battle-history"><small>(The opposing Audino lost <abbr title="−86/410">21.0%</abbr> of its health!)</small><br></div><div class="battle-history"><small>Leafeon knocked off the opposing Audino's Leftovers!</small><br></div><div class="spacer battle-history"><br></div><h2 class="battle-history">Turn 10</h2><div class="chat chatmessage-jaishrikrishna"><strong style="color:hsl(147,44%,35%)"><small>☆</small><span class="username" data-name="jai shri krishna!">jai shri krishna!</span>:</strong> <em>:)</em></div><div class="spacer battle-history"><br></div><div class="battle-history">Leafeon used <strong>Leaf Blade</strong>!<br></div><div class="battle-history"><small>(The opposing Audino lost <abbr title="−98/410">23.9%</abbr> of its health!)</small><br></div><div class="spacer battle-history"><br></div><div class="battle-history">The opposing Audino fainted!<br></div><div class="spacer battle-history"><br></div><div class="battle-history">sentry95 sent out <strong>Dodrio</strong>!<br></div><div class="spacer battle-history"><br></div><h2 class="battle-history">Turn 11</h2><div class="chat"><small>rada36 left.</small></div><div class="spacer battle-history"><br></div><div class="battle-history">The opposing Dodrio used <strong>Brave Bird</strong>!<br></div><div class="battle-history"><small>It's super effective!</small><br></div><div class="battle-history"><small>(Leafeon lost <abbr title="−238/271">87.8%</abbr> of its health!)</small><br></div><div class="battle-history"><small>The opposing Dodrio is damaged by the recoil!</small><br></div><div class="spacer battle-history"><br></div><div class="battle-history">Leafeon fainted!<br></div><div class="spacer battle-history"><br></div><div class="battle-history">Go! <strong>Arbok</strong>!<br></div><div class="battle-history"><small>Pointed stones dug into Arbok!</small><br></div><div class="spacer battle-history"><br></div><h2 class="battle-history">Turn 12</h2><div class="spacer battle-history"><br></div><div class="battle-history">sentry95 withdrew Dodrio!<br></div><div class="battle-history">sentry95 sent out <strong>Armaldo</strong>!<br></div><div class="spacer battle-history"><br></div><div class="battle-history">Arbok used <strong>Sucker Punch</strong>!<br></div><div class="battle-history"><small>But it failed!</small><br></div><div class="spacer battle-history"><br></div><div class="battle-history"><small>Arbok restored a little HP using its Black Sludge!</small><br></div><div class="battle-history"><small>The opposing Armaldo restored a little HP using its Leftovers!</small><br></div><div class="spacer battle-history"><br></div><h2 class="battle-history">Turn 13</h2><div class="spacer battle-history"><br></div><div class="battle-history">Arbok used <strong>Earthquake</strong>!<br></div><div class="battle-history"><small>(The opposing Armaldo lost <abbr title="−96/354">27.1%</abbr> of its health!)</small><br></div><div class="spacer battle-history"><br></div><div class="battle-history">The opposing Armaldo used <strong>Earthquake</strong>!<br></div><div class="battle-history"><small>It's super effective!</small><br></div><div class="battle-history"><small>(Arbok lost <abbr title="−245/261">93.9%</abbr> of its health!)</small><br></div><div class="spacer battle-history"><br></div><div class="battle-history">Arbok fainted!<br></div><div class="spacer battle-history"><br></div><div class="battle-history"><small>The opposing Armaldo restored a little HP using its Leftovers!</small><br></div><div class="spacer battle-history"><br></div><div class="battle-history">Go! <strong>Monferno</strong>!<br></div><div class="battle-history"><small>Pointed stones dug into Monferno!</small><br></div><div class="spacer battle-history"><br></div><h2 class="battle-history">Turn 14</h2><div class="spacer battle-history"><br></div><div class="battle-history">Monferno used <strong>Flare Blitz</strong>!<br></div><div class="battle-history"><small>(The opposing Armaldo lost <abbr title="−120/354">33.9%</abbr> of its health!)</small><br></div><div class="battle-history"><small>The opposing Armaldo was burned!</small><br></div><div class="battle-history"><small>Monferno is damaged by the recoil!</small><br></div><div class="spacer battle-history"><br></div><div class="battle-history">The opposing Armaldo used <strong>Knock Off</strong>!<br></div><div class="battle-history"><small>It's not very effective...</small><br></div><div class="battle-history"><small>(Monferno lost <abbr title="−30/331">9.1%</abbr> of its health!)</small><br></div><div class="battle-history"><small>The opposing Armaldo knocked off Monferno's Eviolite!</small><br></div><div class="spacer battle-history"><br></div><div class="battle-history"><small>The opposing Armaldo restored a little HP using its Leftovers!</small><br></div><div class="battle-history"><small>The opposing Armaldo was hurt by its burn!</small><br></div><div class="spacer battle-history"><br></div><div class="battle-history">The opposing Armaldo fainted!<br></div><div class="spacer battle-history"><br></div><div class="battle-history">sentry95 sent out <strong>Monferno</strong>!<br></div><div class="spacer battle-history"><br></div><h2 class="battle-history">Turn 15</h2><div class="spacer battle-history"><br></div><div class="battle-history">The opposing Monferno used <strong>Swords Dance</strong>!<br></div><div class="battle-history"><small>The opposing Monferno's Attack rose sharply!</small><br></div><div class="spacer battle-history"><br></div><div class="battle-history">Monferno used <strong>Close Combat</strong>!<br></div><div class="battle-history"><small>(The opposing Monferno lost <abbr title="−139/269">51.7%</abbr> of its health!)</small><br></div><div class="battle-history"><small>Monferno's Defense fell!</small><br></div><div class="battle-history"><small>Monferno's Special Defense fell!</small><br></div><div class="spacer battle-history"><br></div><h2 class="battle-history">Turn 16</h2><div class="spacer battle-history"><br></div><div class="battle-history">The opposing Monferno used <strong>Mach Punch</strong>!<br></div><div class="battle-history"><small>(Monferno lost <abbr title="−220/331">66.5%</abbr> of its health!)</small><br></div><div class="spacer battle-history"><br></div><div class="battle-history">Monferno fainted!<br></div><div class="spacer battle-history"><br></div><div class="battle-history">Go! <strong>Dodrio</strong>!<br></div><div class="battle-history"><small>Pointed stones dug into Dodrio!</small><br></div><div class="spacer battle-history"><br></div><h2 class="battle-history">Turn 17</h2><div class="spacer battle-history"><br></div><div class="battle-history">The opposing Monferno used <strong>Mach Punch</strong>!<br></div><div class="battle-history"><small>(Dodrio lost <abbr title="−159/261">60.9%</abbr> of its health!)</small><br></div><div class="spacer battle-history"><br></div><div class="battle-history">Dodrio used <strong>Return</strong>!<br></div><div class="battle-history"><small>(The opposing Monferno lost <abbr title="−130/269">48.3%</abbr> of its health!)</small><br></div><div class="spacer battle-history"><br></div><div class="battle-history">The opposing Monferno fainted!<br></div><div class="spacer battle-history"><br></div><div class="battle-history">sentry95 sent out <strong>Dodrio</strong>!<br></div><div class="spacer battle-history"><br></div><h2 class="battle-history">Turn 18</h2><div class="spacer battle-history"><br></div><div class="battle-history">The opposing Dodrio used <strong>Quick Attack</strong>!<br></div><div class="battle-history"><small>(Dodrio lost <abbr title="−37/261">14.2%</abbr> of its health!)</small><br></div><div class="spacer battle-history"><br></div><div class="battle-history">Dodrio fainted!<br></div><div class="spacer battle-history"><br></div><div class="battle-history"><strong>sentry95</strong> won the battle!<br></div><div class="chat"><small>jai shri krishna! left.</small></div><div class="chat"><small>sentry95 left.</small></div><div class="chat"><small>ed321ali123 joined.</small></div></div><div class="inner-preempt"></div></div></div>
</div>
<script>
let daily = Math.floor(Date.now()/1000/60/60/24);document.write('<script src="https://play.pokemonshowdown.com/js/replay-embed.js?version'+daily+'"></'+'script>');
</script>
