<!DOCTYPE html>
<meta charset="utf-8" />
<!-- version 1 -->
<title>PU replay: 2xTheTap vs. Turbonite</title>
<style>
html,body {font-family:Verdana, sans-serif;font-size:10pt;margin:0;padding:0;}body{padding:12px 0;} .battle-log {font-family:Verdana, sans-serif;font-size:10pt;} .battle-log-inline {border:1px solid #AAAAAA;background:#EEF2F5;color:black;max-width:640px;margin:0 auto 80px;padding-bottom:5px;} .battle-log .inner {padding:4px 8px 0px 8px;} .battle-log .inner-preempt {padding:0 8px 4px 8px;} .battle-log .inner-after {margin-top:0.5em;} .battle-log h2 {margin:0.5em -8px;padding:4px 8px;border:1px solid #AAAAAA;background:#E0E7EA;border-left:0;border-right:0;font-family:Verdana, sans-serif;font-size:13pt;} .battle-log .chat {vertical-align:middle;padding:3px 0 3px 0;font-size:8pt;} .battle-log .chat strong {color:#40576A;} .battle-log .chat em {padding:1px 4px 1px 3px;color:#000000;font-style:normal;} .chat.mine {background:rgba(0,0,0,0.05);margin-left:-8px;margin-right:-8px;padding-left:8px;padding-right:8px;} .spoiler {color:#BBBBBB;background:#BBBBBB;padding:0px 3px;} .spoiler:hover, .spoiler:active, .spoiler-shown {color:#000000;background:#E2E2E2;padding:0px 3px;} .spoiler a {color:#BBBBBB;} .spoiler:hover a, .spoiler:active a, .spoiler-shown a {color:#2288CC;} .chat code, .chat .spoiler:hover code, .chat .spoiler:active code, .chat .spoiler-shown code {border:1px solid #C0C0C0;background:#EEEEEE;color:black;padding:0 2px;} .chat .spoiler code {border:1px solid #CCCCCC;background:#CCCCCC;color:#CCCCCC;} .battle-log .rated {padding:3px 4px;} .battle-log .rated strong {color:white;background:#89A;padding:1px 4px;border-radius:4px;} .spacer {margin-top:0.5em;} .message-announce {background:#6688AA;color:white;padding:1px 4px 2px;} .message-announce a, .broadcast-green a, .broadcast-blue a, .broadcast-red a {color:#DDEEFF;} .broadcast-green {background-color:#559955;color:white;padding:2px 4px;} .broadcast-blue {background-color:#6688AA;color:white;padding:2px 4px;} .infobox {border:1px solid #6688AA;padding:2px 4px;} .infobox-limited {max-height:200px;overflow:auto;overflow-x:hidden;} .broadcast-red {background-color:#AA5544;color:white;padding:2px 4px;} .message-learn-canlearn {font-weight:bold;color:#228822;text-decoration:underline;} .message-learn-cannotlearn {font-weight:bold;color:#CC2222;text-decoration:underline;} .message-effect-weak {font-weight:bold;color:#CC2222;} .message-effect-resist {font-weight:bold;color:#6688AA;} .message-effect-immune {font-weight:bold;color:#666666;} .message-learn-list {margin-top:0;margin-bottom:0;} .message-throttle-notice, .message-error {color:#992222;} .message-overflow, .chat small.message-overflow {font-size:0pt;} .message-overflow::before {font-size:9pt;content:'...';} .subtle {color:#3A4A66;}
</style>
<div class="wrapper replay-wrapper" style="max-width:1180px;margin:0 auto">
<input type="hidden" name="replayid" value="pu-583158893" />
<div class="battle"></div><div class="battle-log"></div><div class="replay-controls"></div><div class="replay-controls-2"></div>
<h1 style="font-weight:normal;text-align:center"><strong>PU</strong><br /><a href="http://pokemonshowdown.com/users/2xthetap" class="subtle" target="_blank">2xTheTap</a> vs. <a href="http://pokemonshowdown.com/users/turbonite" class="subtle" target="_blank">Turbonite</a></h1>
<script type="text/plain" class="battle-log-data">|j|2xTheTap
|j|Turbonite
|player|p1|2xTheTap|#2xthetap
|teamsize|p1|6
|player|p2|Turbonite|274
|teamsize|p2|6
|gametype|singles
|gen|6
|tier|PU
|seed|18475,51724,12472,8759
|rule|Sleep Clause Mod: Limit one foe put to sleep
|rule|Species Clause: Limit one of each Pokémon
|rule|OHKO Clause: OHKO moves are banned
|rule|Moody Clause: Moody is banned
|rule|Evasion Moves Clause: Evasion moves are banned
|rule|Endless Battle Clause: Forcing endless battles is banned
|rule|HP Percentage Mod: HP is shown in percentages
|clearpoke
|poke|p1|Altaria, M|item
|poke|p1|Lumineon, M|item
|poke|p1|Muk, M|item
|poke|p1|Gourgeist-*, F|item
|poke|p1|Bronzor|item
|poke|p1|Camerupt, M|item
|poke|p2|Monferno, F|item
|poke|p2|Grumpig, F|item
|poke|p2|Rotom-Frost|item
|poke|p2|Bouffalant, M|item
|poke|p2|Golem, F|item
|poke|p2|Floatzel, F|item
|rule|Swagger Clause: Swagger is banned
|rule|Baton Pass Clause: Limit one Baton Passer, can't pass Spe and other stats simultaneously
|teampreview
|j|TIBot
|j|EviGaro
|choice|team 5, team 2, team 3, team 4, team 1, team 6|team 3, team 2, team 1, team 4, team 5, team 6
|
|start
|switch|p1a: Bronzor|Bronzor|317\/317
|switch|p2a: Rotom|Rotom-Frost|241\/241
|turn|1
|j|therealslap
|choice|move psywave|move willowisp
|
|move|p2a: Rotom|Will-O-Wisp|p1a: Bronzor
|-status|p1a: Bronzor|brn
|move|p1a: Bronzor|Psywave|p2a: Rotom
|-damage|p2a: Rotom|178\/241
|
|-heal|p2a: Rotom|193\/241|[from] item: Leftovers
|-damage|p1a: Bronzor|278\/317 brn|[from] brn
|upkeep
|turn|2
|choice|move stealthrock|switch 6
|
|switch|p2a: Floatzel|Floatzel, F|311\/311
|move|p1a: Bronzor|Stealth Rock|p2a: Floatzel
|-sidestart|p2: Turbonite|move: Stealth Rock
|
|-damage|p1a: Bronzor|239\/317 brn|[from] brn
|upkeep
|turn|3
|choice|move rest|move hydropump
|
|move|p2a: Floatzel|Hydro Pump|p1a: Bronzor|[miss]
|-miss|p2a: Floatzel|p1a: Bronzor
|move|p1a: Bronzor|Rest|p1a: Bronzor
|-status|p1a: Bronzor|slp
|-heal|p1a: Bronzor|317\/317 slp|[silent]
|-status|p1a: Bronzor|slp|[from] move: Rest
|
|upkeep
|turn|4
|choice|switch 2|move hydropump
|
|switch|p1a: Lumineon|Lumineon, M|341\/341
|move|p2a: Floatzel|Hydro Pump|p1a: Lumineon
|-ability|p1a: Lumineon|Storm Drain|boost
|-boost|p1a: Lumineon|spa|1
|
|upkeep
|turn|5
|choice|move scald|switch 6
|
|switch|p2a: Rotom|Rotom-Frost|193\/241
|-damage|p2a: Rotom|133\/241|[from] Stealth Rock
|move|p1a: Lumineon|Scald|p2a: Rotom
|-damage|p2a: Rotom|40\/241
|
|-heal|p2a: Rotom|55\/241|[from] item: Leftovers
|upkeep
|turn|6
|choice|switch 6|move thunderbolt
|
|switch|p1a: Camerupt|Camerupt, M|343\/343
|move|p2a: Rotom|Thunderbolt|p1a: Camerupt
|-immune|p1a: Camerupt|[msg]
|
|-heal|p2a: Rotom|70\/241|[from] item: Leftovers
|upkeep
|turn|7
|choice|move lavaplume|move blizzard
|
|move|p2a: Rotom|Blizzard|p1a: Camerupt
|-damage|p1a: Camerupt|202\/343
|move|p1a: Camerupt|Lava Plume|p2a: Rotom
|-supereffective|p2a: Rotom
|-damage|p2a: Rotom|0 fnt
|faint|p2a: Rotom
|
|-heal|p1a: Camerupt|223\/343|[from] item: Leftovers
|upkeep
|choice||switch 6
|
|switch|p2a: Floatzel|Floatzel, F|311\/311
|-damage|p2a: Floatzel|273\/311|[from] Stealth Rock
|turn|8
|choice|move protect|move icebeam
|
|move|p1a: Camerupt|Protect|p1a: Camerupt
|-singleturn|p1a: Camerupt|Protect
|move|p2a: Floatzel|Ice Beam|p1a: Camerupt
|-activate|p1a: Camerupt|move: Protect
|
|-heal|p1a: Camerupt|244\/343|[from] item: Leftovers
|upkeep
|turn|9
|choice|move earthpower|move icebeam
|
|move|p2a: Floatzel|Ice Beam|p1a: Camerupt
|-damage|p1a: Camerupt|171\/343
|move|p1a: Camerupt|Earth Power|p2a: Floatzel
|-damage|p2a: Floatzel|75\/311
|
|-heal|p1a: Camerupt|192\/343|[from] item: Leftovers
|upkeep
|turn|10
|choice|move earthpower|move icebeam
|
|move|p2a: Floatzel|Ice Beam|p1a: Camerupt
|-crit|p1a: Camerupt
|-damage|p1a: Camerupt|70\/343
|move|p1a: Camerupt|Earth Power|p2a: Floatzel
|-damage|p2a: Floatzel|0 fnt
|faint|p2a: Floatzel
|
|-heal|p1a: Camerupt|91\/343|[from] item: Leftovers
|upkeep
|choice||switch 3
|
|switch|p2a: Monferno|Monferno, F|269\/269
|-damage|p2a: Monferno|236\/269|[from] Stealth Rock
|turn|11
|choice|switch 5|move firepunch
|
|switch|p1a: Altaria|Altaria, M|353\/353
|move|p2a: Monferno|Fire Punch|p1a: Altaria
|-resisted|p1a: Altaria
|-damage|p1a: Altaria|304\/353
|
|-heal|p1a: Altaria|326\/353|[from] item: Leftovers
|upkeep
|turn|12
|choice|move toxic|switch 4
|
|switch|p2a: Bouffalant|Bouffalant, M|393\/393
|-damage|p2a: Bouffalant|344\/393|[from] Stealth Rock
|move|p1a: Altaria|Toxic|p2a: Bouffalant|[miss]
|-miss|p1a: Altaria|p2a: Bouffalant
|
|-heal|p1a: Altaria|348\/353|[from] item: Leftovers
|upkeep
|turn|13
|choice|switch 4|move frustration
|
|switch|p1a: Gourgeist|Gourgeist-Super, F|373\/373
|move|p2a: Bouffalant|Frustration|p1a: Gourgeist
|-immune|p1a: Gourgeist|[msg]
|
|upkeep
|turn|14
|choice|move foulplay|move pursuit
|
|move|p1a: Gourgeist|Foul Play|p2a: Bouffalant
|-damage|p2a: Bouffalant|236\/393
|move|p2a: Bouffalant|Pursuit|p1a: Gourgeist
|-supereffective|p1a: Gourgeist
|-enditem|p1a: Gourgeist|Colbur Berry|[eat]
|-enditem|p1a: Gourgeist|Colbur Berry|[weaken]
|-damage|p1a: Gourgeist|340\/373
|
|upkeep
|turn|15
|choice|move foulplay|move pursuit
|
|move|p1a: Gourgeist|Foul Play|p2a: Bouffalant
|-damage|p2a: Bouffalant|118\/393
|move|p2a: Bouffalant|Pursuit|p1a: Gourgeist
|-supereffective|p1a: Gourgeist
|-damage|p1a: Gourgeist|280\/373
|
|upkeep
|turn|16
|choice|move foulplay|move pursuit
|
|move|p1a: Gourgeist|Foul Play|p2a: Bouffalant
|-crit|p2a: Bouffalant
|-damage|p2a: Bouffalant|0 fnt
|faint|p2a: Bouffalant
|
|upkeep
|choice||switch 2
|
|switch|p2a: Grumpig|Grumpig, F|321\/321
|-damage|p2a: Grumpig|281\/321|[from] Stealth Rock
|turn|17
|choice|switch 3|move thunderwave
|
|switch|p1a: Muk|Muk, M|413\/413
|move|p2a: Grumpig|Thunder Wave|p1a: Muk
|-status|p1a: Muk|par
|
|upkeep
|turn|18
|choice|switch 5|move psychic
|
|switch|p1a: Camerupt|Camerupt, M|91\/343
|move|p2a: Grumpig|Psychic|p1a: Camerupt
|-damage|p1a: Camerupt|0 fnt
|faint|p1a: Camerupt
|
|upkeep
|choice|switch 4|
|
|switch|p1a: Altaria|Altaria, M|348\/353
|turn|19
|choice|move healbell|move thunderwave
|
|move|p2a: Grumpig|Thunder Wave|p1a: Altaria
|-status|p1a: Altaria|par
|move|p1a: Altaria|Heal Bell|p1a: Altaria
|-activate|p1a: Altaria|move: Heal Bell
|-curestatus|p1a: Altaria|par|[msg]
|-curestatus|p1: Bronzor|slp|[msg]
|-curestatus|p1: Muk|par|[msg]
|
|-heal|p1a: Altaria|353\/353|[from] item: Leftovers
|upkeep
|turn|20
|choice|move toxic|move psychic
|
|move|p2a: Grumpig|Psychic|p1a: Altaria
|-damage|p1a: Altaria|223\/353
|move|p1a: Altaria|Toxic|p2a: Grumpig
|-status|p2a: Grumpig|tox
|
|-heal|p1a: Altaria|245\/353|[from] item: Leftovers
|-damage|p2a: Grumpig|261\/321 tox|[from] psn
|upkeep
|turn|21
|choice|move roost|move psychic
|
|move|p2a: Grumpig|Psychic|p1a: Altaria
|-damage|p1a: Altaria|125\/353
|move|p1a: Altaria|Roost|p1a: Altaria
|-heal|p1a: Altaria|302\/353
|
|-heal|p1a: Altaria|324\/353|[from] item: Leftovers
|-damage|p2a: Grumpig|221\/321 tox|[from] psn
|upkeep
|turn|22
|choice|move toxic|move taunt
|
|move|p2a: Grumpig|Taunt|p1a: Altaria
|-start|p1a: Altaria|move: Taunt
|cant|p1a: Altaria|move: Taunt|Toxic
|
|-heal|p1a: Altaria|346\/353|[from] item: Leftovers
|-damage|p2a: Grumpig|161\/321 tox|[from] psn
|upkeep
|turn|23
|choice|switch 2|move psychic
|
|switch|p1a: Bronzor|Bronzor|317\/317
|move|p2a: Grumpig|Psychic|p1a: Bronzor
|-resisted|p1a: Bronzor
|-damage|p1a: Bronzor|297\/317
|
|-damage|p2a: Grumpig|81\/321 tox|[from] psn
|upkeep
|turn|24
|j|yCocokie✱
|choice|switch 2|move focusblast
|
|switch|p1a: Altaria|Altaria, M|346\/353
|move|p2a: Grumpig|Focus Blast|p1a: Altaria
|-resisted|p1a: Altaria
|-damage|p1a: Altaria|295\/353
|
|-heal|p1a: Altaria|317\/353|[from] item: Leftovers
|-damage|p2a: Grumpig|0 fnt|[from] psn
|upkeep
|faint|p2a: Grumpig
|choice||switch 5
|
|switch|p2a: Golem|Golem, F|301\/301
|-damage|p2a: Golem|283\/301|[from] Stealth Rock
|turn|25
|choice|switch 3|move rockblast
|
|switch|p1a: Gourgeist|Gourgeist-Super, F|280\/373
|move|p2a: Golem|Rock Blast|p1a: Gourgeist
|-damage|p1a: Gourgeist|252\/373
|-damage|p1a: Gourgeist|224\/373
|-damage|p1a: Gourgeist|194\/373
|-damage|p1a: Gourgeist|163\/373
|-hitcount|p1a: Gourgeist|4
|
|upkeep
|turn|26
|l|Turbonite
|player|p2|
|inactive|Battle timer is ON: inactive players will automatically lose when time's up. (requested by 2xTheTap)
|c| therealslap|altzormuk too good
|l|yCocokie✱
|c|☆2xTheTap|it's true, even if it's np mime shadow ball weak
|j|Turbonite
|player|p2|Turbonite|274
|choice|move synthesis|move suckerpunch
|
|move|p2a: Golem|Sucker Punch|p1a: Gourgeist|[still]
|-fail|p2a: Golem
|move|p1a: Gourgeist|Synthesis|p1a: Gourgeist
|-heal|p1a: Gourgeist|349\/373
|
|upkeep
|turn|27
|choice|move willowisp|move suckerpunch
|
|move|p2a: Golem|Sucker Punch|p1a: Gourgeist|[still]
|-fail|p2a: Golem
|move|p1a: Gourgeist|Will-O-Wisp|p2a: Golem
|-status|p2a: Golem|brn
|
|-damage|p2a: Golem|246\/301 brn|[from] brn
|upkeep
|turn|28
|choice|move foulplay|move stealthrock
|
|move|p2a: Golem|Stealth Rock|p1a: Gourgeist
|-sidestart|p1: 2xTheTap|move: Stealth Rock
|move|p1a: Gourgeist|Foul Play|p2a: Golem
|-damage|p2a: Golem|155\/301 brn
|
|-damage|p2a: Golem|118\/301 brn|[from] brn
|upkeep
|turn|29
|choice|move synthesis|move suckerpunch
|
|move|p2a: Golem|Sucker Punch|p1a: Gourgeist|[still]
|-fail|p2a: Golem
|move|p1a: Gourgeist|Synthesis|p1a: Gourgeist
|-heal|p1a: Gourgeist|373\/373
|
|-damage|p2a: Golem|81\/301 brn|[from] brn
|upkeep
|turn|30
|choice|move foulplay|move suckerpunch
|
|move|p2a: Golem|Sucker Punch|p1a: Gourgeist
|-supereffective|p1a: Gourgeist
|-crit|p1a: Gourgeist
|-damage|p1a: Gourgeist|286\/373
|move|p1a: Gourgeist|Foul Play|p2a: Golem
|-damage|p2a: Golem|0 fnt
|faint|p2a: Golem
|
|upkeep
|choice||switch 4
|
|switch|p2a: Monferno|Monferno, F|236\/269
|-damage|p2a: Monferno|203\/269|[from] Stealth Rock
|turn|31
|choice|move foulplay|move firepunch
|
|move|p2a: Monferno|Fire Punch|p1a: Gourgeist
|-supereffective|p1a: Gourgeist
|-damage|p1a: Gourgeist|128\/373
|move|p1a: Gourgeist|Foul Play|p2a: Monferno
|-resisted|p2a: Monferno
|-damage|p2a: Monferno|150\/269
|
|upkeep
|turn|32
|choice|move foulplay|move swordsdance
|
|move|p2a: Monferno|Swords Dance|p2a: Monferno
|-boost|p2a: Monferno|atk|2
|move|p1a: Gourgeist|Foul Play|p2a: Monferno
|-resisted|p2a: Monferno
|-damage|p2a: Monferno|45\/269
|
|upkeep
|turn|33
|choice|move foulplay|move firepunch
|
|move|p2a: Monferno|Fire Punch|p1a: Gourgeist
|-supereffective|p1a: Gourgeist
|-damage|p1a: Gourgeist|0 fnt
|faint|p1a: Gourgeist
|
|upkeep
|choice|switch 6|
|
|switch|p1a: Lumineon|Lumineon, M|341\/341
|-damage|p1a: Lumineon|299\/341|[from] Stealth Rock
|turn|34
|choice|move scald|move closecombat
|
|move|p2a: Monferno|Close Combat|p1a: Lumineon
|-crit|p1a: Lumineon
|-damage|p1a: Lumineon|0 fnt
|-unboost|p2a: Monferno|def|1
|-unboost|p2a: Monferno|spd|1
|faint|p1a: Lumineon
|
|upkeep
|choice|switch 5|
|
|switch|p1a: Muk|Muk, M|413\/413
|-damage|p1a: Muk|362\/413|[from] Stealth Rock
|turn|35
|choice|move poisonjab|move firepunch
|
|move|p2a: Monferno|Fire Punch|p1a: Muk
|-damage|p1a: Muk|56\/413
|move|p1a: Muk|Poison Jab|p2a: Monferno
|-damage|p2a: Monferno|0 fnt
|faint|p2a: Monferno
|
|win|2xTheTap
|l|TIBot</script>
</div>
<div class="battle-log battle-log-inline"><div class="inner"><div class="battle-options"></div><div class="inner"><div class="chat"><small>2xTheTap joined.</small></div><div class="chat"><small>Turbonite joined.</small></div><div class=""><small>Format:</small> <br><strong>PU</strong></div><div class=""><small><em>Sleep Clause Mod:</em> Limit one foe put to sleep</small></div><div class=""><small><em>Species Clause:</em> Limit one of each Pokémon</small></div><div class=""><small><em>OHKO Clause:</em> OHKO moves are banned</small></div><div class=""><small><em>Moody Clause:</em> Moody is banned</small></div><div class=""><small><em>Evasion Moves Clause:</em> Evasion moves are banned</small></div><div class=""><small><em>Endless Battle Clause:</em> Forcing endless battles is banned</small></div><div class=""><small><em>HP Percentage Mod:</em> HP is shown in percentages</small></div><div class=""><small><em>Swagger Clause:</em> Swagger is banned</small></div><div class=""><small><em>Baton Pass Clause:</em> Limit one Baton Passer, can't pass Spe and other stats simultaneously</small></div><div class="chat battle-history"><strong>2xTheTap's team:</strong> <em style="color:#445566;display:block;">Altaria / Lumineon / Muk / Gourgeist-* / Bronzor / Camerupt</em></div><div class="chat battle-history"><strong>Turbonite's team:</strong> <em style="color:#445566;display:block;">Monferno / Grumpig / Rotom-Frost / Bouffalant / Golem / Floatzel</em></div><div class="chat"><small>TIBot joined.</small></div><div class="chat"><small>EviGaro joined.</small></div><div class="spacer battle-history"><br></div><div class="battle-history">Battle started between 2xTheTap and Turbonite!<br></div><div class="spacer battle-history"><br></div><div class="battle-history">Go! <strong>Bronzor</strong>!<br></div><div class="spacer battle-history"><br></div><div class="battle-history">Turbonite sent out Rotom (<strong>Rotom-Frost</strong>)!<br></div><div class="spacer battle-history"><br></div><h2 class="battle-history">Turn 1</h2><div class="chat"><small>therealslap joined.</small></div><div class="spacer battle-history"><br></div><div class="battle-history">The opposing Rotom used <strong>Will-O-Wisp</strong>!<br></div><div class="battle-history"><small>Bronzor was burned!</small><br></div><div class="spacer battle-history"><br></div><div class="battle-history">Bronzor used <strong>Psywave</strong>!<br></div><div class="battle-history"><small>(The opposing Rotom lost <abbr title="−63/241">26.1%</abbr> of its health!)</small><br></div><div class="spacer battle-history"><br></div><div class="battle-history"><small>The opposing Rotom restored a little HP using its Leftovers!</small><br></div><div class="battle-history"><small>Bronzor was hurt by its burn!</small><br></div><div class="spacer battle-history"><br></div><h2 class="battle-history">Turn 2</h2><div class="spacer battle-history"><br></div><div class="battle-history">Turbonite withdrew Rotom!<br></div><div class="battle-history">Turbonite sent out <strong>Floatzel</strong>!<br></div><div class="spacer battle-history"><br></div><div class="battle-history">Bronzor used <strong>Stealth Rock</strong>!<br></div><div class="battle-history"><small>Pointed stones float in the air around the opposing team!</small><br></div><div class="spacer battle-history"><br></div><div class="battle-history"><small>Bronzor was hurt by its burn!</small><br></div><div class="spacer battle-history"><br></div><h2 class="battle-history">Turn 3</h2><div class="spacer battle-history"><br></div><div class="battle-history">The opposing Floatzel used <strong>Hydro Pump</strong>!<br></div><div class="battle-history"><small>Bronzor avoided the attack!</small><br></div><div class="spacer battle-history"><br></div><div class="battle-history">Bronzor used <strong>Rest</strong>!<br></div><div class="battle-history"><small>Bronzor fell asleep!</small><br></div><div class="battle-history"><small>Bronzor slept and became healthy!</small><br></div><div class="spacer battle-history"><br></div><h2 class="battle-history">Turn 4</h2><div class="spacer battle-history"><br></div><div class="battle-history">Bronzor, come back!<br></div><div class="battle-history">Go! <strong>Lumineon</strong>!<br></div><div class="spacer battle-history"><br></div><div class="battle-history">The opposing Floatzel used <strong>Hydro Pump</strong>!<br></div><div class="battle-history"><small>[Lumineon's Storm Drain]</small><br></div><div class="battle-history"><small>Lumineon's Special Attack rose!</small><br></div><div class="spacer battle-history"><br></div><h2 class="battle-history">Turn 5</h2><div class="spacer battle-history"><br></div><div class="battle-history">Turbonite withdrew Floatzel!<br></div><div class="battle-history">Turbonite sent out Rotom (<strong>Rotom-Frost</strong>)!<br></div><div class="battle-history"><small>Pointed stones dug into the opposing Rotom!</small><br></div><div class="spacer battle-history"><br></div><div class="battle-history">Lumineon used <strong>Scald</strong>!<br></div><div class="battle-history"><small>(The opposing Rotom lost <abbr title="−93/241">38.6%</abbr> of its health!)</small><br></div><div class="spacer battle-history"><br></div><div class="battle-history"><small>The opposing Rotom restored a little HP using its Leftovers!</small><br></div><div class="spacer battle-history"><br></div><h2 class="battle-history">Turn 6</h2><div class="spacer battle-history"><br></div><div class="battle-history">Lumineon, come back!<br></div><div class="battle-history">Go! <strong>Camerupt</strong>!<br></div><div class="spacer battle-history"><br></div><div class="battle-history">The opposing Rotom used <strong>Thunderbolt</strong>!<br></div><div class="battle-history"><small>It doesn't affect Camerupt...</small><br></div><div class="spacer battle-history"><br></div><div class="battle-history"><small>The opposing Rotom restored a little HP using its Leftovers!</small><br></div><div class="spacer battle-history"><br></div><h2 class="battle-history">Turn 7</h2><div class="spacer battle-history"><br></div><div class="battle-history">The opposing Rotom used <strong>Blizzard</strong>!<br></div><div class="battle-history"><small>(Camerupt lost <abbr title="−141/343">41.1%</abbr> of its health!)</small><br></div><div class="spacer battle-history"><br></div><div class="battle-history">Camerupt used <strong>Lava Plume</strong>!<br></div><div class="battle-history"><small>It's super effective!</small><br></div><div class="battle-history"><small>(The opposing Rotom lost <abbr title="−70/241">29.0%</abbr> of its health!)</small><br></div><div class="spacer battle-history"><br></div><div class="battle-history">The opposing Rotom fainted!<br></div><div class="spacer battle-history"><br></div><div class="battle-history"><small>Camerupt restored a little HP using its Leftovers!</small><br></div><div class="spacer battle-history"><br></div><div class="battle-history">Turbonite sent out <strong>Floatzel</strong>!<br></div><div class="battle-history"><small>Pointed stones dug into the opposing Floatzel!</small><br></div><div class="spacer battle-history"><br></div><h2 class="battle-history">Turn 8</h2><div class="spacer battle-history"><br></div><div class="battle-history">Camerupt used <strong>Protect</strong>!<br></div><div class="battle-history"><small>Camerupt protected itself!</small><br></div><div class="spacer battle-history"><br></div><div class="battle-history">The opposing Floatzel used <strong>Ice Beam</strong>!<br></div><div class="battle-history"><small>Camerupt protected itself!</small><br></div><div class="spacer battle-history"><br></div><div class="battle-history"><small>Camerupt restored a little HP using its Leftovers!</small><br></div><div class="spacer battle-history"><br></div><h2 class="battle-history">Turn 9</h2><div class="spacer battle-history"><br></div><div class="battle-history">The opposing Floatzel used <strong>Ice Beam</strong>!<br></div><div class="battle-history"><small>(Camerupt lost <abbr title="−73/343">21.3%</abbr> of its health!)</small><br></div><div class="spacer battle-history"><br></div><div class="battle-history">Camerupt used <strong>Earth Power</strong>!<br></div><div class="battle-history"><small>(The opposing Floatzel lost <abbr title="−198/311">63.7%</abbr> of its health!)</small><br></div><div class="spacer battle-history"><br></div><div class="battle-history"><small>Camerupt restored a little HP using its Leftovers!</small><br></div><div class="spacer battle-history"><br></div><h2 class="battle-history">Turn 10</h2><div class="spacer battle-history"><br></div><div class="battle-history">The opposing Floatzel used <strong>Ice Beam</strong>!<br></div><div class="battle-history"><small>A critical hit!</small><br></div><div class="battle-history"><small>(Camerupt lost <abbr title="−122/343">35.6%</abbr> of its health!)</small><br></div><div class="spacer battle-history"><br></div><div class="battle-history">Camerupt used <strong>Earth Power</strong>!<br></div><div class="battle-history"><small>(The opposing Floatzel lost <abbr title="−75/311">24.1%</abbr> of its health!)</small><br></div><div class="spacer battle-history"><br></div><div class="battle-history">The opposing Floatzel fainted!<br></div><div class="spacer battle-history"><br></div><div class="battle-history"><small>Camerupt restored a little HP using its Leftovers!</small><br></div><div class="spacer battle-history"><br></div><div class="battle-history">Turbonite sent out <strong>Monferno</strong>!<br></div><div class="battle-history"><small>Pointed stones dug into the opposing Monferno!</small><br></div><div class="spacer battle-history"><br></div><h2 class="battle-history">Turn 11</h2><div class="spacer battle-history"><br></div><div class="battle-history">Camerupt, come back!<br></div><div class="battle-history">Go! <strong>Altaria</strong>!<br></div><div class="spacer battle-history"><br></div><div class="battle-history">The opposing Monferno used <strong>Fire Punch</strong>!<br></div><div class="battle-history"><small>It's not very effective...</small><br></div><div class="battle-history"><small>(Altaria lost <abbr title="−49/353">13.9%</abbr> of its health!)</small><br></div><div class="spacer battle-history"><br></div><div class="battle-history"><small>Altaria restored a little HP using its Leftovers!</small><br></div><div class="spacer battle-history"><br></div><h2 class="battle-history">Turn 12</h2><div class="spacer battle-history"><br></div><div class="battle-history">Turbonite withdrew Monferno!<br></div><div class="battle-history">Turbonite sent out <strong>Bouffalant</strong>!<br></div><div class="battle-history"><small>Pointed stones dug into the opposing Bouffalant!</small><br></div><div class="spacer battle-history"><br></div><div class="battle-history">Altaria used <strong>Toxic</strong>!<br></div><div class="battle-history"><small>The opposing Bouffalant avoided the attack!</small><br></div><div class="spacer battle-history"><br></div><div class="battle-history"><small>Altaria restored a little HP using its Leftovers!</small><br></div><div class="spacer battle-history"><br></div><h2 class="battle-history">Turn 13</h2><div class="spacer battle-history"><br></div><div class="battle-history">Altaria, come back!<br></div><div class="battle-history">Go! Gourgeist (<strong>Gourgeist-Super</strong>)!<br></div><div class="spacer battle-history"><br></div><div class="battle-history">The opposing Bouffalant used <strong>Frustration</strong>!<br></div><div class="battle-history"><small>It doesn't affect Gourgeist...</small><br></div><div class="spacer battle-history"><br></div><h2 class="battle-history">Turn 14</h2><div class="spacer battle-history"><br></div><div class="battle-history">Gourgeist used <strong>Foul Play</strong>!<br></div><div class="battle-history"><small>(The opposing Bouffalant lost <abbr title="−108/393">27.5%</abbr> of its health!)</small><br></div><div class="spacer battle-history"><br></div><div class="battle-history">The opposing Bouffalant used <strong>Pursuit</strong>!<br></div><div class="battle-history"><small>It's super effective!</small><br></div><div class="battle-history"><small>Gourgeist ate its Colbur Berry!</small><br></div><div class="battle-history"><small>The Colbur Berry weakened the damage to Gourgeist!</small><br></div><div class="battle-history"><small>(Gourgeist lost <abbr title="−33/373">8.8%</abbr> of its health!)</small><br></div><div class="spacer battle-history"><br></div><h2 class="battle-history">Turn 15</h2><div class="spacer battle-history"><br></div><div class="battle-history">Gourgeist used <strong>Foul Play</strong>!<br></div><div class="battle-history"><small>(The opposing Bouffalant lost <abbr title="−118/393">30.0%</abbr> of its health!)</small><br></div><div class="spacer battle-history"><br></div><div class="battle-history">The opposing Bouffalant used <strong>Pursuit</strong>!<br></div><div class="battle-history"><small>It's super effective!</small><br></div><div class="battle-history"><small>(Gourgeist lost <abbr title="−60/373">16.1%</abbr> of its health!)</small><br></div><div class="spacer battle-history"><br></div><h2 class="battle-history">Turn 16</h2><div class="spacer battle-history"><br></div><div class="battle-history">Gourgeist used <strong>Foul Play</strong>!<br></div><div class="battle-history"><small>A critical hit!</small><br></div><div class="battle-history"><small>(The opposing Bouffalant lost <abbr title="−118/393">30.0%</abbr> of its health!)</small><br></div><div class="spacer battle-history"><br></div><div class="battle-history">The opposing Bouffalant fainted!<br></div><div class="spacer battle-history"><br></div><div class="battle-history">Turbonite sent out <strong>Grumpig</strong>!<br></div><div class="battle-history"><small>Pointed stones dug into the opposing Grumpig!</small><br></div><div class="spacer battle-history"><br></div><h2 class="battle-history">Turn 17</h2><div class="spacer battle-history"><br></div><div class="battle-history">Gourgeist, come back!<br></div><div class="battle-history">Go! <strong>Muk</strong>!<br></div><div class="spacer battle-history"><br></div><div class="battle-history">The opposing Grumpig used <strong>Thunder Wave</strong>!<br></div><div class="battle-history"><small>Muk is paralyzed! It may be unable to move!</small><br></div><div class="spacer battle-history"><br></div><h2 class="battle-history">Turn 18</h2><div class="spacer battle-history"><br></div><div class="battle-history">Muk, come back!<br></div><div class="battle-history">Go! <strong>Camerupt</strong>!<br></div><div class="spacer battle-history"><br></div><div class="battle-history">The opposing Grumpig used <strong>Psychic</strong>!<br></div><div class="battle-history"><small>(Camerupt lost <abbr title="−91/343">26.5%</abbr> of its health!)</small><br></div><div class="spacer battle-history"><br></div><div class="battle-history">Camerupt fainted!<br></div><div class="spacer battle-history"><br></div><div class="battle-history">Go! <strong>Altaria</strong>!<br></div><div class="spacer battle-history"><br></div><h2 class="battle-history">Turn 19</h2><div class="spacer battle-history"><br></div><div class="battle-history">The opposing Grumpig used <strong>Thunder Wave</strong>!<br></div><div class="battle-history"><small>Altaria is paralyzed! It may be unable to move!</small><br></div><div class="spacer battle-history"><br></div><div class="battle-history">Altaria used <strong>Heal Bell</strong>!<br></div><div class="battle-history"><small>A bell chimed!</small><br></div><div class="battle-history"><small>Altaria was cured of paralysis.</small><br></div><div class="battle-history"><small>Bronzor woke up!</small><br></div><div class="battle-history"><small>Muk was cured of paralysis.</small><br></div><div class="spacer battle-history"><br></div><div class="battle-history"><small>Altaria restored a little HP using its Leftovers!</small><br></div><div class="spacer battle-history"><br></div><h2 class="battle-history">Turn 20</h2><div class="spacer battle-history"><br></div><div class="battle-history">The opposing Grumpig used <strong>Psychic</strong>!<br></div><div class="battle-history"><small>(Altaria lost <abbr title="−130/353">36.8%</abbr> of its health!)</small><br></div><div class="spacer battle-history"><br></div><div class="battle-history">Altaria used <strong>Toxic</strong>!<br></div><div class="battle-history"><small>The opposing Grumpig was badly poisoned!</small><br></div><div class="spacer battle-history"><br></div><div class="battle-history"><small>Altaria restored a little HP using its Leftovers!</small><br></div><div class="battle-history"><small>The opposing Grumpig was hurt by poison!</small><br></div><div class="spacer battle-history"><br></div><h2 class="battle-history">Turn 21</h2><div class="spacer battle-history"><br></div><div class="battle-history">The opposing Grumpig used <strong>Psychic</strong>!<br></div><div class="battle-history"><small>(Altaria lost <abbr title="−120/353">34.0%</abbr> of its health!)</small><br></div><div class="spacer battle-history"><br></div><div class="battle-history">Altaria used <strong>Roost</strong>!<br></div><div class="battle-history"><small>Altaria restored its HP.</small><br></div><div class="spacer battle-history"><br></div><div class="battle-history"><small>Altaria restored a little HP using its Leftovers!</small><br></div><div class="battle-history"><small>The opposing Grumpig was hurt by poison!</small><br></div><div class="spacer battle-history"><br></div><h2 class="battle-history">Turn 22</h2><div class="spacer battle-history"><br></div><div class="battle-history">The opposing Grumpig used <strong>Taunt</strong>!<br></div><div class="battle-history"><small>Altaria fell for the taunt!</small><br></div><div class="spacer battle-history"><br></div><div class="battle-history">Altaria can't use Toxic after the taunt!<br></div><div class="spacer battle-history"><br></div><div class="battle-history"><small>Altaria restored a little HP using its Leftovers!</small><br></div><div class="battle-history"><small>The opposing Grumpig was hurt by poison!</small><br></div><div class="spacer battle-history"><br></div><h2 class="battle-history">Turn 23</h2><div class="spacer battle-history"><br></div><div class="battle-history">Altaria, come back!<br></div><div class="battle-history">Go! <strong>Bronzor</strong>!<br></div><div class="spacer battle-history"><br></div><div class="battle-history">The opposing Grumpig used <strong>Psychic</strong>!<br></div><div class="battle-history"><small>It's not very effective...</small><br></div><div class="battle-history"><small>(Bronzor lost <abbr title="−20/317">6.3%</abbr> of its health!)</small><br></div><div class="spacer battle-history"><br></div><div class="battle-history"><small>The opposing Grumpig was hurt by poison!</small><br></div><div class="spacer battle-history"><br></div><h2 class="battle-history">Turn 24</h2><div class="chat"><small>yCocokie✱ joined.</small></div><div class="spacer battle-history"><br></div><div class="battle-history">Bronzor, come back!<br></div><div class="battle-history">Go! <strong>Altaria</strong>!<br></div><div class="spacer battle-history"><br></div><div class="battle-history">The opposing Grumpig used <strong>Focus Blast</strong>!<br></div><div class="battle-history"><small>It's not very effective...</small><br></div><div class="battle-history"><small>(Altaria lost <abbr title="−51/353">14.4%</abbr> of its health!)</small><br></div><div class="spacer battle-history"><br></div><div class="battle-history"><small>Altaria restored a little HP using its Leftovers!</small><br></div><div class="battle-history"><small>The opposing Grumpig was hurt by poison!</small><br></div><div class="spacer battle-history"><br></div><div class="battle-history">The opposing Grumpig fainted!<br></div><div class="spacer battle-history"><br></div><div class="battle-history">Turbonite sent out <strong>Golem</strong>!<br></div><div class="battle-history"><small>Pointed stones dug into the opposing Golem!</small><br></div><div class="spacer battle-history"><br></div><h2 class="battle-history">Turn 25</h2><div class="spacer battle-history"><br></div><div class="battle-history">Altaria, come back!<br></div><div class="battle-history">Go! Gourgeist (<strong>Gourgeist-Super</strong>)!<br></div><div class="spacer battle-history"><br></div><div class="battle-history">The opposing Golem used <strong>Rock Blast</strong>!<br></div><div class="battle-history"><small>(Gourgeist lost <abbr title="−28/373">7.5%</abbr> of its health!)</small><br></div><div class="battle-history"><small>(Gourgeist lost <abbr title="−28/373">7.5%</abbr> of its health!)</small><br></div><div class="battle-history"><small>(Gourgeist lost <abbr title="−30/373">8.0%</abbr> of its health!)</small><br></div><div class="battle-history"><small>(Gourgeist lost <abbr title="−31/373">8.3%</abbr> of its health!)</small><br></div><div class="battle-history"><small>Hit 4 times!</small><br></div><div class="spacer battle-history"><br></div><h2 class="battle-history">Turn 26</h2><div class="chat"><small>Turbonite left.</small></div><div class="chat message-error">Battle timer is ON: inactive players will automatically lose when time's up. (requested by 2xTheTap)</div><div class="chat chatmessage-therealslap"><strong style="color:hsl(314,74%,43%)"><small> </small><span class="username" data-name="therealslap">therealslap</span>:</strong> <em>altzormuk too good</em></div><div class="chat"><small>yCocokie✱ left.</small></div><div class="chat chatmessage-2xthetap"><strong style="color:hsl(356,51%,50.948703188140954%)"><small>☆</small><span class="username" data-name="2xTheTap">2xTheTap</span>:</strong> <em>it's true, even if it's np mime shadow ball weak</em></div><div class="chat"><small>Turbonite joined.</small></div><div class="spacer battle-history"><br></div><div class="battle-history">The opposing Golem used <strong>Sucker Punch</strong>!<br></div><div class="battle-history"><small>But it failed!</small><br></div><div class="spacer battle-history"><br></div><div class="battle-history">Gourgeist used <strong>Synthesis</strong>!<br></div><div class="battle-history"><small>Gourgeist restored its HP.</small><br></div><div class="spacer battle-history"><br></div><h2 class="battle-history">Turn 27</h2><div class="spacer battle-history"><br></div><div class="battle-history">The opposing Golem used <strong>Sucker Punch</strong>!<br></div><div class="battle-history"><small>But it failed!</small><br></div><div class="spacer battle-history"><br></div><div class="battle-history">Gourgeist used <strong>Will-O-Wisp</strong>!<br></div><div class="battle-history"><small>The opposing Golem was burned!</small><br></div><div class="spacer battle-history"><br></div><div class="battle-history"><small>The opposing Golem was hurt by its burn!</small><br></div><div class="spacer battle-history"><br></div><h2 class="battle-history">Turn 28</h2><div class="spacer battle-history"><br></div><div class="battle-history">The opposing Golem used <strong>Stealth Rock</strong>!<br></div><div class="battle-history"><small>Pointed stones float in the air around your team!</small><br></div><div class="spacer battle-history"><br></div><div class="battle-history">Gourgeist used <strong>Foul Play</strong>!<br></div><div class="battle-history"><small>(The opposing Golem lost <abbr title="−91/301">30.2%</abbr> of its health!)</small><br></div><div class="spacer battle-history"><br></div><div class="battle-history"><small>The opposing Golem was hurt by its burn!</small><br></div><div class="spacer battle-history"><br></div><h2 class="battle-history">Turn 29</h2><div class="spacer battle-history"><br></div><div class="battle-history">The opposing Golem used <strong>Sucker Punch</strong>!<br></div><div class="battle-history"><small>But it failed!</small><br></div><div class="spacer battle-history"><br></div><div class="battle-history">Gourgeist used <strong>Synthesis</strong>!<br></div><div class="battle-history"><small>Gourgeist restored its HP.</small><br></div><div class="spacer battle-history"><br></div><div class="battle-history"><small>The opposing Golem was hurt by its burn!</small><br></div><div class="spacer battle-history"><br></div><h2 class="battle-history">Turn 30</h2><div class="spacer battle-history"><br></div><div class="battle-history">The opposing Golem used <strong>Sucker Punch</strong>!<br></div><div class="battle-history"><small>It's super effective!</small><br></div><div class="battle-history"><small>A critical hit!</small><br></div><div class="battle-history"><small>(Gourgeist lost <abbr title="−87/373">23.3%</abbr> of its health!)</small><br></div><div class="spacer battle-history"><br></div><div class="battle-history">Gourgeist used <strong>Foul Play</strong>!<br></div><div class="battle-history"><small>(The opposing Golem lost <abbr title="−81/301">26.9%</abbr> of its health!)</small><br></div><div class="spacer battle-history"><br></div><div class="battle-history">The opposing Golem fainted!<br></div><div class="spacer battle-history"><br></div><div class="battle-history">Turbonite sent out <strong>Monferno</strong>!<br></div><div class="battle-history"><small>Pointed stones dug into the opposing Monferno!</small><br></div><div class="spacer battle-history"><br></div><h2 class="battle-history">Turn 31</h2><div class="spacer battle-history"><br></div><div class="battle-history">The opposing Monferno used <strong>Fire Punch</strong>!<br></div><div class="battle-history"><small>It's super effective!</small><br></div><div class="battle-history"><small>(Gourgeist lost <abbr title="−158/373">42.4%</abbr> of its health!)</small><br></div><div class="spacer battle-history"><br></div><div class="battle-history">Gourgeist used <strong>Foul Play</strong>!<br></div><div class="battle-history"><small>It's not very effective...</small><br></div><div class="battle-history"><small>(The opposing Monferno lost <abbr title="−53/269">19.7%</abbr> of its health!)</small><br></div><div class="spacer battle-history"><br></div><h2 class="battle-history">Turn 32</h2><div class="spacer battle-history"><br></div><div class="battle-history">The opposing Monferno used <strong>Swords Dance</strong>!<br></div><div class="battle-history"><small>The opposing Monferno's Attack rose sharply!</small><br></div><div class="spacer battle-history"><br></div><div class="battle-history">Gourgeist used <strong>Foul Play</strong>!<br></div><div class="battle-history"><small>It's not very effective...</small><br></div><div class="battle-history"><small>(The opposing Monferno lost <abbr title="−105/269">39.0%</abbr> of its health!)</small><br></div><div class="spacer battle-history"><br></div><h2 class="battle-history">Turn 33</h2><div class="spacer battle-history"><br></div><div class="battle-history">The opposing Monferno used <strong>Fire Punch</strong>!<br></div><div class="battle-history"><small>It's super effective!</small><br></div><div class="battle-history"><small>(Gourgeist lost <abbr title="−128/373">34.3%</abbr> of its health!)</small><br></div><div class="spacer battle-history"><br></div><div class="battle-history">Gourgeist fainted!<br></div><div class="spacer battle-history"><br></div><div class="battle-history">Go! <strong>Lumineon</strong>!<br></div><div class="battle-history"><small>Pointed stones dug into Lumineon!</small><br></div><div class="spacer battle-history"><br></div><h2 class="battle-history">Turn 34</h2><div class="spacer battle-history"><br></div><div class="battle-history">The opposing Monferno used <strong>Close Combat</strong>!<br></div><div class="battle-history"><small>A critical hit!</small><br></div><div class="battle-history"><small>(Lumineon lost <abbr title="−299/341">87.7%</abbr> of its health!)</small><br></div><div class="battle-history"><small>The opposing Monferno's Defense fell!</small><br></div><div class="battle-history"><small>The opposing Monferno's Special Defense fell!</small><br></div><div class="spacer battle-history"><br></div><div class="battle-history">Lumineon fainted!<br></div><div class="spacer battle-history"><br></div><div class="battle-history">Go! <strong>Muk</strong>!<br></div><div class="battle-history"><small>Pointed stones dug into Muk!</small><br></div><div class="spacer battle-history"><br></div><h2 class="battle-history">Turn 35</h2><div class="spacer battle-history"><br></div><div class="battle-history">The opposing Monferno used <strong>Fire Punch</strong>!<br></div><div class="battle-history"><small>(Muk lost <abbr title="−306/413">74.1%</abbr> of its health!)</small><br></div><div class="spacer battle-history"><br></div><div class="battle-history">Muk used <strong>Poison Jab</strong>!<br></div><div class="battle-history"><small>(The opposing Monferno lost <abbr title="−45/269">16.7%</abbr> of its health!)</small><br></div><div class="spacer battle-history"><br></div><div class="battle-history">The opposing Monferno fainted!<br></div><div class="spacer battle-history"><br></div><div class="battle-history"><strong>2xTheTap</strong> won the battle!<br></div><div class="chat"><small>TIBot left.</small></div></div><div class="inner-preempt"></div></div></div>
</div>
<script>
let daily = Math.floor(Date.now()/1000/60/60/24);document.write('<script src="https://play.pokemonshowdown.com/js/replay-embed.js?version'+daily+'"></'+'script>');
</script>
