<!DOCTYPE html>
<meta charset="utf-8" />
<!-- version 1 -->
<title>PU replay: The Golden Banjo vs. 275p</title>
<style>
html,body {font-family:Verdana, sans-serif;font-size:10pt;margin:0;padding:0;}body{padding:12px 0;} .battle-log {font-family:Verdana, sans-serif;font-size:10pt;} .battle-log-inline {border:1px solid #AAAAAA;background:#EEF2F5;color:black;max-width:640px;margin:0 auto 80px;padding-bottom:5px;} .battle-log .inner {padding:4px 8px 0px 8px;} .battle-log .inner-preempt {padding:0 8px 4px 8px;} .battle-log .inner-after {margin-top:0.5em;} .battle-log h2 {margin:0.5em -8px;padding:4px 8px;border:1px solid #AAAAAA;background:#E0E7EA;border-left:0;border-right:0;font-family:Verdana, sans-serif;font-size:13pt;} .battle-log .chat {vertical-align:middle;padding:3px 0 3px 0;font-size:8pt;} .battle-log .chat strong {color:#40576A;} .battle-log .chat em {padding:1px 4px 1px 3px;color:#000000;font-style:normal;} .chat.mine {background:rgba(0,0,0,0.05);margin-left:-8px;margin-right:-8px;padding-left:8px;padding-right:8px;} .spoiler {color:#BBBBBB;background:#BBBBBB;padding:0px 3px;} .spoiler:hover, .spoiler:active, .spoiler-shown {color:#000000;background:#E2E2E2;padding:0px 3px;} .spoiler a {color:#BBBBBB;} .spoiler:hover a, .spoiler:active a, .spoiler-shown a {color:#2288CC;} .chat code, .chat .spoiler:hover code, .chat .spoiler:active code, .chat .spoiler-shown code {border:1px solid #C0C0C0;background:#EEEEEE;color:black;padding:0 2px;} .chat .spoiler code {border:1px solid #CCCCCC;background:#CCCCCC;color:#CCCCCC;} .battle-log .rated {padding:3px 4px;} .battle-log .rated strong {color:white;background:#89A;padding:1px 4px;border-radius:4px;} .spacer {margin-top:0.5em;} .message-announce {background:#6688AA;color:white;padding:1px 4px 2px;} .message-announce a, .broadcast-green a, .broadcast-blue a, .broadcast-red a {color:#DDEEFF;} .broadcast-green {background-color:#559955;color:white;padding:2px 4px;} .broadcast-blue {background-color:#6688AA;color:white;padding:2px 4px;} .infobox {border:1px solid #6688AA;padding:2px 4px;} .infobox-limited {max-height:200px;overflow:auto;overflow-x:hidden;} .broadcast-red {background-color:#AA5544;color:white;padding:2px 4px;} .message-learn-canlearn {font-weight:bold;color:#228822;text-decoration:underline;} .message-learn-cannotlearn {font-weight:bold;color:#CC2222;text-decoration:underline;} .message-effect-weak {font-weight:bold;color:#CC2222;} .message-effect-resist {font-weight:bold;color:#6688AA;} .message-effect-immune {font-weight:bold;color:#666666;} .message-learn-list {margin-top:0;margin-bottom:0;} .message-throttle-notice, .message-error {color:#992222;} .message-overflow, .chat small.message-overflow {font-size:0pt;} .message-overflow::before {font-size:9pt;content:'...';} .subtle {color:#3A4A66;}
</style>
<div class="wrapper replay-wrapper" style="max-width:1180px;margin:0 auto">
<input type="hidden" name="replayid" value="pu-588278718" />
<div class="battle"></div><div class="battle-log"></div><div class="replay-controls"></div><div class="replay-controls-2"></div>
<h1 style="font-weight:normal;text-align:center"><strong>PU</strong><br /><a href="http://pokemonshowdown.com/users/thegoldenbanjo" class="subtle" target="_blank">The Golden Banjo</a> vs. <a href="http://pokemonshowdown.com/users/275p" class="subtle" target="_blank">275p</a></h1>
<script type="text/plain" class="battle-log-data">|j|The Golden Banjo
|j|275p
|player|p1|The Golden Banjo|10
|teamsize|p1|6
|player|p2|275p|69
|teamsize|p2|6
|gametype|singles
|gen|6
|tier|PU
|rated
|seed|21885,30206,40047,22514
|rule|Sleep Clause Mod: Limit one foe put to sleep
|rule|Species Clause: Limit one of each Pokémon
|rule|OHKO Clause: OHKO moves are banned
|rule|Moody Clause: Moody is banned
|rule|Evasion Moves Clause: Evasion moves are banned
|rule|Endless Battle Clause: Forcing endless battles is banned
|rule|HP Percentage Mod: HP is shown in percentages
|clearpoke
|poke|p1|Ursaring, M|item
|poke|p1|Rotom-Frost|item
|poke|p1|Golem, M|item
|poke|p1|Monferno, M|item
|poke|p1|Tangela, M|item
|poke|p1|Pelipper, F|item
|poke|p2|Ledian, M|item
|poke|p2|Spinda, M|item
|poke|p2|Plusle, M|item
|poke|p2|Luvdisc, F|item
|poke|p2|Crustle, F|item
|poke|p2|Slaking, M|item
|rule|Swagger Clause: Swagger is banned
|rule|Baton Pass Clause: Limit one Baton Passer, can't pass Spe and other stats simultaneously
|teampreview
|choice|team 3, team 2, team 1, team 4, team 5, team 6|team 1, team 2, team 3, team 4, team 5, team 6
|
|start
|switch|p1a: Golem|Golem, M|364\/364
|switch|p2a: Ledian|Ledian, M|313\/313
|turn|1
|choice|move rockblast|move reflect
|
|move|p2a: Ledian|Reflect|p2a: Ledian
|-sidestart|p2: 275p|Reflect
|move|p1a: Golem|Rock Blast|p2a: Ledian
|-supereffective|p2a: Ledian
|-crit|p2a: Ledian
|-damage|p2a: Ledian|0 fnt
|-hitcount|p2a: Ledian|1
|faint|p2a: Ledian
|
|upkeep
|choice||switch 4
|
|switch|p2a: Luvdisc|Luvdisc, F|227\/227
|turn|2
|choice|switch 3|move raindance
|
|switch|p1a: VILLAGE CRUSHER|Ursaring, M|384\/384
|move|p2a: Luvdisc|Rain Dance|p2a: Luvdisc
|-weather|RainDance
|
|-weather|RainDance|[upkeep]
|upkeep
|turn|3
|choice|move frustration|move hydropump
|
|move|p2a: Luvdisc|Hydro Pump|p1a: VILLAGE CRUSHER
|-damage|p1a: VILLAGE CRUSHER|211\/384
|-damage|p2a: Luvdisc|205\/227|[from] item: Life Orb
|move|p1a: VILLAGE CRUSHER|Frustration|p2a: Luvdisc
|-damage|p2a: Luvdisc|94\/227
|
|-weather|RainDance|[upkeep]
|-heal|p1a: VILLAGE CRUSHER|235\/384|[from] item: Leftovers
|upkeep
|turn|4
|choice|move frustration|move hydropump
|
|move|p2a: Luvdisc|Hydro Pump|p1a: VILLAGE CRUSHER
|-damage|p1a: VILLAGE CRUSHER|56\/384
|-damage|p2a: Luvdisc|72\/227|[from] item: Life Orb
|move|p1a: VILLAGE CRUSHER|Frustration|p2a: Luvdisc
|-damage|p2a: Luvdisc|0 fnt
|faint|p2a: Luvdisc
|
|-weather|RainDance|[upkeep]
|-heal|p1a: VILLAGE CRUSHER|80\/384|[from] item: Leftovers
|upkeep
|choice||switch 3
|
|switch|p2a: Plusle|Plusle, M|261\/261
|turn|5
|choice|move frustration|move voltswitch
|
|move|p2a: Plusle|Volt Switch|p1a: VILLAGE CRUSHER
|-crit|p1a: VILLAGE CRUSHER
|-damage|p1a: VILLAGE CRUSHER|0 fnt
|-damage|p2a: Plusle|235\/261|[from] item: Life Orb
|faint|p1a: VILLAGE CRUSHER
|choice||switch 2
|
|switch|p2a: Spinda|Spinda, M|324\/324
|
|-weather|RainDance|[upkeep]
|upkeep
|choice|switch 5|
|
|switch|p1a: Tangela|Tangela, M|334\/334
|turn|6
|choice|move sleeppowder|move superpower
|
|move|p1a: Tangela|Sleep Powder|p2a: Spinda|[miss]
|-miss|p1a: Tangela|p2a: Spinda
|move|p2a: Spinda|Superpower|p1a: Tangela
|-damage|p1a: Tangela|287\/334
|-boost|p2a: Spinda|atk|1
|-boost|p2a: Spinda|def|1
|
|-weather|none
|upkeep
|turn|7
|choice|move sleeppowder|move superpower
|
|move|p1a: Tangela|Sleep Powder|p2a: Spinda|[miss]
|-miss|p1a: Tangela|p2a: Spinda
|move|p2a: Spinda|Superpower|p1a: Tangela
|-damage|p1a: Tangela|220\/334
|-boost|p2a: Spinda|atk|1
|-boost|p2a: Spinda|def|1
|
|upkeep
|turn|8
|choice|move sleeppowder|move superpower
|
|move|p1a: Tangela|Sleep Powder|p2a: Spinda
|-status|p2a: Spinda|slp
|cant|p2a: Spinda|slp
|
|-sideend|p2: 275p|Reflect
|upkeep
|turn|9
|choice|move gigadrain|move superpower
|
|move|p1a: Tangela|Giga Drain|p2a: Spinda
|-damage|p2a: Spinda|234\/324 slp
|-heal|p1a: Tangela|265\/334|[from] drain|[of] p2a: Spinda
|cant|p2a: Spinda|slp
|
|upkeep
|turn|10
|choice|move knockoff|move superpower
|
|move|p1a: Tangela|Knock Off|p2a: Spinda
|-damage|p2a: Spinda|203\/324 slp
|-enditem|p2a: Spinda|Assault Vest|[from] move: Knock Off|[of] p1a: Tangela
|-curestatus|p2a: Spinda|slp|[msg]
|move|p2a: Spinda|Superpower|p1a: Tangela
|-damage|p1a: Tangela|180\/334
|-boost|p2a: Spinda|atk|1
|-boost|p2a: Spinda|def|1
|
|upkeep
|turn|11
|choice|move sleeppowder|move return
|
|move|p1a: Tangela|Sleep Powder|p2a: Spinda|[miss]
|-miss|p1a: Tangela|p2a: Spinda
|move|p2a: Spinda|Return|p1a: Tangela
|-damage|p1a: Tangela|38\/334
|
|upkeep
|turn|12
|choice|move sleeppowder|move return
|
|move|p1a: Tangela|Sleep Powder|p2a: Spinda
|-status|p2a: Spinda|slp
|cant|p2a: Spinda|slp
|
|upkeep
|turn|13
|choice|move gigadrain|move drainpunch
|
|move|p1a: Tangela|Giga Drain|p2a: Spinda
|-damage|p2a: Spinda|61\/324 slp
|-heal|p1a: Tangela|109\/334|[from] drain|[of] p2a: Spinda
|-curestatus|p2a: Spinda|slp|[msg]
|move|p2a: Spinda|Drain Punch|p1a: Tangela
|-damage|p1a: Tangela|37\/334
|-heal|p2a: Spinda|97\/324|[from] drain|[of] p1a: Tangela
|
|upkeep
|turn|14
|choice|move gigadrain|move return
|
|move|p1a: Tangela|Giga Drain|p2a: Spinda
|-damage|p2a: Spinda|0 fnt
|-heal|p1a: Tangela|86\/334|[from] drain|[of] p2a: Spinda
|faint|p2a: Spinda
|
|upkeep
|c|☆The Golden Banjo|that was annoying
|choice||switch 2
|
|switch|p2a: Plusle|Plusle, M|235\/261
|turn|15
|c|☆275p|I won a tour yesterday btw
|c|☆The Golden Banjo|congats :]
|c|☆275p|thx
|c|☆The Golden Banjo|pu?
|choice|switch 2|move signalbeam
|
|switch|p1a: Rotom|Rotom-Frost|241\/241
|move|p2a: Plusle|Signal Beam|p1a: Rotom
|-damage|p1a: Rotom|155\/241
|-damage|p2a: Plusle|209\/261|[from] item: Life Orb
|
|upkeep
|turn|16
|c|☆275p|gen 5 pu
|c|☆275p|http:\/\/replay.pokemonshowdown.com\/gen5nu-587998474
|c|☆275p|there`s the final
|choice|move blizzard|move signalbeam
|
|move|p1a: Rotom|Blizzard|p2a: Plusle
|-damage|p2a: Plusle|0 fnt
|faint|p2a: Plusle
|
|upkeep
|choice||switch 6
|
|switch|p2a: Slaking|Slaking, M|441\/441
|turn|17
|choice|move blizzard|move gigaimpact
|
|move|p1a: Rotom|Blizzard|p2a: Slaking
|-crit|p2a: Slaking
|-damage|p2a: Slaking|66\/441
|move|p2a: Slaking|Giga Impact|p1a: Rotom
|-damage|p1a: Rotom|0 fnt
|faint|p1a: Rotom
|
|upkeep
|choice|switch 3|
|
|switch|p1a: Golem|Golem, M|364\/364
|turn|18
|-mustrecharge|p2a: Slaking
|-mustrecharge|p2a: Slaking
|-mustrecharge|p2a: Slaking
|choice|move stealthrock|move recharge
|
|cant|p2a: Slaking|recharge
|move|p1a: Golem|Stealth Rock|p2a: Slaking
|-sidestart|p2: 275p|move: Stealth Rock
|
|upkeep
|turn|19
|choice|switch 4|move gigaimpact
|
|switch|p1a: Monferno|Monferno, M|269\/269
|move|p2a: Slaking|Giga Impact|p1a: Monferno
|-damage|p1a: Monferno|0 fnt
|faint|p1a: Monferno
|
|upkeep
|choice|switch 4|
|
|switch|p1a: Golem|Golem, M|364\/364
|turn|20
|-mustrecharge|p2a: Slaking
|-mustrecharge|p2a: Slaking
|-mustrecharge|p2a: Slaking
|choice|move earthquake|move recharge
|
|cant|p2a: Slaking|recharge
|move|p1a: Golem|Earthquake|p2a: Slaking
|-damage|p2a: Slaking|0 fnt
|faint|p2a: Slaking
|
|upkeep
|choice||switch 5
|
|switch|p2a: Crustle|Crustle, F|344\/344
|-damage|p2a: Crustle|258\/344|[from] Stealth Rock
|turn|21
|choice|move rockblast|move earthquake
|
|move|p1a: Golem|Rock Blast|p2a: Crustle
|-supereffective|p2a: Crustle
|-damage|p2a: Crustle|202\/344
|-supereffective|p2a: Crustle
|-damage|p2a: Crustle|146\/344
|-hitcount|p2a: Crustle|2
|move|p2a: Crustle|Earthquake|p1a: Golem
|-supereffective|p1a: Golem
|-damage|p1a: Golem|210\/364
|
|-heal|p1a: Golem|232\/364|[from] item: Leftovers
|-heal|p2a: Crustle|167\/344|[from] item: Leftovers
|upkeep
|turn|22
|choice|move rockblast|move xscissor
|
|move|p1a: Golem|Rock Blast|p2a: Crustle
|-supereffective|p2a: Crustle
|-damage|p2a: Crustle|105\/344
|-supereffective|p2a: Crustle
|-damage|p2a: Crustle|49\/344
|-hitcount|p2a: Crustle|2
|move|p2a: Crustle|X-Scissor|p1a: Golem
|-damage|p1a: Golem|127\/364
|
|-heal|p2a: Crustle|70\/344|[from] item: Leftovers
|-heal|p1a: Golem|149\/364|[from] item: Leftovers
|upkeep
|turn|23
|c|☆275p|gg
|choice|move earthquake|move earthquake
|
|move|p1a: Golem|Earthquake|p2a: Crustle
|-damage|p2a: Crustle|0 fnt
|faint|p2a: Crustle
|
|win|The Golden Banjo
|raw|The Golden Banjo's rating: 1497 &rarr; <strong>1501<\/strong><br \/>(+4 for winning)
|raw|275p's rating: 1100 &rarr; <strong>1095<\/strong><br \/>(-5 for losing)
|c|☆The Golden Banjo|gg</script>
</div>
<div class="battle-log battle-log-inline"><div class="inner"><div class="battle-options"></div><div class="inner"><div class="chat"><small>The Golden Banjo joined.</small></div><div class="chat"><small>275p joined.</small></div><div class=""><small>Format:</small> <br><strong>PU</strong></div><div class="rated"><strong>Rated battle</strong></div><div class=""><small><em>Sleep Clause Mod:</em> Limit one foe put to sleep</small></div><div class=""><small><em>Species Clause:</em> Limit one of each Pokémon</small></div><div class=""><small><em>OHKO Clause:</em> OHKO moves are banned</small></div><div class=""><small><em>Moody Clause:</em> Moody is banned</small></div><div class=""><small><em>Evasion Moves Clause:</em> Evasion moves are banned</small></div><div class=""><small><em>Endless Battle Clause:</em> Forcing endless battles is banned</small></div><div class=""><small><em>HP Percentage Mod:</em> HP is shown in percentages</small></div><div class=""><small><em>Swagger Clause:</em> Swagger is banned</small></div><div class=""><small><em>Baton Pass Clause:</em> Limit one Baton Passer, can't pass Spe and other stats simultaneously</small></div><div class="chat battle-history"><strong>The Golden Banjo's team:</strong> <em style="color:#445566;display:block;">Ursaring / Rotom-Frost / Golem / Monferno / Tangela / Pelipper</em></div><div class="chat battle-history"><strong>275p's team:</strong> <em style="color:#445566;display:block;">Ledian / Spinda / Plusle / Luvdisc / Crustle / Slaking</em></div><div class="spacer battle-history"><br></div><div class="battle-history">Battle started between The Golden Banjo and 275p!<br></div><div class="spacer battle-history"><br></div><div class="battle-history">Go! <strong>Golem</strong>!<br></div><div class="spacer battle-history"><br></div><div class="battle-history">275p sent out <strong>Ledian</strong>!<br></div><div class="spacer battle-history"><br></div><h2 class="battle-history">Turn 1</h2><div class="spacer battle-history"><br></div><div class="battle-history">The opposing Ledian used <strong>Reflect</strong>!<br></div><div class="battle-history"><small>Reflect made the opposing team stronger against physical moves!</small><br></div><div class="spacer battle-history"><br></div><div class="battle-history">Golem used <strong>Rock Blast</strong>!<br></div><div class="battle-history"><small>It's super effective!</small><br></div><div class="battle-history"><small>A critical hit!</small><br></div><div class="battle-history"><small>(The opposing Ledian lost <abbr title="−313/313">100%</abbr> of its health!)</small><br></div><div class="battle-history"><small>Hit 1 time!</small><br></div><div class="spacer battle-history"><br></div><div class="battle-history">The opposing Ledian fainted!<br></div><div class="spacer battle-history"><br></div><div class="battle-history">275p sent out <strong>Luvdisc</strong>!<br></div><div class="spacer battle-history"><br></div><h2 class="battle-history">Turn 2</h2><div class="spacer battle-history"><br></div><div class="battle-history">Golem, come back!<br></div><div class="battle-history">Go! VILLAGE CRUSHER (<strong>Ursaring</strong>)!<br></div><div class="spacer battle-history"><br></div><div class="battle-history">The opposing Luvdisc used <strong>Rain Dance</strong>!<br></div><div class="battle-history"><small>It started to rain!</small><br></div><div class="spacer battle-history"><br></div><div class="battle-history"><small>(Rain continues to fall!)</small><br></div><div class="spacer battle-history"><br></div><h2 class="battle-history">Turn 3</h2><div class="spacer battle-history"><br></div><div class="battle-history">The opposing Luvdisc used <strong>Hydro Pump</strong>!<br></div><div class="battle-history"><small>(VILLAGE CRUSHER lost <abbr title="−173/384">45.1%</abbr> of its health!)</small><br></div><div class="battle-history"><small>The opposing Luvdisc lost some of its HP!</small><br></div><div class="spacer battle-history"><br></div><div class="battle-history">VILLAGE CRUSHER used <strong>Frustration</strong>!<br></div><div class="battle-history"><small>(The opposing Luvdisc lost <abbr title="−111/227">48.9%</abbr> of its health!)</small><br></div><div class="spacer battle-history"><br></div><div class="battle-history"><small>(Rain continues to fall!)</small><br></div><div class="battle-history"><small>VILLAGE CRUSHER restored a little HP using its Leftovers!</small><br></div><div class="spacer battle-history"><br></div><h2 class="battle-history">Turn 4</h2><div class="spacer battle-history"><br></div><div class="battle-history">The opposing Luvdisc used <strong>Hydro Pump</strong>!<br></div><div class="battle-history"><small>(VILLAGE CRUSHER lost <abbr title="−179/384">46.6%</abbr> of its health!)</small><br></div><div class="battle-history"><small>The opposing Luvdisc lost some of its HP!</small><br></div><div class="spacer battle-history"><br></div><div class="battle-history">VILLAGE CRUSHER used <strong>Frustration</strong>!<br></div><div class="battle-history"><small>(The opposing Luvdisc lost <abbr title="−72/227">31.7%</abbr> of its health!)</small><br></div><div class="spacer battle-history"><br></div><div class="battle-history">The opposing Luvdisc fainted!<br></div><div class="spacer battle-history"><br></div><div class="battle-history"><small>(Rain continues to fall!)</small><br></div><div class="battle-history"><small>VILLAGE CRUSHER restored a little HP using its Leftovers!</small><br></div><div class="spacer battle-history"><br></div><div class="battle-history">275p sent out <strong>Plusle</strong>!<br></div><div class="spacer battle-history"><br></div><h2 class="battle-history">Turn 5</h2><div class="spacer battle-history"><br></div><div class="battle-history">The opposing Plusle used <strong>Volt Switch</strong>!<br></div><div class="battle-history"><small>A critical hit!</small><br></div><div class="battle-history"><small>(VILLAGE CRUSHER lost <abbr title="−80/384">20.8%</abbr> of its health!)</small><br></div><div class="battle-history"><small>The opposing Plusle lost some of its HP!</small><br></div><div class="spacer battle-history"><br></div><div class="battle-history">VILLAGE CRUSHER fainted!<br></div><div class="spacer battle-history"><br></div><div class="battle-history">The opposing Plusle went back to 275p!<br></div><div class="battle-history">275p sent out <strong>Spinda</strong>!<br></div><div class="spacer battle-history"><br></div><div class="battle-history"><small>(Rain continues to fall!)</small><br></div><div class="spacer battle-history"><br></div><div class="battle-history">Go! <strong>Tangela</strong>!<br></div><div class="spacer battle-history"><br></div><h2 class="battle-history">Turn 6</h2><div class="spacer battle-history"><br></div><div class="battle-history">Tangela used <strong>Sleep Powder</strong>!<br></div><div class="battle-history"><small>The opposing Spinda avoided the attack!</small><br></div><div class="spacer battle-history"><br></div><div class="battle-history">The opposing Spinda used <strong>Superpower</strong>!<br></div><div class="battle-history"><small>(Tangela lost <abbr title="−47/334">14.1%</abbr> of its health!)</small><br></div><div class="battle-history"><small>The opposing Spinda's Attack rose!</small><br></div><div class="battle-history"><small>The opposing Spinda's Defense rose!</small><br></div><div class="spacer battle-history"><br></div><div class="battle-history"><small>The rain stopped.</small><br></div><div class="spacer battle-history"><br></div><h2 class="battle-history">Turn 7</h2><div class="spacer battle-history"><br></div><div class="battle-history">Tangela used <strong>Sleep Powder</strong>!<br></div><div class="battle-history"><small>The opposing Spinda avoided the attack!</small><br></div><div class="spacer battle-history"><br></div><div class="battle-history">The opposing Spinda used <strong>Superpower</strong>!<br></div><div class="battle-history"><small>(Tangela lost <abbr title="−67/334">20.1%</abbr> of its health!)</small><br></div><div class="battle-history"><small>The opposing Spinda's Attack rose!</small><br></div><div class="battle-history"><small>The opposing Spinda's Defense rose!</small><br></div><div class="spacer battle-history"><br></div><h2 class="battle-history">Turn 8</h2><div class="spacer battle-history"><br></div><div class="battle-history">Tangela used <strong>Sleep Powder</strong>!<br></div><div class="battle-history"><small>The opposing Spinda fell asleep!</small><br></div><div class="spacer battle-history"><br></div><div class="battle-history">The opposing Spinda is fast asleep.<br></div><div class="spacer battle-history"><br></div><div class="battle-history"><small>The opposing team's Reflect wore off!</small><br></div><div class="spacer battle-history"><br></div><h2 class="battle-history">Turn 9</h2><div class="spacer battle-history"><br></div><div class="battle-history">Tangela used <strong>Giga Drain</strong>!<br></div><div class="battle-history"><small>(The opposing Spinda lost <abbr title="−90/324">27.8%</abbr> of its health!)</small><br></div><div class="battle-history"><small>The opposing Spinda had its energy drained!</small><br></div><div class="spacer battle-history"><br></div><div class="battle-history">The opposing Spinda is fast asleep.<br></div><div class="spacer battle-history"><br></div><h2 class="battle-history">Turn 10</h2><div class="spacer battle-history"><br></div><div class="battle-history">Tangela used <strong>Knock Off</strong>!<br></div><div class="battle-history"><small>(The opposing Spinda lost <abbr title="−31/324">9.6%</abbr> of its health!)</small><br></div><div class="battle-history"><small>Tangela knocked off the opposing Spinda's Assault Vest!</small><br></div><div class="battle-history"><small>The opposing Spinda woke up!</small><br></div><div class="spacer battle-history"><br></div><div class="battle-history">The opposing Spinda used <strong>Superpower</strong>!<br></div><div class="battle-history"><small>(Tangela lost <abbr title="−85/334">25.4%</abbr> of its health!)</small><br></div><div class="battle-history"><small>The opposing Spinda's Attack rose!</small><br></div><div class="battle-history"><small>The opposing Spinda's Defense rose!</small><br></div><div class="spacer battle-history"><br></div><h2 class="battle-history">Turn 11</h2><div class="spacer battle-history"><br></div><div class="battle-history">Tangela used <strong>Sleep Powder</strong>!<br></div><div class="battle-history"><small>The opposing Spinda avoided the attack!</small><br></div><div class="spacer battle-history"><br></div><div class="battle-history">The opposing Spinda used <strong>Return</strong>!<br></div><div class="battle-history"><small>(Tangela lost <abbr title="−142/334">42.5%</abbr> of its health!)</small><br></div><div class="spacer battle-history"><br></div><h2 class="battle-history">Turn 12</h2><div class="spacer battle-history"><br></div><div class="battle-history">Tangela used <strong>Sleep Powder</strong>!<br></div><div class="battle-history"><small>The opposing Spinda fell asleep!</small><br></div><div class="spacer battle-history"><br></div><div class="battle-history">The opposing Spinda is fast asleep.<br></div><div class="spacer battle-history"><br></div><h2 class="battle-history">Turn 13</h2><div class="spacer battle-history"><br></div><div class="battle-history">Tangela used <strong>Giga Drain</strong>!<br></div><div class="battle-history"><small>(The opposing Spinda lost <abbr title="−142/324">43.8%</abbr> of its health!)</small><br></div><div class="battle-history"><small>The opposing Spinda had its energy drained!</small><br></div><div class="battle-history"><small>The opposing Spinda woke up!</small><br></div><div class="spacer battle-history"><br></div><div class="battle-history">The opposing Spinda used <strong>Drain Punch</strong>!<br></div><div class="battle-history"><small>(Tangela lost <abbr title="−72/334">21.6%</abbr> of its health!)</small><br></div><div class="battle-history"><small>Tangela had its energy drained!</small><br></div><div class="spacer battle-history"><br></div><h2 class="battle-history">Turn 14</h2><div class="spacer battle-history"><br></div><div class="battle-history">Tangela used <strong>Giga Drain</strong>!<br></div><div class="battle-history"><small>(The opposing Spinda lost <abbr title="−97/324">29.9%</abbr> of its health!)</small><br></div><div class="battle-history"><small>The opposing Spinda had its energy drained!</small><br></div><div class="spacer battle-history"><br></div><div class="battle-history">The opposing Spinda fainted!<br></div><div class="chat chatmessage-thegoldenbanjo"><strong style="color:hsl(39,87%,33%)"><small>☆</small><span class="username" data-name="The Golden Banjo">The Golden Banjo</span>:</strong> <em>that was annoying</em></div><div class="spacer battle-history"><br></div><div class="battle-history">275p sent out <strong>Plusle</strong>!<br></div><div class="spacer battle-history"><br></div><h2 class="battle-history">Turn 15</h2><div class="chat chatmessage-275p"><strong style="color:hsl(274,54%,55.25357618933063%)"><small>☆</small><span class="username" data-name="275p">275p</span>:</strong> <em>I won a tour yesterday btw</em></div><div class="chat chatmessage-thegoldenbanjo"><strong style="color:hsl(39,87%,33%)"><small>☆</small><span class="username" data-name="The Golden Banjo">The Golden Banjo</span>:</strong> <em>congats :]</em></div><div class="chat chatmessage-275p"><strong style="color:hsl(274,54%,55.25357618933063%)"><small>☆</small><span class="username" data-name="275p">275p</span>:</strong> <em>thx</em></div><div class="chat chatmessage-thegoldenbanjo"><strong style="color:hsl(39,87%,33%)"><small>☆</small><span class="username" data-name="The Golden Banjo">The Golden Banjo</span>:</strong> <em>pu?</em></div><div class="spacer battle-history"><br></div><div class="battle-history">Tangela, come back!<br></div><div class="battle-history">Go! Rotom (<strong>Rotom-Frost</strong>)!<br></div><div class="spacer battle-history"><br></div><div class="battle-history">The opposing Plusle used <strong>Signal Beam</strong>!<br></div><div class="battle-history"><small>(Rotom lost <abbr title="−86/241">35.7%</abbr> of its health!)</small><br></div><div class="battle-history"><small>The opposing Plusle lost some of its HP!</small><br></div><div class="spacer battle-history"><br></div><h2 class="battle-history">Turn 16</h2><div class="chat chatmessage-275p"><strong style="color:hsl(274,54%,55.25357618933063%)"><small>☆</small><span class="username" data-name="275p">275p</span>:</strong> <em>gen 5 pu</em></div><div class="chat chatmessage-275p"><strong style="color:hsl(274,54%,55.25357618933063%)"><small>☆</small><span class="username" data-name="275p">275p</span>:</strong> <em><a href="http://replay.pokemonshowdown.com/gen5nu-587998474" rel="noopener" target="_blank">http://replay.pokemonshowdown.com/gen5nu-587998474</a></em></div><div class="chat chatmessage-275p"><strong style="color:hsl(274,54%,55.25357618933063%)"><small>☆</small><span class="username" data-name="275p">275p</span>:</strong> <em>there`s the final</em></div><div class="spacer battle-history"><br></div><div class="battle-history">Rotom used <strong>Blizzard</strong>!<br></div><div class="battle-history"><small>(The opposing Plusle lost <abbr title="−209/261">80.1%</abbr> of its health!)</small><br></div><div class="spacer battle-history"><br></div><div class="battle-history">The opposing Plusle fainted!<br></div><div class="spacer battle-history"><br></div><div class="battle-history">275p sent out <strong>Slaking</strong>!<br></div><div class="spacer battle-history"><br></div><h2 class="battle-history">Turn 17</h2><div class="spacer battle-history"><br></div><div class="battle-history">Rotom used <strong>Blizzard</strong>!<br></div><div class="battle-history"><small>A critical hit!</small><br></div><div class="battle-history"><small>(The opposing Slaking lost <abbr title="−375/441">85.0%</abbr> of its health!)</small><br></div><div class="spacer battle-history"><br></div><div class="battle-history">The opposing Slaking used <strong>Giga Impact</strong>!<br></div><div class="battle-history"><small>(Rotom lost <abbr title="−155/241">64.3%</abbr> of its health!)</small><br></div><div class="spacer battle-history"><br></div><div class="battle-history">Rotom fainted!<br></div><div class="spacer battle-history"><br></div><div class="battle-history">Go! <strong>Golem</strong>!<br></div><div class="spacer battle-history"><br></div><h2 class="battle-history">Turn 18</h2><div class="spacer battle-history"><br></div><div class="battle-history">The opposing Slaking must recharge!<br></div><div class="spacer battle-history"><br></div><div class="battle-history">Golem used <strong>Stealth Rock</strong>!<br></div><div class="battle-history"><small>Pointed stones float in the air around the opposing team!</small><br></div><div class="spacer battle-history"><br></div><h2 class="battle-history">Turn 19</h2><div class="spacer battle-history"><br></div><div class="battle-history">Golem, come back!<br></div><div class="battle-history">Go! <strong>Monferno</strong>!<br></div><div class="spacer battle-history"><br></div><div class="battle-history">The opposing Slaking used <strong>Giga Impact</strong>!<br></div><div class="battle-history"><small>(Monferno lost <abbr title="−269/269">100%</abbr> of its health!)</small><br></div><div class="spacer battle-history"><br></div><div class="battle-history">Monferno fainted!<br></div><div class="spacer battle-history"><br></div><div class="battle-history">Go! <strong>Golem</strong>!<br></div><div class="spacer battle-history"><br></div><h2 class="battle-history">Turn 20</h2><div class="spacer battle-history"><br></div><div class="battle-history">The opposing Slaking must recharge!<br></div><div class="spacer battle-history"><br></div><div class="battle-history">Golem used <strong>Earthquake</strong>!<br></div><div class="battle-history"><small>(The opposing Slaking lost <abbr title="−66/441">15.0%</abbr> of its health!)</small><br></div><div class="spacer battle-history"><br></div><div class="battle-history">The opposing Slaking fainted!<br></div><div class="spacer battle-history"><br></div><div class="battle-history">275p sent out <strong>Crustle</strong>!<br></div><div class="battle-history"><small>Pointed stones dug into the opposing Crustle!</small><br></div><div class="spacer battle-history"><br></div><h2 class="battle-history">Turn 21</h2><div class="spacer battle-history"><br></div><div class="battle-history">Golem used <strong>Rock Blast</strong>!<br></div><div class="battle-history"><small>It's super effective!</small><br></div><div class="battle-history"><small>(The opposing Crustle lost <abbr title="−56/344">16.3%</abbr> of its health!)</small><br></div><div class="battle-history"><small>It's super effective!</small><br></div><div class="battle-history"><small>(The opposing Crustle lost <abbr title="−56/344">16.3%</abbr> of its health!)</small><br></div><div class="battle-history"><small>Hit 2 times!</small><br></div><div class="spacer battle-history"><br></div><div class="battle-history">The opposing Crustle used <strong>Earthquake</strong>!<br></div><div class="battle-history"><small>It's super effective!</small><br></div><div class="battle-history"><small>(Golem lost <abbr title="−154/364">42.3%</abbr> of its health!)</small><br></div><div class="spacer battle-history"><br></div><div class="battle-history"><small>Golem restored a little HP using its Leftovers!</small><br></div><div class="battle-history"><small>The opposing Crustle restored a little HP using its Leftovers!</small><br></div><div class="spacer battle-history"><br></div><h2 class="battle-history">Turn 22</h2><div class="spacer battle-history"><br></div><div class="battle-history">Golem used <strong>Rock Blast</strong>!<br></div><div class="battle-history"><small>It's super effective!</small><br></div><div class="battle-history"><small>(The opposing Crustle lost <abbr title="−62/344">18.0%</abbr> of its health!)</small><br></div><div class="battle-history"><small>It's super effective!</small><br></div><div class="battle-history"><small>(The opposing Crustle lost <abbr title="−56/344">16.3%</abbr> of its health!)</small><br></div><div class="battle-history"><small>Hit 2 times!</small><br></div><div class="spacer battle-history"><br></div><div class="battle-history">The opposing Crustle used <strong>X-Scissor</strong>!<br></div><div class="battle-history"><small>(Golem lost <abbr title="−105/364">28.8%</abbr> of its health!)</small><br></div><div class="spacer battle-history"><br></div><div class="battle-history"><small>The opposing Crustle restored a little HP using its Leftovers!</small><br></div><div class="battle-history"><small>Golem restored a little HP using its Leftovers!</small><br></div><div class="spacer battle-history"><br></div><h2 class="battle-history">Turn 23</h2><div class="chat chatmessage-275p"><strong style="color:hsl(274,54%,55.25357618933063%)"><small>☆</small><span class="username" data-name="275p">275p</span>:</strong> <em>gg</em></div><div class="spacer battle-history"><br></div><div class="battle-history">Golem used <strong>Earthquake</strong>!<br></div><div class="battle-history"><small>(The opposing Crustle lost <abbr title="−70/344">20.3%</abbr> of its health!)</small><br></div><div class="spacer battle-history"><br></div><div class="battle-history">The opposing Crustle fainted!<br></div><div class="spacer battle-history"><br></div><div class="battle-history"><strong>The Golden Banjo</strong> won the battle!<br></div><div class="chat">The Golden Banjo's rating: 1497 → <strong>1501</strong><br>(+4 for winning)</div><div class="chat">275p's rating: 1100 → <strong>1095</strong><br>(-5 for losing)</div><div class="chat chatmessage-thegoldenbanjo"><strong style="color:hsl(39,87%,33%)"><small>☆</small><span class="username" data-name="The Golden Banjo">The Golden Banjo</span>:</strong> <em>gg</em></div></div><div class="inner-preempt"></div></div></div>
</div>
<script>
let daily = Math.floor(Date.now()/1000/60/60/24);document.write('<script src="https://play.pokemonshowdown.com/js/replay-embed.js?version'+daily+'"></'+'script>');
</script>
