<!DOCTYPE html>
<meta charset="utf-8" />
<!-- version 1 -->
<title>PU replay: 2xTheTap vs. EspurrTales</title>
<style>
html,body {font-family:Verdana, sans-serif;font-size:10pt;margin:0;padding:0;}body{padding:12px 0;} .battle-log {font-family:Verdana, sans-serif;font-size:10pt;} .battle-log-inline {border:1px solid #AAAAAA;background:#EEF2F5;color:black;max-width:640px;margin:0 auto 80px;padding-bottom:5px;} .battle-log .inner {padding:4px 8px 0px 8px;} .battle-log .inner-preempt {padding:0 8px 4px 8px;} .battle-log .inner-after {margin-top:0.5em;} .battle-log h2 {margin:0.5em -8px;padding:4px 8px;border:1px solid #AAAAAA;background:#E0E7EA;border-left:0;border-right:0;font-family:Verdana, sans-serif;font-size:13pt;} .battle-log .chat {vertical-align:middle;padding:3px 0 3px 0;font-size:8pt;} .battle-log .chat strong {color:#40576A;} .battle-log .chat em {padding:1px 4px 1px 3px;color:#000000;font-style:normal;} .chat.mine {background:rgba(0,0,0,0.05);margin-left:-8px;margin-right:-8px;padding-left:8px;padding-right:8px;} .spoiler {color:#BBBBBB;background:#BBBBBB;padding:0px 3px;} .spoiler:hover, .spoiler:active, .spoiler-shown {color:#000000;background:#E2E2E2;padding:0px 3px;} .spoiler a {color:#BBBBBB;} .spoiler:hover a, .spoiler:active a, .spoiler-shown a {color:#2288CC;} .chat code, .chat .spoiler:hover code, .chat .spoiler:active code, .chat .spoiler-shown code {border:1px solid #C0C0C0;background:#EEEEEE;color:black;padding:0 2px;} .chat .spoiler code {border:1px solid #CCCCCC;background:#CCCCCC;color:#CCCCCC;} .battle-log .rated {padding:3px 4px;} .battle-log .rated strong {color:white;background:#89A;padding:1px 4px;border-radius:4px;} .spacer {margin-top:0.5em;} .message-announce {background:#6688AA;color:white;padding:1px 4px 2px;} .message-announce a, .broadcast-green a, .broadcast-blue a, .broadcast-red a {color:#DDEEFF;} .broadcast-green {background-color:#559955;color:white;padding:2px 4px;} .broadcast-blue {background-color:#6688AA;color:white;padding:2px 4px;} .infobox {border:1px solid #6688AA;padding:2px 4px;} .infobox-limited {max-height:200px;overflow:auto;overflow-x:hidden;} .broadcast-red {background-color:#AA5544;color:white;padding:2px 4px;} .message-learn-canlearn {font-weight:bold;color:#228822;text-decoration:underline;} .message-learn-cannotlearn {font-weight:bold;color:#CC2222;text-decoration:underline;} .message-effect-weak {font-weight:bold;color:#CC2222;} .message-effect-resist {font-weight:bold;color:#6688AA;} .message-effect-immune {font-weight:bold;color:#666666;} .message-learn-list {margin-top:0;margin-bottom:0;} .message-throttle-notice, .message-error {color:#992222;} .message-overflow, .chat small.message-overflow {font-size:0pt;} .message-overflow::before {font-size:9pt;content:'...';} .subtle {color:#3A4A66;}
</style>
<div class="wrapper replay-wrapper" style="max-width:1180px;margin:0 auto">
<input type="hidden" name="replayid" value="pu-569040574" />
<div class="battle"></div><div class="battle-log"></div><div class="replay-controls"></div><div class="replay-controls-2"></div>
<h1 style="font-weight:normal;text-align:center"><strong>PU</strong><br /><a href="http://pokemonshowdown.com/users/2xthetap" class="subtle" target="_blank">2xTheTap</a> vs. <a href="http://pokemonshowdown.com/users/espurrtales" class="subtle" target="_blank">EspurrTales</a></h1>
<script type="text/plain" class="battle-log-data">|j|2xTheTap
|j|EspurrTales
|player|p1|2xTheTap|#2xthetap
|player|p2|EspurrTales|166
|gametype|singles
|gen|6
|tier|PU
|seed|1758,50415,57341,65494
|rule|Sleep Clause Mod: Limit one foe put to sleep
|rule|Species Clause: Limit one of each Pokémon
|rule|OHKO Clause: OHKO moves are banned
|rule|Moody Clause: Moody is banned
|rule|Evasion Moves Clause: Evasion moves are banned
|rule|Endless Battle Clause: Forcing endless battles is banned
|rule|HP Percentage Mod: HP is shown in percentages
|clearpoke
|poke|p1|Mawile, M|item
|poke|p1|Frillish, M|item
|poke|p1|Grumpig, M|item
|poke|p1|Sawsbuck, F|item
|poke|p1|Monferno, F|item
|poke|p1|Raichu, F|item
|poke|p2|Corsola, F, shiny|item
|poke|p2|Gourgeist-*, F|item
|poke|p2|Audino, F|item
|poke|p2|Muk, M, shiny|item
|poke|p2|Vullaby, F|item
|poke|p2|Zebstrika, M|item
|rule|Swagger Clause: Swagger is banned
|rule|Baton Pass Clause: Limit one Baton Passer, can't pass Spe and other stats simultaneously
|teampreview
|c|☆EspurrTales|behold corsola
|c|☆2xTheTap|seems like CM eh
|choice|team 6, team 2, team 3, team 4, team 5, team 1|team 2, team 1, team 3, team 4, team 5, team 6
|
|start
|switch|p1a: Raichu|Raichu, F|261\/261
|switch|p2a: Halloween|Gourgeist-Super, F|373\/373
|-item|p1a: Raichu|Life Orb|[from] ability: Frisk|[of] p2a: Halloween|[identify]
|turn|1
|choice|switch 5|switch 4
|
|switch|p1a: Monferno|Monferno, F|269\/269
|switch|p2a: Muk|Muk, M, shiny|414\/414
|
|upkeep
|turn|2
|choice|switch 6|switch 5
|
|switch|p1a: Mawile|Mawile, M|303\/303
|-ability|p1a: Mawile|Intimidate|boost
|-unboost|p2a: Muk|atk|1
|switch|p2a: Vullaby|Vullaby, F|343\/343
|
|upkeep
|turn|3
|choice|move stealthrock|switch 4
|
|switch|p2a: Halloween|Gourgeist-Super, F|373\/373
|-item|p1a: Mawile|Shuca Berry|[from] ability: Frisk|[of] p2a: Halloween|[identify]
|move|p1a: Mawile|Stealth Rock|p2a: Halloween
|-sidestart|p2: EspurrTales|move: Stealth Rock
|
|upkeep
|turn|4
|choice|switch 6|move leechseed
|
|switch|p1a: Monferno|Monferno, F|269\/269
|move|p2a: Halloween|Leech Seed|p1a: Monferno
|-start|p1a: Monferno|move: Leech Seed
|
|-damage|p1a: Monferno|236\/269|[from] Leech Seed|[of] p2a: Halloween
|upkeep
|turn|5
|choice|move flareblitz|switch 4
|
|switch|p2a: Vullaby|Vullaby, F|343\/343
|-damage|p2a: Vullaby|258\/343|[from] Stealth Rock
|move|p1a: Monferno|Flare Blitz|p2a: Vullaby
|-crit|p2a: Vullaby
|-damage|p2a: Vullaby|110\/343
|-status|p2a: Vullaby|brn
|-damage|p1a: Monferno|187\/269|[from] recoil|[of] p2a: Vullaby
|
|-damage|p1a: Monferno|154\/269|[from] Leech Seed|[of] p2a: Vullaby
|-heal|p2a: Vullaby|143\/343 brn|[silent]
|-damage|p2a: Vullaby|101\/343 brn|[from] brn
|upkeep
|turn|6
|c|☆EspurrTales|oh gosh
|choice|switch 5|move roost
|
|switch|p1a: Raichu|Raichu, F|261\/261
|move|p2a: Vullaby|Roost|p2a: Vullaby
|-heal|p2a: Vullaby|273\/343 brn
|
|-damage|p2a: Vullaby|231\/343 brn|[from] brn
|upkeep
|turn|7
|choice|move knockoff|switch 5
|
|switch|p2a: Muk|Muk, M, shiny|414\/414
|-damage|p2a: Muk|363\/414|[from] Stealth Rock
|move|p1a: Raichu|Knock Off|p2a: Muk
|-damage|p2a: Muk|262\/414
|-enditem|p2a: Muk|Assault Vest|[from] move: Knock Off|[of] p1a: Raichu
|-damage|p1a: Raichu|235\/261|[from] item: Life Orb
|
|upkeep
|turn|8
|choice|switch 6|move firepunch
|
|switch|p1a: Mawile|Mawile, M|303\/303
|-ability|p1a: Mawile|Intimidate|boost
|-unboost|p2a: Muk|atk|1
|move|p2a: Muk|Fire Punch|p1a: Mawile
|-supereffective|p1a: Mawile
|-damage|p1a: Mawile|231\/303
|
|upkeep
|turn|9
|choice|move swordsdance|switch 4
|
|switch|p2a: Halloween|Gourgeist-Super, F|373\/373
|-damage|p2a: Halloween|327\/373|[from] Stealth Rock
|-item|p1a: Mawile|Shuca Berry|[from] ability: Frisk|[of] p2a: Halloween|[identify]
|move|p1a: Mawile|Swords Dance|p1a: Mawile
|-boost|p1a: Mawile|atk|2
|
|-heal|p2a: Halloween|350\/373|[from] item: Leftovers
|upkeep
|turn|10
|choice|move batonpass|move willowisp
|
|move|p1a: Mawile|Baton Pass|p1a: Mawile
|choice|switch 5|
|
|switch|p1a: Monferno|Monferno, F|154\/269
|move|p2a: Halloween|Will-O-Wisp|p1a: Monferno
|-immune|p1a: Monferno|[msg]
|
|-heal|p2a: Halloween|373\/373|[from] item: Leftovers
|upkeep
|turn|11
|c|☆EspurrTales|ew no
|-message|EspurrTales forfeited.
|
|win|2xTheTap
|l|EspurrTales</script>
</div>
<div class="battle-log battle-log-inline"><div class="inner"><div class="battle-options"></div><div class="inner"><div class="chat"><small>2xTheTap joined.</small></div><div class="chat"><small>EspurrTales joined.</small></div><div class=""><small>Format:</small> <br><strong>PU</strong></div><div class=""><small><em>Sleep Clause Mod:</em> Limit one foe put to sleep</small></div><div class=""><small><em>Species Clause:</em> Limit one of each Pokémon</small></div><div class=""><small><em>OHKO Clause:</em> OHKO moves are banned</small></div><div class=""><small><em>Moody Clause:</em> Moody is banned</small></div><div class=""><small><em>Evasion Moves Clause:</em> Evasion moves are banned</small></div><div class=""><small><em>Endless Battle Clause:</em> Forcing endless battles is banned</small></div><div class=""><small><em>HP Percentage Mod:</em> HP is shown in percentages</small></div><div class=""><small><em>Swagger Clause:</em> Swagger is banned</small></div><div class=""><small><em>Baton Pass Clause:</em> Limit one Baton Passer, can't pass Spe and other stats simultaneously</small></div><div class="chat battle-history"><strong>2xTheTap's team:</strong> <em style="color:#445566;display:block;">Mawile / Frillish / Grumpig / Sawsbuck / Monferno / Raichu</em></div><div class="chat battle-history"><strong>EspurrTales's team:</strong> <em style="color:#445566;display:block;">Corsola / Gourgeist-* / Audino / Muk / Vullaby / Zebstrika</em></div><div class="chat chatmessage-espurrtales"><strong style="color:hsl(267,74%,54.21734417332582%)"><small>☆</small><span class="username" data-name="EspurrTales">EspurrTales</span>:</strong> <em>behold corsola</em></div><div class="chat chatmessage-2xthetap"><strong style="color:hsl(356,51%,50.948703188140954%)"><small>☆</small><span class="username" data-name="2xTheTap">2xTheTap</span>:</strong> <em>seems like CM eh</em></div><div class="spacer battle-history"><br></div><div class="battle-history">Battle started between 2xTheTap and EspurrTales!<br></div><div class="spacer battle-history"><br></div><div class="battle-history">Go! <strong>Raichu</strong>!<br></div><div class="spacer battle-history"><br></div><div class="battle-history">EspurrTales sent out Halloween (<strong>Gourgeist-Super</strong>)!<br></div><div class="battle-history"><small>[The opposing Halloween's Frisk]</small><br><small>The opposing Halloween frisked Raichu and found its Life Orb!</small><br></div><div class="spacer battle-history"><br></div><h2 class="battle-history">Turn 1</h2><div class="spacer battle-history"><br></div><div class="battle-history">Raichu, come back!<br></div><div class="battle-history">Go! <strong>Monferno</strong>!<br></div><div class="spacer battle-history"><br></div><div class="battle-history">EspurrTales withdrew Halloween!<br></div><div class="battle-history">EspurrTales sent out <strong>Muk</strong>!<br></div><div class="spacer battle-history"><br></div><h2 class="battle-history">Turn 2</h2><div class="spacer battle-history"><br></div><div class="battle-history">Monferno, come back!<br></div><div class="battle-history">Go! <strong>Mawile</strong>!<br></div><div class="battle-history"><small>[Mawile's Intimidate]</small><br></div><div class="battle-history"><small>The opposing Muk's Attack fell!</small><br></div><div class="spacer battle-history"><br></div><div class="battle-history">EspurrTales withdrew Muk!<br></div><div class="battle-history">EspurrTales sent out <strong>Vullaby</strong>!<br></div><div class="spacer battle-history"><br></div><h2 class="battle-history">Turn 3</h2><div class="spacer battle-history"><br></div><div class="battle-history">EspurrTales withdrew Vullaby!<br></div><div class="battle-history">EspurrTales sent out Halloween (<strong>Gourgeist-Super</strong>)!<br></div><div class="battle-history"><small>[The opposing Halloween's Frisk]</small><br><small>The opposing Halloween frisked Mawile and found its Shuca Berry!</small><br></div><div class="spacer battle-history"><br></div><div class="battle-history">Mawile used <strong>Stealth Rock</strong>!<br></div><div class="battle-history"><small>Pointed stones float in the air around the opposing team!</small><br></div><div class="spacer battle-history"><br></div><h2 class="battle-history">Turn 4</h2><div class="spacer battle-history"><br></div><div class="battle-history">Mawile, come back!<br></div><div class="battle-history">Go! <strong>Monferno</strong>!<br></div><div class="spacer battle-history"><br></div><div class="battle-history">The opposing Halloween used <strong>Leech Seed</strong>!<br></div><div class="battle-history"><small>Monferno was seeded!</small><br></div><div class="spacer battle-history"><br></div><div class="battle-history"><small>Monferno's health is sapped by Leech Seed!</small><br></div><div class="spacer battle-history"><br></div><h2 class="battle-history">Turn 5</h2><div class="spacer battle-history"><br></div><div class="battle-history">EspurrTales withdrew Halloween!<br></div><div class="battle-history">EspurrTales sent out <strong>Vullaby</strong>!<br></div><div class="battle-history"><small>Pointed stones dug into the opposing Vullaby!</small><br></div><div class="spacer battle-history"><br></div><div class="battle-history">Monferno used <strong>Flare Blitz</strong>!<br></div><div class="battle-history"><small>A critical hit!</small><br></div><div class="battle-history"><small>(The opposing Vullaby lost <abbr title="−148/343">43.1%</abbr> of its health!)</small><br></div><div class="battle-history"><small>The opposing Vullaby was burned!</small><br></div><div class="battle-history"><small>Monferno is damaged by the recoil!</small><br></div><div class="spacer battle-history"><br></div><div class="battle-history"><small>Monferno's health is sapped by Leech Seed!</small><br></div><div class="battle-history"><small>The opposing Vullaby was hurt by its burn!</small><br></div><div class="spacer battle-history"><br></div><h2 class="battle-history">Turn 6</h2><div class="chat chatmessage-espurrtales"><strong style="color:hsl(267,74%,54.21734417332582%)"><small>☆</small><span class="username" data-name="EspurrTales">EspurrTales</span>:</strong> <em>oh gosh</em></div><div class="spacer battle-history"><br></div><div class="battle-history">Monferno, come back!<br></div><div class="battle-history">Go! <strong>Raichu</strong>!<br></div><div class="spacer battle-history"><br></div><div class="battle-history">The opposing Vullaby used <strong>Roost</strong>!<br></div><div class="battle-history"><small>The opposing Vullaby restored its HP.</small><br></div><div class="spacer battle-history"><br></div><div class="battle-history"><small>The opposing Vullaby was hurt by its burn!</small><br></div><div class="spacer battle-history"><br></div><h2 class="battle-history">Turn 7</h2><div class="spacer battle-history"><br></div><div class="battle-history">EspurrTales withdrew Vullaby!<br></div><div class="battle-history">EspurrTales sent out <strong>Muk</strong>!<br></div><div class="battle-history"><small>Pointed stones dug into the opposing Muk!</small><br></div><div class="spacer battle-history"><br></div><div class="battle-history">Raichu used <strong>Knock Off</strong>!<br></div><div class="battle-history"><small>(The opposing Muk lost <abbr title="−101/414">24.4%</abbr> of its health!)</small><br></div><div class="battle-history"><small>Raichu knocked off the opposing Muk's Assault Vest!</small><br></div><div class="battle-history"><small>Raichu lost some of its HP!</small><br></div><div class="spacer battle-history"><br></div><h2 class="battle-history">Turn 8</h2><div class="spacer battle-history"><br></div><div class="battle-history">Raichu, come back!<br></div><div class="battle-history">Go! <strong>Mawile</strong>!<br></div><div class="battle-history"><small>[Mawile's Intimidate]</small><br></div><div class="battle-history"><small>The opposing Muk's Attack fell!</small><br></div><div class="spacer battle-history"><br></div><div class="battle-history">The opposing Muk used <strong>Fire Punch</strong>!<br></div><div class="battle-history"><small>It's super effective!</small><br></div><div class="battle-history"><small>(Mawile lost <abbr title="−72/303">23.8%</abbr> of its health!)</small><br></div><div class="spacer battle-history"><br></div><h2 class="battle-history">Turn 9</h2><div class="spacer battle-history"><br></div><div class="battle-history">EspurrTales withdrew Muk!<br></div><div class="battle-history">EspurrTales sent out Halloween (<strong>Gourgeist-Super</strong>)!<br></div><div class="battle-history"><small>Pointed stones dug into the opposing Halloween!</small><br></div><div class="battle-history"><small>[The opposing Halloween's Frisk]</small><br><small>The opposing Halloween frisked Mawile and found its Shuca Berry!</small><br></div><div class="spacer battle-history"><br></div><div class="battle-history">Mawile used <strong>Swords Dance</strong>!<br></div><div class="battle-history"><small>Mawile's Attack rose sharply!</small><br></div><div class="spacer battle-history"><br></div><div class="battle-history"><small>The opposing Halloween restored a little HP using its Leftovers!</small><br></div><div class="spacer battle-history"><br></div><h2 class="battle-history">Turn 10</h2><div class="spacer battle-history"><br></div><div class="battle-history">Mawile used <strong>Baton Pass</strong>!<br></div><div class="spacer battle-history"><br></div><div class="battle-history">Go! <strong>Monferno</strong>!<br></div><div class="spacer battle-history"><br></div><div class="battle-history">The opposing Halloween used <strong>Will-O-Wisp</strong>!<br></div><div class="battle-history"><small>It doesn't affect Monferno...</small><br></div><div class="spacer battle-history"><br></div><div class="battle-history"><small>The opposing Halloween restored a little HP using its Leftovers!</small><br></div><div class="spacer battle-history"><br></div><h2 class="battle-history">Turn 11</h2><div class="chat chatmessage-espurrtales"><strong style="color:hsl(267,74%,54.21734417332582%)"><small>☆</small><span class="username" data-name="EspurrTales">EspurrTales</span>:</strong> <em>ew no</em></div><div class="spacer battle-history"><br></div><div class="battle-history"><small>EspurrTales forfeited.</small><br></div><div class="spacer battle-history"><br></div><div class="battle-history"><strong>2xTheTap</strong> won the battle!<br></div><div class="chat"><small>EspurrTales left.</small></div></div><div class="inner-preempt"></div></div></div>
</div>
<script>
let daily = Math.floor(Date.now()/1000/60/60/24);document.write('<script src="https://play.pokemonshowdown.com/js/replay-embed.js?version'+daily+'"></'+'script>');
</script>
