<!DOCTYPE html>
<meta charset="utf-8" />
<!-- version 1 -->
<title>PU replay: 2xTheTap vs. The Golden Banjo</title>
<style>
html,body {font-family:Verdana, sans-serif;font-size:10pt;margin:0;padding:0;}body{padding:12px 0;} .battle-log {font-family:Verdana, sans-serif;font-size:10pt;} .battle-log-inline {border:1px solid #AAAAAA;background:#EEF2F5;color:black;max-width:640px;margin:0 auto 80px;padding-bottom:5px;} .battle-log .inner {padding:4px 8px 0px 8px;} .battle-log .inner-preempt {padding:0 8px 4px 8px;} .battle-log .inner-after {margin-top:0.5em;} .battle-log h2 {margin:0.5em -8px;padding:4px 8px;border:1px solid #AAAAAA;background:#E0E7EA;border-left:0;border-right:0;font-family:Verdana, sans-serif;font-size:13pt;} .battle-log .chat {vertical-align:middle;padding:3px 0 3px 0;font-size:8pt;} .battle-log .chat strong {color:#40576A;} .battle-log .chat em {padding:1px 4px 1px 3px;color:#000000;font-style:normal;} .chat.mine {background:rgba(0,0,0,0.05);margin-left:-8px;margin-right:-8px;padding-left:8px;padding-right:8px;} .spoiler {color:#BBBBBB;background:#BBBBBB;padding:0px 3px;} .spoiler:hover, .spoiler:active, .spoiler-shown {color:#000000;background:#E2E2E2;padding:0px 3px;} .spoiler a {color:#BBBBBB;} .spoiler:hover a, .spoiler:active a, .spoiler-shown a {color:#2288CC;} .chat code, .chat .spoiler:hover code, .chat .spoiler:active code, .chat .spoiler-shown code {border:1px solid #C0C0C0;background:#EEEEEE;color:black;padding:0 2px;} .chat .spoiler code {border:1px solid #CCCCCC;background:#CCCCCC;color:#CCCCCC;} .battle-log .rated {padding:3px 4px;} .battle-log .rated strong {color:white;background:#89A;padding:1px 4px;border-radius:4px;} .spacer {margin-top:0.5em;} .message-announce {background:#6688AA;color:white;padding:1px 4px 2px;} .message-announce a, .broadcast-green a, .broadcast-blue a, .broadcast-red a {color:#DDEEFF;} .broadcast-green {background-color:#559955;color:white;padding:2px 4px;} .broadcast-blue {background-color:#6688AA;color:white;padding:2px 4px;} .infobox {border:1px solid #6688AA;padding:2px 4px;} .infobox-limited {max-height:200px;overflow:auto;overflow-x:hidden;} .broadcast-red {background-color:#AA5544;color:white;padding:2px 4px;} .message-learn-canlearn {font-weight:bold;color:#228822;text-decoration:underline;} .message-learn-cannotlearn {font-weight:bold;color:#CC2222;text-decoration:underline;} .message-effect-weak {font-weight:bold;color:#CC2222;} .message-effect-resist {font-weight:bold;color:#6688AA;} .message-effect-immune {font-weight:bold;color:#666666;} .message-learn-list {margin-top:0;margin-bottom:0;} .message-throttle-notice, .message-error {color:#992222;} .message-overflow, .chat small.message-overflow {font-size:0pt;} .message-overflow::before {font-size:9pt;content:'...';} .subtle {color:#3A4A66;}
</style>
<div class="wrapper replay-wrapper" style="max-width:1180px;margin:0 auto">
<input type="hidden" name="replayid" value="pu-588736357" />
<div class="battle"></div><div class="battle-log"></div><div class="replay-controls"></div><div class="replay-controls-2"></div>
<h1 style="font-weight:normal;text-align:center"><strong>PU</strong><br /><a href="http://pokemonshowdown.com/users/2xthetap" class="subtle" target="_blank">2xTheTap</a> vs. <a href="http://pokemonshowdown.com/users/thegoldenbanjo" class="subtle" target="_blank">The Golden Banjo</a></h1>
<script type="text/plain" class="battle-log-data">|j|2xTheTap
|j|The Golden Banjo
|player|p1|2xTheTap|#2xthetap
|teamsize|p1|6
|player|p2|The Golden Banjo|10
|teamsize|p2|6
|gametype|singles
|gen|6
|tier|PU
|seed|46655,55608,52504,60427
|rule|Sleep Clause Mod: Limit one foe put to sleep
|rule|Species Clause: Limit one of each Pokémon
|rule|OHKO Clause: OHKO moves are banned
|rule|Moody Clause: Moody is banned
|rule|Evasion Moves Clause: Evasion moves are banned
|rule|Endless Battle Clause: Forcing endless battles is banned
|rule|HP Percentage Mod: HP is shown in percentages
|clearpoke
|poke|p1|Hippopotas, M|item
|poke|p1|Stoutland, F|item
|poke|p1|Mr. Mime, M|item
|poke|p1|Sawsbuck, M|item
|poke|p1|Mawile, M|item
|poke|p1|Politoed, M|item
|poke|p2|Ursaring, F|item
|poke|p2|Rotom-Frost|item
|poke|p2|Golem, M|item
|poke|p2|Monferno, F|item
|poke|p2|Tangela, M|item
|poke|p2|Pelipper, F|item
|rule|Swagger Clause: Swagger is banned
|rule|Baton Pass Clause: Limit one Baton Passer, can't pass Spe and other stats simultaneously
|teampreview
|c|☆The Golden Banjo|hf
|c|☆2xTheTap|u2
|choice|team 4, team 2, team 3, team 1, team 5, team 6|team 2, team 1, team 3, team 4, team 5, team 6
|
|start
|switch|p1a: Sawsbuck|Sawsbuck, M|301\/301
|switch|p2a: Dyson|Rotom-Frost|241\/241
|turn|1
|choice|switch 6|switch 5
|
|switch|p2a: Headphones|Tangela, M|334\/334
|switch|p1a: Politoed|Politoed, M|351\/351
|
|upkeep
|turn|2
|choice|move icebeam|move knockoff
|
|move|p1a: Politoed|Ice Beam|p2a: Headphones
|-supereffective|p2a: Headphones
|-damage|p2a: Headphones|100\/334
|move|p2a: Headphones|Knock Off|p1a: Politoed
|-damage|p1a: Politoed|297\/351
|-enditem|p1a: Politoed|Leftovers|[from] move: Knock Off|[of] p2a: Headphones
|
|upkeep
|turn|3
|choice|move scald|switch 2
|
|switch|p2a: VILLAGE CRUSHER|Ursaring, F|384\/384
|move|p1a: Politoed|Scald|p2a: VILLAGE CRUSHER
|-damage|p2a: VILLAGE CRUSHER|269\/384
|-status|p2a: VILLAGE CRUSHER|brn
|
|-heal|p2a: VILLAGE CRUSHER|293\/384 brn|[from] item: Leftovers
|-damage|p2a: VILLAGE CRUSHER|245\/384 brn|[from] brn
|upkeep
|turn|4
|choice|switch 5|move frustration
|
|switch|p1a: Mawile|Mawile, M|303\/303
|-ability|p1a: Mawile|Intimidate|boost
|-unboost|p2a: VILLAGE CRUSHER|atk|1
|move|p2a: VILLAGE CRUSHER|Frustration|p1a: Mawile
|-resisted|p1a: Mawile
|-damage|p1a: Mawile|243\/303
|
|-heal|p1a: Mawile|261\/303|[from] item: Leftovers
|-heal|p2a: VILLAGE CRUSHER|269\/384 brn|[from] item: Leftovers
|-damage|p2a: VILLAGE CRUSHER|221\/384 brn|[from] brn
|upkeep
|turn|5
|choice|move stealthrock|switch 6
|
|switch|p2a: Strong Jaw|Pelipper, F|304\/304
|move|p1a: Mawile|Stealth Rock|p2a: Strong Jaw
|-sidestart|p2: The Golden Banjo|move: Stealth Rock
|
|-heal|p1a: Mawile|279\/303|[from] item: Leftovers
|upkeep
|turn|6
|choice|switch 5|move defog
|
|switch|p1a: Politoed|Politoed, M|297\/351
|move|p2a: Strong Jaw|Defog|p1a: Politoed
|-unboost|p1a: Politoed|evasion|1
|-sideend|p2: The Golden Banjo|Stealth Rock|[from] move: Defog|[of] p2a: Strong Jaw
|
|upkeep
|turn|7
|choice|move hiddenpower|switch 5
|
|switch|p2a: Dyson|Rotom-Frost|241\/241
|move|p1a: Politoed|Hidden Power|p2a: Dyson
|-resisted|p2a: Dyson
|-damage|p2a: Dyson|212\/241
|
|upkeep
|turn|8
|choice|switch 4|move thunderbolt
|
|switch|p1a: Hippopotas|Hippopotas, M|339\/339
|-weather|Sandstorm|[from] ability: Sand Stream|[of] p1a: Hippopotas
|move|p2a: Dyson|Thunderbolt|p1a: Hippopotas
|-immune|p1a: Hippopotas|[msg]
|
|-weather|Sandstorm|[upkeep]
|-damage|p2a: Dyson|197\/241|[from] sandstorm
|upkeep
|turn|9
|choice|move toxic|switch 2
|
|switch|p2a: Headphones|Tangela, M|211\/334
|move|p1a: Hippopotas|Toxic|p2a: Headphones
|-status|p2a: Headphones|tox
|
|-weather|Sandstorm|[upkeep]
|-damage|p2a: Headphones|191\/334 tox|[from] sandstorm
|-damage|p2a: Headphones|171\/334 tox|[from] psn
|upkeep
|turn|10
|j|Beacs
|choice|switch 5|switch 2
|
|switch|p2a: Dyson|Rotom-Frost|197\/241
|switch|p1a: Mawile|Mawile, M|279\/303
|-ability|p1a: Mawile|Intimidate|boost
|-unboost|p2a: Dyson|atk|1
|
|-weather|Sandstorm|[upkeep]
|-damage|p2a: Dyson|182\/241|[from] sandstorm
|-heal|p1a: Mawile|297\/303|[from] item: Leftovers
|upkeep
|turn|11
|choice|move batonpass|move voltswitch
|
|move|p2a: Dyson|Volt Switch|p1a: Mawile
|-damage|p1a: Mawile|120\/303
|choice||switch 5
|
|switch|p2a: Strong Jaw|Pelipper, F|304\/304
|move|p1a: Mawile|Baton Pass|p1a: Mawile
|choice|switch 6|
|
|switch|p1a: Sawsbuck|Sawsbuck, M|301\/301
|
|-weather|Sandstorm|[upkeep]
|-damage|p1a: Sawsbuck|283\/301|[from] sandstorm
|-damage|p2a: Strong Jaw|285\/304|[from] sandstorm
|-heal|p2a: Strong Jaw|304\/304|[from] item: Leftovers
|upkeep
|turn|12
|choice|move hyperbeam|move uturn
|
|move|p1a: Sawsbuck|Hyper Beam|p2a: Strong Jaw
|-damage|p2a: Strong Jaw|0 fnt
|faint|p2a: Strong Jaw
|
|-weather|none
|upkeep
|c|☆The Golden Banjo|o
|c|☆The Golden Banjo|m
|c|☆The Golden Banjo|l
|c|☆2xTheTap|lol
|choice||switch 4
|
|switch|p2a: Yung Genghis|Monferno, F|269\/269
|turn|13
|-mustrecharge|p1a: Sawsbuck
|-mustrecharge|p1a: Sawsbuck
|-mustrecharge|p1a: Sawsbuck
|choice|move recharge|move closecombat
|
|cant|p1a: Sawsbuck|recharge
|move|p2a: Yung Genghis|Close Combat|p1a: Sawsbuck
|-supereffective|p1a: Sawsbuck
|-damage|p1a: Sawsbuck|0 fnt
|-unboost|p2a: Yung Genghis|def|1
|-unboost|p2a: Yung Genghis|spd|1
|faint|p1a: Sawsbuck
|
|upkeep
|choice|switch 3|
|
|switch|p1a: Mr. Mime|Mr. Mime, M|221\/221
|turn|14
|choice|move trick|switch 3
|
|switch|p2a: Dwayne|Golem, M|364\/364
|move|p1a: Mr. Mime|Trick|p2a: Dwayne
|-activate|p1a: Mr. Mime|move: Trick|[of] p2a: Dwayne
|-item|p2a: Dwayne|Choice Scarf|[from] move: Trick
|-item|p1a: Mr. Mime|Leftovers|[from] move: Trick
|
|upkeep
|turn|15
|choice|switch 5|move stealthrock
|
|switch|p1a: Hippopotas|Hippopotas, M|339\/339
|-weather|Sandstorm|[from] ability: Sand Stream|[of] p1a: Hippopotas
|move|p2a: Dwayne|Stealth Rock|p1a: Hippopotas
|-sidestart|p1: 2xTheTap|move: Stealth Rock
|
|-weather|Sandstorm|[upkeep]
|upkeep
|turn|16
|choice|switch 2|switch 6
|
|switch|p2a: VILLAGE CRUSHER|Ursaring, F|221\/384 brn
|switch|p1a: Stoutland|Stoutland, F|309\/309
|-damage|p1a: Stoutland|271\/309|[from] Stealth Rock
|
|-weather|Sandstorm|[upkeep]
|-damage|p2a: VILLAGE CRUSHER|197\/384 brn|[from] sandstorm
|-heal|p2a: VILLAGE CRUSHER|221\/384 brn|[from] item: Leftovers
|-damage|p2a: VILLAGE CRUSHER|173\/384 brn|[from] brn
|upkeep
|turn|17
|choice|move frustration|switch 2
|
|switch|p2a: Headphones|Tangela, M|282\/334 tox
|move|p1a: Stoutland|Frustration|p2a: Headphones
|-damage|p2a: Headphones|181\/334 tox
|-damage|p1a: Stoutland|241\/309|[from] item: Life Orb
|
|-weather|Sandstorm|[upkeep]
|-damage|p2a: Headphones|161\/334 tox|[from] sandstorm
|-damage|p2a: Headphones|141\/334 tox|[from] psn
|upkeep
|turn|18
|choice|move frustration|move gigadrain
|
|move|p1a: Stoutland|Frustration|p2a: Headphones
|-damage|p2a: Headphones|31\/334 tox
|-damage|p1a: Stoutland|211\/309|[from] item: Life Orb
|move|p2a: Headphones|Giga Drain|p1a: Stoutland
|-damage|p1a: Stoutland|100\/309
|-heal|p2a: Headphones|87\/334 tox|[from] drain|[of] p1a: Stoutland
|
|-weather|Sandstorm|[upkeep]
|-damage|p2a: Headphones|67\/334 tox|[from] sandstorm
|-damage|p2a: Headphones|27\/334 tox|[from] psn
|upkeep
|turn|19
|choice|move superpower|move gigadrain
|
|move|p1a: Stoutland|Superpower|p2a: Headphones
|-damage|p2a: Headphones|0 fnt
|-unboost|p1a: Stoutland|atk|1
|-unboost|p1a: Stoutland|def|1
|-damage|p1a: Stoutland|70\/309|[from] item: Life Orb
|faint|p2a: Headphones
|
|-weather|none
|upkeep
|choice||switch 3
|
|switch|p2a: Yung Genghis|Monferno, F|269\/269
|turn|20
|choice|switch 6|move flareblitz
|
|switch|p1a: Mawile|Mawile, M|120\/303
|-damage|p1a: Mawile|102\/303|[from] Stealth Rock
|-ability|p1a: Mawile|Intimidate|boost
|-unboost|p2a: Yung Genghis|atk|1
|move|p2a: Yung Genghis|Flare Blitz|p1a: Mawile
|-supereffective|p1a: Mawile
|-damage|p1a: Mawile|0 fnt
|-damage|p2a: Yung Genghis|235\/269|[from] Recoil|[of] p1a: Mawile
|faint|p1a: Mawile
|
|upkeep
|choice|switch 4|
|
|switch|p1a: Politoed|Politoed, M|297\/351
|-damage|p1a: Politoed|254\/351|[from] Stealth Rock
|turn|21
|choice|move scald|switch 5
|
|switch|p2a: Dyson|Rotom-Frost|182\/241
|move|p1a: Politoed|Scald|p2a: Dyson
|-damage|p2a: Dyson|61\/241
|-status|p2a: Dyson|brn
|
|-damage|p2a: Dyson|31\/241 brn|[from] brn
|upkeep
|turn|22
|choice|switch 2|move thunderbolt
|
|switch|p1a: Hippopotas|Hippopotas, M|339\/339
|-damage|p1a: Hippopotas|318\/339|[from] Stealth Rock
|-weather|Sandstorm|[from] ability: Sand Stream|[of] p1a: Hippopotas
|move|p2a: Dyson|Thunderbolt|p1a: Hippopotas
|-immune|p1a: Hippopotas|[msg]
|
|-weather|Sandstorm|[upkeep]
|-damage|p2a: Dyson|16\/241 brn|[from] sandstorm
|-damage|p2a: Dyson|0 fnt|[from] brn
|upkeep
|faint|p2a: Dyson
|choice||switch 2
|
|switch|p2a: VILLAGE CRUSHER|Ursaring, F|173\/384 brn
|turn|23
|choice|move whirlwind|move rest
|
|move|p2a: VILLAGE CRUSHER|Rest|p2a: VILLAGE CRUSHER
|-status|p2a: VILLAGE CRUSHER|slp
|-heal|p2a: VILLAGE CRUSHER|384\/384 slp|[silent]
|-status|p2a: VILLAGE CRUSHER|slp|[from] move: Rest
|move|p1a: Hippopotas|Whirlwind|p2a: VILLAGE CRUSHER
|drag|p2a: Dwayne|Golem, M|364\/364
|
|-weather|Sandstorm|[upkeep]
|upkeep
|turn|24
|choice|move earthquake|switch 6
|
|switch|p2a: VILLAGE CRUSHER|Ursaring, F|384\/384 slp
|move|p1a: Hippopotas|Earthquake|p2a: VILLAGE CRUSHER
|-crit|p2a: VILLAGE CRUSHER
|-damage|p2a: VILLAGE CRUSHER|200\/384 slp
|
|-weather|Sandstorm|[upkeep]
|-damage|p2a: VILLAGE CRUSHER|176\/384 slp|[from] sandstorm
|-heal|p2a: VILLAGE CRUSHER|200\/384 slp|[from] item: Leftovers
|upkeep
|turn|25
|choice|move earthquake|move sleeptalk
|
|cant|p2a: VILLAGE CRUSHER|slp
|move|p2a: VILLAGE CRUSHER|Sleep Talk|p2a: VILLAGE CRUSHER
|move|p2a: VILLAGE CRUSHER|Frustration|p1a: Hippopotas|[from]Sleep Talk
|-damage|p1a: Hippopotas|188\/339
|move|p1a: Hippopotas|Earthquake|p2a: VILLAGE CRUSHER
|-crit|p2a: VILLAGE CRUSHER
|-damage|p2a: VILLAGE CRUSHER|29\/384 slp
|
|-weather|Sandstorm|[upkeep]
|-damage|p2a: VILLAGE CRUSHER|5\/384 slp|[from] sandstorm
|-heal|p2a: VILLAGE CRUSHER|29\/384 slp|[from] item: Leftovers
|upkeep
|turn|26
|choice|move earthquake|move sleeptalk
|
|cant|p2a: VILLAGE CRUSHER|slp
|move|p2a: VILLAGE CRUSHER|Sleep Talk|p2a: VILLAGE CRUSHER
|move|p2a: VILLAGE CRUSHER|Bulk Up|p2a: VILLAGE CRUSHER|[from]Sleep Talk
|-boost|p2a: VILLAGE CRUSHER|atk|1
|-boost|p2a: VILLAGE CRUSHER|def|1
|move|p1a: Hippopotas|Earthquake|p2a: VILLAGE CRUSHER
|-damage|p2a: VILLAGE CRUSHER|0 fnt
|faint|p2a: VILLAGE CRUSHER
|
|-weather|none
|upkeep
|choice||switch 6
|
|switch|p2a: Dwayne|Golem, M|364\/364
|turn|27
|choice|move slackoff|move earthquake
|
|move|p2a: Dwayne|Earthquake|p1a: Hippopotas
|-damage|p1a: Hippopotas|106\/339
|move|p1a: Hippopotas|Slack Off|p1a: Hippopotas
|-heal|p1a: Hippopotas|276\/339
|
|upkeep
|turn|28
|choice|move earthquake|move earthquake
|
|move|p2a: Dwayne|Earthquake|p1a: Hippopotas
|-damage|p1a: Hippopotas|192\/339
|move|p1a: Hippopotas|Earthquake|p2a: Dwayne
|-supereffective|p2a: Dwayne
|-crit|p2a: Dwayne
|-damage|p2a: Dwayne|164\/364
|
|upkeep
|turn|29
|c|☆2xTheTap|3 crit eqs
|c|☆2xTheTap|that's gross
|choice|move slackoff|move earthquake
|
|move|p2a: Dwayne|Earthquake|p1a: Hippopotas
|-damage|p1a: Hippopotas|113\/339
|move|p1a: Hippopotas|Slack Off|p1a: Hippopotas
|-heal|p1a: Hippopotas|283\/339
|
|upkeep
|turn|30
|c|☆The Golden Banjo|3 for 3
|c|☆The Golden Banjo|well not really
|choice|move earthquake|move earthquake
|
|move|p2a: Dwayne|Earthquake|p1a: Hippopotas
|-damage|p1a: Hippopotas|204\/339
|move|p1a: Hippopotas|Earthquake|p2a: Dwayne
|-supereffective|p2a: Dwayne
|-damage|p2a: Dwayne|18\/364
|
|upkeep
|turn|31
|choice|move slackoff|move earthquake
|
|move|p2a: Dwayne|Earthquake|p1a: Hippopotas
|-damage|p1a: Hippopotas|122\/339
|move|p1a: Hippopotas|Slack Off|p1a: Hippopotas
|-heal|p1a: Hippopotas|292\/339
|
|upkeep
|turn|32
|choice|move slackoff|move earthquake
|
|move|p2a: Dwayne|Earthquake|p1a: Hippopotas
|-damage|p1a: Hippopotas|213\/339
|move|p1a: Hippopotas|Slack Off|p1a: Hippopotas
|-heal|p1a: Hippopotas|339\/339
|
|upkeep
|turn|33
|choice|move earthquake|move earthquake
|
|move|p2a: Dwayne|Earthquake|p1a: Hippopotas
|-damage|p1a: Hippopotas|266\/339
|move|p1a: Hippopotas|Earthquake|p2a: Dwayne
|-supereffective|p2a: Dwayne
|-damage|p2a: Dwayne|0 fnt
|faint|p2a: Dwayne
|
|upkeep
|choice||switch 5
|
|switch|p2a: Yung Genghis|Monferno, F|235\/269
|turn|34
|choice|move earthquake|move flareblitz
|
|move|p2a: Yung Genghis|Flare Blitz|p1a: Hippopotas
|-damage|p1a: Hippopotas|173\/339
|-damage|p2a: Yung Genghis|204\/269|[from] Recoil|[of] p1a: Hippopotas
|move|p1a: Hippopotas|Earthquake|p2a: Yung Genghis
|-supereffective|p2a: Yung Genghis
|-damage|p2a: Yung Genghis|0 fnt
|faint|p2a: Yung Genghis
|
|win|2xTheTap
|c|☆The Golden Banjo|gg
|c|☆2xTheTap|gg</script>
</div>
<div class="battle-log battle-log-inline"><div class="inner"><div class="battle-options"></div><div class="inner"><div class="chat"><small>2xTheTap joined.</small></div><div class="chat"><small>The Golden Banjo joined.</small></div><div class=""><small>Format:</small> <br><strong>PU</strong></div><div class=""><small><em>Sleep Clause Mod:</em> Limit one foe put to sleep</small></div><div class=""><small><em>Species Clause:</em> Limit one of each Pokémon</small></div><div class=""><small><em>OHKO Clause:</em> OHKO moves are banned</small></div><div class=""><small><em>Moody Clause:</em> Moody is banned</small></div><div class=""><small><em>Evasion Moves Clause:</em> Evasion moves are banned</small></div><div class=""><small><em>Endless Battle Clause:</em> Forcing endless battles is banned</small></div><div class=""><small><em>HP Percentage Mod:</em> HP is shown in percentages</small></div><div class=""><small><em>Swagger Clause:</em> Swagger is banned</small></div><div class=""><small><em>Baton Pass Clause:</em> Limit one Baton Passer, can't pass Spe and other stats simultaneously</small></div><div class="chat battle-history"><strong>2xTheTap's team:</strong> <em style="color:#445566;display:block;">Hippopotas / Stoutland / Mr. Mime / Sawsbuck / Mawile / Politoed</em></div><div class="chat battle-history"><strong>The Golden Banjo's team:</strong> <em style="color:#445566;display:block;">Ursaring / Rotom-Frost / Golem / Monferno / Tangela / Pelipper</em></div><div class="chat chatmessage-thegoldenbanjo"><strong style="color:hsl(39,87%,33%)"><small>☆</small><span class="username" data-name="The Golden Banjo">The Golden Banjo</span>:</strong> <em>hf</em></div><div class="chat chatmessage-2xthetap"><strong style="color:hsl(356,51%,50.948703188140954%)"><small>☆</small><span class="username" data-name="2xTheTap">2xTheTap</span>:</strong> <em>u2</em></div><div class="spacer battle-history"><br></div><div class="battle-history">Battle started between 2xTheTap and The Golden Banjo!<br></div><div class="spacer battle-history"><br></div><div class="battle-history">Go! <strong>Sawsbuck</strong>!<br></div><div class="spacer battle-history"><br></div><div class="battle-history">The Golden Banjo sent out Dyson (<strong>Rotom-Frost</strong>)!<br></div><div class="spacer battle-history"><br></div><h2 class="battle-history">Turn 1</h2><div class="spacer battle-history"><br></div><div class="battle-history">The Golden Banjo withdrew Dyson!<br></div><div class="battle-history">The Golden Banjo sent out Headphones (<strong>Tangela</strong>)!<br></div><div class="spacer battle-history"><br></div><div class="battle-history">Sawsbuck, come back!<br></div><div class="battle-history">Go! <strong>Politoed</strong>!<br></div><div class="spacer battle-history"><br></div><h2 class="battle-history">Turn 2</h2><div class="spacer battle-history"><br></div><div class="battle-history">Politoed used <strong>Ice Beam</strong>!<br></div><div class="battle-history"><small>It's super effective!</small><br></div><div class="battle-history"><small>(The opposing Headphones lost <abbr title="−234/334">70.1%</abbr> of its health!)</small><br></div><div class="spacer battle-history"><br></div><div class="battle-history">The opposing Headphones used <strong>Knock Off</strong>!<br></div><div class="battle-history"><small>(Politoed lost <abbr title="−54/351">15.4%</abbr> of its health!)</small><br></div><div class="battle-history"><small>The opposing Headphones knocked off Politoed's Leftovers!</small><br></div><div class="spacer battle-history"><br></div><h2 class="battle-history">Turn 3</h2><div class="spacer battle-history"><br></div><div class="battle-history">The Golden Banjo withdrew Headphones!<br></div><div class="battle-history">The Golden Banjo sent out VILLAGE CRUSHER (<strong>Ursaring</strong>)!<br></div><div class="spacer battle-history"><br></div><div class="battle-history">Politoed used <strong>Scald</strong>!<br></div><div class="battle-history"><small>(The opposing VILLAGE CRUSHER lost <abbr title="−115/384">29.9%</abbr> of its health!)</small><br></div><div class="battle-history"><small>The opposing VILLAGE CRUSHER was burned!</small><br></div><div class="spacer battle-history"><br></div><div class="battle-history"><small>The opposing VILLAGE CRUSHER restored a little HP using its Leftovers!</small><br></div><div class="battle-history"><small>The opposing VILLAGE CRUSHER was hurt by its burn!</small><br></div><div class="spacer battle-history"><br></div><h2 class="battle-history">Turn 4</h2><div class="spacer battle-history"><br></div><div class="battle-history">Politoed, come back!<br></div><div class="battle-history">Go! <strong>Mawile</strong>!<br></div><div class="battle-history"><small>[Mawile's Intimidate]</small><br></div><div class="battle-history"><small>The opposing VILLAGE CRUSHER's Attack fell!</small><br></div><div class="spacer battle-history"><br></div><div class="battle-history">The opposing VILLAGE CRUSHER used <strong>Frustration</strong>!<br></div><div class="battle-history"><small>It's not very effective...</small><br></div><div class="battle-history"><small>(Mawile lost <abbr title="−60/303">19.8%</abbr> of its health!)</small><br></div><div class="spacer battle-history"><br></div><div class="battle-history"><small>Mawile restored a little HP using its Leftovers!</small><br></div><div class="battle-history"><small>The opposing VILLAGE CRUSHER restored a little HP using its Leftovers!</small><br></div><div class="battle-history"><small>The opposing VILLAGE CRUSHER was hurt by its burn!</small><br></div><div class="spacer battle-history"><br></div><h2 class="battle-history">Turn 5</h2><div class="spacer battle-history"><br></div><div class="battle-history">The Golden Banjo withdrew VILLAGE CRUSHER!<br></div><div class="battle-history">The Golden Banjo sent out Strong Jaw (<strong>Pelipper</strong>)!<br></div><div class="spacer battle-history"><br></div><div class="battle-history">Mawile used <strong>Stealth Rock</strong>!<br></div><div class="battle-history"><small>Pointed stones float in the air around the opposing team!</small><br></div><div class="spacer battle-history"><br></div><div class="battle-history"><small>Mawile restored a little HP using its Leftovers!</small><br></div><div class="spacer battle-history"><br></div><h2 class="battle-history">Turn 6</h2><div class="spacer battle-history"><br></div><div class="battle-history">Mawile, come back!<br></div><div class="battle-history">Go! <strong>Politoed</strong>!<br></div><div class="spacer battle-history"><br></div><div class="battle-history">The opposing Strong Jaw used <strong>Defog</strong>!<br></div><div class="battle-history"><small>Politoed's evasiveness fell!</small><br></div><div class="battle-history"><small>The pointed stones disappeared from around the opposing team!</small><br></div><div class="spacer battle-history"><br></div><h2 class="battle-history">Turn 7</h2><div class="spacer battle-history"><br></div><div class="battle-history">The Golden Banjo withdrew Strong Jaw!<br></div><div class="battle-history">The Golden Banjo sent out Dyson (<strong>Rotom-Frost</strong>)!<br></div><div class="spacer battle-history"><br></div><div class="battle-history">Politoed used <strong>Hidden Power</strong>!<br></div><div class="battle-history"><small>It's not very effective...</small><br></div><div class="battle-history"><small>(The opposing Dyson lost <abbr title="−29/241">12.0%</abbr> of its health!)</small><br></div><div class="spacer battle-history"><br></div><h2 class="battle-history">Turn 8</h2><div class="spacer battle-history"><br></div><div class="battle-history">Politoed, come back!<br></div><div class="battle-history">Go! <strong>Hippopotas</strong>!<br></div><div class="battle-history"><small>[Hippopotas's Sand Stream]</small><br><small>A sandstorm kicked up!</small><br></div><div class="spacer battle-history"><br></div><div class="battle-history">The opposing Dyson used <strong>Thunderbolt</strong>!<br></div><div class="battle-history"><small>It doesn't affect Hippopotas...</small><br></div><div class="spacer battle-history"><br></div><div class="battle-history"><small>The sandstorm is raging.</small><br></div><div class="battle-history"><small>The opposing Dyson is buffeted by the sandstorm!</small><br></div><div class="spacer battle-history"><br></div><h2 class="battle-history">Turn 9</h2><div class="spacer battle-history"><br></div><div class="battle-history">The Golden Banjo withdrew Dyson!<br></div><div class="battle-history">The Golden Banjo sent out Headphones (<strong>Tangela</strong>)!<br></div><div class="spacer battle-history"><br></div><div class="battle-history">Hippopotas used <strong>Toxic</strong>!<br></div><div class="battle-history"><small>The opposing Headphones was badly poisoned!</small><br></div><div class="spacer battle-history"><br></div><div class="battle-history"><small>The sandstorm is raging.</small><br></div><div class="battle-history"><small>The opposing Headphones is buffeted by the sandstorm!</small><br></div><div class="battle-history"><small>The opposing Headphones was hurt by poison!</small><br></div><div class="spacer battle-history"><br></div><h2 class="battle-history">Turn 10</h2><div class="chat"><small>Beacs joined.</small></div><div class="spacer battle-history"><br></div><div class="battle-history">The Golden Banjo withdrew Headphones!<br></div><div class="battle-history">The Golden Banjo sent out Dyson (<strong>Rotom-Frost</strong>)!<br></div><div class="spacer battle-history"><br></div><div class="battle-history">Hippopotas, come back!<br></div><div class="battle-history">Go! <strong>Mawile</strong>!<br></div><div class="battle-history"><small>[Mawile's Intimidate]</small><br></div><div class="battle-history"><small>The opposing Dyson's Attack fell!</small><br></div><div class="spacer battle-history"><br></div><div class="battle-history"><small>The sandstorm is raging.</small><br></div><div class="battle-history"><small>The opposing Dyson is buffeted by the sandstorm!</small><br></div><div class="battle-history"><small>Mawile restored a little HP using its Leftovers!</small><br></div><div class="spacer battle-history"><br></div><h2 class="battle-history">Turn 11</h2><div class="spacer battle-history"><br></div><div class="battle-history">The opposing Dyson used <strong>Volt Switch</strong>!<br></div><div class="battle-history"><small>(Mawile lost <abbr title="−177/303">58.4%</abbr> of its health!)</small><br></div><div class="spacer battle-history"><br></div><div class="battle-history">The opposing Dyson went back to The Golden Banjo!<br></div><div class="battle-history">The Golden Banjo sent out Strong Jaw (<strong>Pelipper</strong>)!<br></div><div class="spacer battle-history"><br></div><div class="battle-history">Mawile used <strong>Baton Pass</strong>!<br></div><div class="spacer battle-history"><br></div><div class="battle-history">Go! <strong>Sawsbuck</strong>!<br></div><div class="spacer battle-history"><br></div><div class="battle-history"><small>The sandstorm is raging.</small><br></div><div class="battle-history"><small>Sawsbuck is buffeted by the sandstorm!</small><br></div><div class="battle-history"><small>The opposing Strong Jaw is buffeted by the sandstorm!</small><br></div><div class="battle-history"><small>The opposing Strong Jaw restored a little HP using its Leftovers!</small><br></div><div class="spacer battle-history"><br></div><h2 class="battle-history">Turn 12</h2><div class="spacer battle-history"><br></div><div class="battle-history">Sawsbuck used <strong>Hyper Beam</strong>!<br></div><div class="battle-history"><small>(The opposing Strong Jaw lost <abbr title="−304/304">100%</abbr> of its health!)</small><br></div><div class="spacer battle-history"><br></div><div class="battle-history">The opposing Strong Jaw fainted!<br></div><div class="spacer battle-history"><br></div><div class="battle-history"><small>The sandstorm subsided.</small><br></div><div class="chat chatmessage-thegoldenbanjo"><strong style="color:hsl(39,87%,33%)"><small>☆</small><span class="username" data-name="The Golden Banjo">The Golden Banjo</span>:</strong> <em>o</em></div><div class="chat chatmessage-thegoldenbanjo"><strong style="color:hsl(39,87%,33%)"><small>☆</small><span class="username" data-name="The Golden Banjo">The Golden Banjo</span>:</strong> <em>m</em></div><div class="chat chatmessage-thegoldenbanjo"><strong style="color:hsl(39,87%,33%)"><small>☆</small><span class="username" data-name="The Golden Banjo">The Golden Banjo</span>:</strong> <em>l</em></div><div class="chat chatmessage-2xthetap"><strong style="color:hsl(356,51%,50.948703188140954%)"><small>☆</small><span class="username" data-name="2xTheTap">2xTheTap</span>:</strong> <em>lol</em></div><div class="spacer battle-history"><br></div><div class="battle-history">The Golden Banjo sent out Yung Genghis (<strong>Monferno</strong>)!<br></div><div class="spacer battle-history"><br></div><h2 class="battle-history">Turn 13</h2><div class="spacer battle-history"><br></div><div class="battle-history">Sawsbuck must recharge!<br></div><div class="spacer battle-history"><br></div><div class="battle-history">The opposing Yung Genghis used <strong>Close Combat</strong>!<br></div><div class="battle-history"><small>It's super effective!</small><br></div><div class="battle-history"><small>(Sawsbuck lost <abbr title="−283/301">94.0%</abbr> of its health!)</small><br></div><div class="battle-history"><small>The opposing Yung Genghis's Defense fell!</small><br></div><div class="battle-history"><small>The opposing Yung Genghis's Special Defense fell!</small><br></div><div class="spacer battle-history"><br></div><div class="battle-history">Sawsbuck fainted!<br></div><div class="spacer battle-history"><br></div><div class="battle-history">Go! <strong>Mr. Mime</strong>!<br></div><div class="spacer battle-history"><br></div><h2 class="battle-history">Turn 14</h2><div class="spacer battle-history"><br></div><div class="battle-history">The Golden Banjo withdrew Yung Genghis!<br></div><div class="battle-history">The Golden Banjo sent out Dwayne (<strong>Golem</strong>)!<br></div><div class="spacer battle-history"><br></div><div class="battle-history">Mr. Mime used <strong>Trick</strong>!<br></div><div class="battle-history"><small>Mr. Mime switched items with its target!</small><br></div><div class="battle-history"><small>The opposing Dwayne obtained one Choice Scarf.</small><br></div><div class="battle-history"><small>Mr. Mime obtained one Leftovers.</small><br></div><div class="spacer battle-history"><br></div><h2 class="battle-history">Turn 15</h2><div class="spacer battle-history"><br></div><div class="battle-history">Mr. Mime, come back!<br></div><div class="battle-history">Go! <strong>Hippopotas</strong>!<br></div><div class="battle-history"><small>[Hippopotas's Sand Stream]</small><br><small>A sandstorm kicked up!</small><br></div><div class="spacer battle-history"><br></div><div class="battle-history">The opposing Dwayne used <strong>Stealth Rock</strong>!<br></div><div class="battle-history"><small>Pointed stones float in the air around your team!</small><br></div><div class="spacer battle-history"><br></div><div class="battle-history"><small>The sandstorm is raging.</small><br></div><div class="spacer battle-history"><br></div><h2 class="battle-history">Turn 16</h2><div class="spacer battle-history"><br></div><div class="battle-history">The Golden Banjo withdrew Dwayne!<br></div><div class="battle-history">The Golden Banjo sent out VILLAGE CRUSHER (<strong>Ursaring</strong>)!<br></div><div class="spacer battle-history"><br></div><div class="battle-history">Hippopotas, come back!<br></div><div class="battle-history">Go! <strong>Stoutland</strong>!<br></div><div class="battle-history"><small>Pointed stones dug into Stoutland!</small><br></div><div class="spacer battle-history"><br></div><div class="battle-history"><small>The sandstorm is raging.</small><br></div><div class="battle-history"><small>The opposing VILLAGE CRUSHER is buffeted by the sandstorm!</small><br></div><div class="battle-history"><small>The opposing VILLAGE CRUSHER restored a little HP using its Leftovers!</small><br></div><div class="battle-history"><small>The opposing VILLAGE CRUSHER was hurt by its burn!</small><br></div><div class="spacer battle-history"><br></div><h2 class="battle-history">Turn 17</h2><div class="spacer battle-history"><br></div><div class="battle-history">The Golden Banjo withdrew VILLAGE CRUSHER!<br></div><div class="battle-history">The Golden Banjo sent out Headphones (<strong>Tangela</strong>)!<br></div><div class="spacer battle-history"><br></div><div class="battle-history">Stoutland used <strong>Frustration</strong>!<br></div><div class="battle-history"><small>(The opposing Headphones lost <abbr title="−101/334">30.2%</abbr> of its health!)</small><br></div><div class="battle-history"><small>Stoutland lost some of its HP!</small><br></div><div class="spacer battle-history"><br></div><div class="battle-history"><small>The sandstorm is raging.</small><br></div><div class="battle-history"><small>The opposing Headphones is buffeted by the sandstorm!</small><br></div><div class="battle-history"><small>The opposing Headphones was hurt by poison!</small><br></div><div class="spacer battle-history"><br></div><h2 class="battle-history">Turn 18</h2><div class="spacer battle-history"><br></div><div class="battle-history">Stoutland used <strong>Frustration</strong>!<br></div><div class="battle-history"><small>(The opposing Headphones lost <abbr title="−110/334">32.9%</abbr> of its health!)</small><br></div><div class="battle-history"><small>Stoutland lost some of its HP!</small><br></div><div class="spacer battle-history"><br></div><div class="battle-history">The opposing Headphones used <strong>Giga Drain</strong>!<br></div><div class="battle-history"><small>(Stoutland lost <abbr title="−111/309">35.9%</abbr> of its health!)</small><br></div><div class="battle-history"><small>Stoutland had its energy drained!</small><br></div><div class="spacer battle-history"><br></div><div class="battle-history"><small>The sandstorm is raging.</small><br></div><div class="battle-history"><small>The opposing Headphones is buffeted by the sandstorm!</small><br></div><div class="battle-history"><small>The opposing Headphones was hurt by poison!</small><br></div><div class="spacer battle-history"><br></div><h2 class="battle-history">Turn 19</h2><div class="spacer battle-history"><br></div><div class="battle-history">Stoutland used <strong>Superpower</strong>!<br></div><div class="battle-history"><small>(The opposing Headphones lost <abbr title="−27/334">8.1%</abbr> of its health!)</small><br></div><div class="battle-history"><small>Stoutland's Attack fell!</small><br></div><div class="battle-history"><small>Stoutland's Defense fell!</small><br></div><div class="battle-history"><small>Stoutland lost some of its HP!</small><br></div><div class="spacer battle-history"><br></div><div class="battle-history">The opposing Headphones fainted!<br></div><div class="spacer battle-history"><br></div><div class="battle-history"><small>The sandstorm subsided.</small><br></div><div class="spacer battle-history"><br></div><div class="battle-history">The Golden Banjo sent out Yung Genghis (<strong>Monferno</strong>)!<br></div><div class="spacer battle-history"><br></div><h2 class="battle-history">Turn 20</h2><div class="spacer battle-history"><br></div><div class="battle-history">Stoutland, come back!<br></div><div class="battle-history">Go! <strong>Mawile</strong>!<br></div><div class="battle-history"><small>Pointed stones dug into Mawile!</small><br></div><div class="battle-history"><small>[Mawile's Intimidate]</small><br></div><div class="battle-history"><small>The opposing Yung Genghis's Attack fell!</small><br></div><div class="spacer battle-history"><br></div><div class="battle-history">The opposing Yung Genghis used <strong>Flare Blitz</strong>!<br></div><div class="battle-history"><small>It's super effective!</small><br></div><div class="battle-history"><small>(Mawile lost <abbr title="−102/303">33.7%</abbr> of its health!)</small><br></div><div class="battle-history"><small>The opposing Yung Genghis is damaged by the recoil!</small><br></div><div class="spacer battle-history"><br></div><div class="battle-history">Mawile fainted!<br></div><div class="spacer battle-history"><br></div><div class="battle-history">Go! <strong>Politoed</strong>!<br></div><div class="battle-history"><small>Pointed stones dug into Politoed!</small><br></div><div class="spacer battle-history"><br></div><h2 class="battle-history">Turn 21</h2><div class="spacer battle-history"><br></div><div class="battle-history">The Golden Banjo withdrew Yung Genghis!<br></div><div class="battle-history">The Golden Banjo sent out Dyson (<strong>Rotom-Frost</strong>)!<br></div><div class="spacer battle-history"><br></div><div class="battle-history">Politoed used <strong>Scald</strong>!<br></div><div class="battle-history"><small>(The opposing Dyson lost <abbr title="−121/241">50.2%</abbr> of its health!)</small><br></div><div class="battle-history"><small>The opposing Dyson was burned!</small><br></div><div class="spacer battle-history"><br></div><div class="battle-history"><small>The opposing Dyson was hurt by its burn!</small><br></div><div class="spacer battle-history"><br></div><h2 class="battle-history">Turn 22</h2><div class="spacer battle-history"><br></div><div class="battle-history">Politoed, come back!<br></div><div class="battle-history">Go! <strong>Hippopotas</strong>!<br></div><div class="battle-history"><small>Pointed stones dug into Hippopotas!</small><br></div><div class="battle-history"><small>[Hippopotas's Sand Stream]</small><br><small>A sandstorm kicked up!</small><br></div><div class="spacer battle-history"><br></div><div class="battle-history">The opposing Dyson used <strong>Thunderbolt</strong>!<br></div><div class="battle-history"><small>It doesn't affect Hippopotas...</small><br></div><div class="spacer battle-history"><br></div><div class="battle-history"><small>The sandstorm is raging.</small><br></div><div class="battle-history"><small>The opposing Dyson is buffeted by the sandstorm!</small><br></div><div class="battle-history"><small>The opposing Dyson was hurt by its burn!</small><br></div><div class="spacer battle-history"><br></div><div class="battle-history">The opposing Dyson fainted!<br></div><div class="spacer battle-history"><br></div><div class="battle-history">The Golden Banjo sent out VILLAGE CRUSHER (<strong>Ursaring</strong>)!<br></div><div class="spacer battle-history"><br></div><h2 class="battle-history">Turn 23</h2><div class="spacer battle-history"><br></div><div class="battle-history">The opposing VILLAGE CRUSHER used <strong>Rest</strong>!<br></div><div class="battle-history"><small>The opposing VILLAGE CRUSHER fell asleep!</small><br></div><div class="battle-history"><small>The opposing VILLAGE CRUSHER slept and became healthy!</small><br></div><div class="spacer battle-history"><br></div><div class="battle-history">Hippopotas used <strong>Whirlwind</strong>!<br></div><div class="spacer battle-history"><br></div><div class="battle-history">Dwayne (<strong>Golem</strong>) was dragged out!<br></div><div class="spacer battle-history"><br></div><div class="battle-history"><small>The sandstorm is raging.</small><br></div><div class="spacer battle-history"><br></div><h2 class="battle-history">Turn 24</h2><div class="spacer battle-history"><br></div><div class="battle-history">The Golden Banjo withdrew Dwayne!<br></div><div class="battle-history">The Golden Banjo sent out VILLAGE CRUSHER (<strong>Ursaring</strong>)!<br></div><div class="spacer battle-history"><br></div><div class="battle-history">Hippopotas used <strong>Earthquake</strong>!<br></div><div class="battle-history"><small>A critical hit!</small><br></div><div class="battle-history"><small>(The opposing VILLAGE CRUSHER lost <abbr title="−184/384">47.9%</abbr> of its health!)</small><br></div><div class="spacer battle-history"><br></div><div class="battle-history"><small>The sandstorm is raging.</small><br></div><div class="battle-history"><small>The opposing VILLAGE CRUSHER is buffeted by the sandstorm!</small><br></div><div class="battle-history"><small>The opposing VILLAGE CRUSHER restored a little HP using its Leftovers!</small><br></div><div class="spacer battle-history"><br></div><h2 class="battle-history">Turn 25</h2><div class="spacer battle-history"><br></div><div class="battle-history">The opposing VILLAGE CRUSHER is fast asleep.<br></div><div class="spacer battle-history"><br></div><div class="battle-history">The opposing VILLAGE CRUSHER used <strong>Sleep Talk</strong>!<br></div><div class="spacer battle-history"><br></div><div class="battle-history">The opposing VILLAGE CRUSHER used <strong>Frustration</strong>!<br></div><div class="battle-history"><small>(Hippopotas lost <abbr title="−130/339">38.3%</abbr> of its health!)</small><br></div><div class="spacer battle-history"><br></div><div class="battle-history">Hippopotas used <strong>Earthquake</strong>!<br></div><div class="battle-history"><small>A critical hit!</small><br></div><div class="battle-history"><small>(The opposing VILLAGE CRUSHER lost <abbr title="−171/384">44.5%</abbr> of its health!)</small><br></div><div class="spacer battle-history"><br></div><div class="battle-history"><small>The sandstorm is raging.</small><br></div><div class="battle-history"><small>The opposing VILLAGE CRUSHER is buffeted by the sandstorm!</small><br></div><div class="battle-history"><small>The opposing VILLAGE CRUSHER restored a little HP using its Leftovers!</small><br></div><div class="spacer battle-history"><br></div><h2 class="battle-history">Turn 26</h2><div class="spacer battle-history"><br></div><div class="battle-history">The opposing VILLAGE CRUSHER is fast asleep.<br></div><div class="spacer battle-history"><br></div><div class="battle-history">The opposing VILLAGE CRUSHER used <strong>Sleep Talk</strong>!<br></div><div class="spacer battle-history"><br></div><div class="battle-history">The opposing VILLAGE CRUSHER used <strong>Bulk Up</strong>!<br></div><div class="battle-history"><small>The opposing VILLAGE CRUSHER's Attack rose!</small><br></div><div class="battle-history"><small>The opposing VILLAGE CRUSHER's Defense rose!</small><br></div><div class="spacer battle-history"><br></div><div class="battle-history">Hippopotas used <strong>Earthquake</strong>!<br></div><div class="battle-history"><small>(The opposing VILLAGE CRUSHER lost <abbr title="−29/384">7.6%</abbr> of its health!)</small><br></div><div class="spacer battle-history"><br></div><div class="battle-history">The opposing VILLAGE CRUSHER fainted!<br></div><div class="spacer battle-history"><br></div><div class="battle-history"><small>The sandstorm subsided.</small><br></div><div class="spacer battle-history"><br></div><div class="battle-history">The Golden Banjo sent out Dwayne (<strong>Golem</strong>)!<br></div><div class="spacer battle-history"><br></div><h2 class="battle-history">Turn 27</h2><div class="spacer battle-history"><br></div><div class="battle-history">The opposing Dwayne used <strong>Earthquake</strong>!<br></div><div class="battle-history"><small>(Hippopotas lost <abbr title="−82/339">24.2%</abbr> of its health!)</small><br></div><div class="spacer battle-history"><br></div><div class="battle-history">Hippopotas used <strong>Slack Off</strong>!<br></div><div class="battle-history"><small>Hippopotas restored its HP.</small><br></div><div class="spacer battle-history"><br></div><h2 class="battle-history">Turn 28</h2><div class="spacer battle-history"><br></div><div class="battle-history">The opposing Dwayne used <strong>Earthquake</strong>!<br></div><div class="battle-history"><small>(Hippopotas lost <abbr title="−84/339">24.8%</abbr> of its health!)</small><br></div><div class="spacer battle-history"><br></div><div class="battle-history">Hippopotas used <strong>Earthquake</strong>!<br></div><div class="battle-history"><small>It's super effective!</small><br></div><div class="battle-history"><small>A critical hit!</small><br></div><div class="battle-history"><small>(The opposing Dwayne lost <abbr title="−200/364">54.9%</abbr> of its health!)</small><br></div><div class="spacer battle-history"><br></div><h2 class="battle-history">Turn 29</h2><div class="chat chatmessage-2xthetap"><strong style="color:hsl(356,51%,50.948703188140954%)"><small>☆</small><span class="username" data-name="2xTheTap">2xTheTap</span>:</strong> <em>3 crit eqs</em></div><div class="chat chatmessage-2xthetap"><strong style="color:hsl(356,51%,50.948703188140954%)"><small>☆</small><span class="username" data-name="2xTheTap">2xTheTap</span>:</strong> <em>that's gross</em></div><div class="spacer battle-history"><br></div><div class="battle-history">The opposing Dwayne used <strong>Earthquake</strong>!<br></div><div class="battle-history"><small>(Hippopotas lost <abbr title="−79/339">23.3%</abbr> of its health!)</small><br></div><div class="spacer battle-history"><br></div><div class="battle-history">Hippopotas used <strong>Slack Off</strong>!<br></div><div class="battle-history"><small>Hippopotas restored its HP.</small><br></div><div class="spacer battle-history"><br></div><h2 class="battle-history">Turn 30</h2><div class="chat chatmessage-thegoldenbanjo"><strong style="color:hsl(39,87%,33%)"><small>☆</small><span class="username" data-name="The Golden Banjo">The Golden Banjo</span>:</strong> <em>3 for 3</em></div><div class="chat chatmessage-thegoldenbanjo"><strong style="color:hsl(39,87%,33%)"><small>☆</small><span class="username" data-name="The Golden Banjo">The Golden Banjo</span>:</strong> <em>well not really</em></div><div class="spacer battle-history"><br></div><div class="battle-history">The opposing Dwayne used <strong>Earthquake</strong>!<br></div><div class="battle-history"><small>(Hippopotas lost <abbr title="−79/339">23.3%</abbr> of its health!)</small><br></div><div class="spacer battle-history"><br></div><div class="battle-history">Hippopotas used <strong>Earthquake</strong>!<br></div><div class="battle-history"><small>It's super effective!</small><br></div><div class="battle-history"><small>(The opposing Dwayne lost <abbr title="−146/364">40.1%</abbr> of its health!)</small><br></div><div class="spacer battle-history"><br></div><h2 class="battle-history">Turn 31</h2><div class="spacer battle-history"><br></div><div class="battle-history">The opposing Dwayne used <strong>Earthquake</strong>!<br></div><div class="battle-history"><small>(Hippopotas lost <abbr title="−82/339">24.2%</abbr> of its health!)</small><br></div><div class="spacer battle-history"><br></div><div class="battle-history">Hippopotas used <strong>Slack Off</strong>!<br></div><div class="battle-history"><small>Hippopotas restored its HP.</small><br></div><div class="spacer battle-history"><br></div><h2 class="battle-history">Turn 32</h2><div class="spacer battle-history"><br></div><div class="battle-history">The opposing Dwayne used <strong>Earthquake</strong>!<br></div><div class="battle-history"><small>(Hippopotas lost <abbr title="−79/339">23.3%</abbr> of its health!)</small><br></div><div class="spacer battle-history"><br></div><div class="battle-history">Hippopotas used <strong>Slack Off</strong>!<br></div><div class="battle-history"><small>Hippopotas restored its HP.</small><br></div><div class="spacer battle-history"><br></div><h2 class="battle-history">Turn 33</h2><div class="spacer battle-history"><br></div><div class="battle-history">The opposing Dwayne used <strong>Earthquake</strong>!<br></div><div class="battle-history"><small>(Hippopotas lost <abbr title="−73/339">21.5%</abbr> of its health!)</small><br></div><div class="spacer battle-history"><br></div><div class="battle-history">Hippopotas used <strong>Earthquake</strong>!<br></div><div class="battle-history"><small>It's super effective!</small><br></div><div class="battle-history"><small>(The opposing Dwayne lost <abbr title="−18/364">4.9%</abbr> of its health!)</small><br></div><div class="spacer battle-history"><br></div><div class="battle-history">The opposing Dwayne fainted!<br></div><div class="spacer battle-history"><br></div><div class="battle-history">The Golden Banjo sent out Yung Genghis (<strong>Monferno</strong>)!<br></div><div class="spacer battle-history"><br></div><h2 class="battle-history">Turn 34</h2><div class="spacer battle-history"><br></div><div class="battle-history">The opposing Yung Genghis used <strong>Flare Blitz</strong>!<br></div><div class="battle-history"><small>(Hippopotas lost <abbr title="−93/339">27.4%</abbr> of its health!)</small><br></div><div class="battle-history"><small>The opposing Yung Genghis is damaged by the recoil!</small><br></div><div class="spacer battle-history"><br></div><div class="battle-history">Hippopotas used <strong>Earthquake</strong>!<br></div><div class="battle-history"><small>It's super effective!</small><br></div><div class="battle-history"><small>(The opposing Yung Genghis lost <abbr title="−204/269">75.8%</abbr> of its health!)</small><br></div><div class="spacer battle-history"><br></div><div class="battle-history">The opposing Yung Genghis fainted!<br></div><div class="spacer battle-history"><br></div><div class="battle-history"><strong>2xTheTap</strong> won the battle!<br></div><div class="chat chatmessage-thegoldenbanjo"><strong style="color:hsl(39,87%,33%)"><small>☆</small><span class="username" data-name="The Golden Banjo">The Golden Banjo</span>:</strong> <em>gg</em></div><div class="chat chatmessage-2xthetap"><strong style="color:hsl(356,51%,50.948703188140954%)"><small>☆</small><span class="username" data-name="2xTheTap">2xTheTap</span>:</strong> <em>gg</em></div></div><div class="inner-preempt"></div></div></div>
</div>
<script>
let daily = Math.floor(Date.now()/1000/60/60/24);document.write('<script src="https://play.pokemonshowdown.com/js/replay-embed.js?version'+daily+'"></'+'script>');
</script>
