<!DOCTYPE html>
<meta charset="utf-8" />
<!-- version 1 -->
<title>PU replay: Lynks vs. Pakkuu °‿°</title>
<style>
html,body {font-family:Verdana, sans-serif;font-size:10pt;margin:0;padding:0;}body{padding:12px 0;} .battle-log {font-family:Verdana, sans-serif;font-size:10pt;} .battle-log-inline {border:1px solid #AAAAAA;background:#EEF2F5;color:black;max-width:640px;margin:0 auto 80px;padding-bottom:5px;} .battle-log .inner {padding:4px 8px 0px 8px;} .battle-log .inner-preempt {padding:0 8px 4px 8px;} .battle-log .inner-after {margin-top:0.5em;} .battle-log h2 {margin:0.5em -8px;padding:4px 8px;border:1px solid #AAAAAA;background:#E0E7EA;border-left:0;border-right:0;font-family:Verdana, sans-serif;font-size:13pt;} .battle-log .chat {vertical-align:middle;padding:3px 0 3px 0;font-size:8pt;} .battle-log .chat strong {color:#40576A;} .battle-log .chat em {padding:1px 4px 1px 3px;color:#000000;font-style:normal;} .chat.mine {background:rgba(0,0,0,0.05);margin-left:-8px;margin-right:-8px;padding-left:8px;padding-right:8px;} .spoiler {color:#BBBBBB;background:#BBBBBB;padding:0px 3px;} .spoiler:hover, .spoiler:active, .spoiler-shown {color:#000000;background:#E2E2E2;padding:0px 3px;} .spoiler a {color:#BBBBBB;} .spoiler:hover a, .spoiler:active a, .spoiler-shown a {color:#2288CC;} .chat code, .chat .spoiler:hover code, .chat .spoiler:active code, .chat .spoiler-shown code {border:1px solid #C0C0C0;background:#EEEEEE;color:black;padding:0 2px;} .chat .spoiler code {border:1px solid #CCCCCC;background:#CCCCCC;color:#CCCCCC;} .battle-log .rated {padding:3px 4px;} .battle-log .rated strong {color:white;background:#89A;padding:1px 4px;border-radius:4px;} .spacer {margin-top:0.5em;} .message-announce {background:#6688AA;color:white;padding:1px 4px 2px;} .message-announce a, .broadcast-green a, .broadcast-blue a, .broadcast-red a {color:#DDEEFF;} .broadcast-green {background-color:#559955;color:white;padding:2px 4px;} .broadcast-blue {background-color:#6688AA;color:white;padding:2px 4px;} .infobox {border:1px solid #6688AA;padding:2px 4px;} .infobox-limited {max-height:200px;overflow:auto;overflow-x:hidden;} .broadcast-red {background-color:#AA5544;color:white;padding:2px 4px;} .message-learn-canlearn {font-weight:bold;color:#228822;text-decoration:underline;} .message-learn-cannotlearn {font-weight:bold;color:#CC2222;text-decoration:underline;} .message-effect-weak {font-weight:bold;color:#CC2222;} .message-effect-resist {font-weight:bold;color:#6688AA;} .message-effect-immune {font-weight:bold;color:#666666;} .message-learn-list {margin-top:0;margin-bottom:0;} .message-throttle-notice, .message-error {color:#992222;} .message-overflow, .chat small.message-overflow {font-size:0pt;} .message-overflow::before {font-size:9pt;content:'...';} .subtle {color:#3A4A66;}
</style>
<div class="wrapper replay-wrapper" style="max-width:1180px;margin:0 auto">
<input type="hidden" name="replayid" value="pokestrat-pu-384" />
<div class="battle"></div><div class="battle-log"></div><div class="replay-controls"></div><div class="replay-controls-2"></div>
<h1 style="font-weight:normal;text-align:center"><strong>PU</strong><br /><a href="http://pokemonshowdown.com/users/lynks" class="subtle" target="_blank">Lynks</a> vs. <a href="http://pokemonshowdown.com/users/pakkuu" class="subtle" target="_blank">Pakkuu °‿°</a></h1>
<script type="text/plain" class="battle-log-data">|j|Lynks
|j|Pakkuu °‿°
|player|p1|Lynks|144
|player|p2|Pakkuu °‿°|130
|gametype|singles
|gen|6
|tier|PU
|seed|29797,8612,40449,21199
|rule|Sleep Clause Mod: Limit one foe put to sleep
|rule|Species Clause: Limit one of each Pokémon
|rule|OHKO Clause: OHKO moves are banned
|rule|Moody Clause: Moody is banned
|rule|Evasion Moves Clause: Evasion moves are banned
|rule|Endless Battle Clause: Forcing endless battles is banned
|rule|HP Percentage Mod: HP is shown in percentages
|clearpoke
|poke|p1|Krokorok, M|item
|poke|p1|Lumineon, F|item
|poke|p1|Beheeyem, F|item
|poke|p1|Mawile, F|item
|poke|p1|Dodrio, F|item
|poke|p1|Zebstrika, F|item
|poke|p2|Mawile, F|item
|poke|p2|Lumineon, M|item
|poke|p2|Grumpig, M|item
|poke|p2|Audino, F|item
|poke|p2|Leafeon, M|item
|poke|p2|Dodrio, F|item
|rule|Swagger Clause: Swagger is banned
|rule|Baton Pass Clause: Limit one Baton Passer, can't pass Spe and other stats simultaneously
|teampreview
|c|☆Lynks|mtn
|c|☆Lynks|tu forfeit
|c|☆Pakkuu °‿°|ah 
|j|Greenheroes
|c|☆Lynks|hf
|j|Mororine ^^
|c|☆Lynks|o
|c|☆Pakkuu °‿°|pas le Zebre
|c|☆Lynks|di
|c|☆Lynks|no
|c|☆Lynks|blblblblb
|c|☆Pakkuu °‿°|:)
|c|☆Pakkuu °‿°|:)
|c|☆Lynks|va te faire
|c|☆Lynks|:(
|c| Greenheroes|XD
|c|☆Lynks|t'as fait exprès je le c
|choice|team 6, team 2, team 3, team 4, team 5, team 1|team 5, team 2, team 3, team 4, team 1, team 6
|
|start
|switch|p1a: Zebstrika|Zebstrika, F|289\/289
|switch|p2a: THE sweeper 2.0|Leafeon, M|271\/271
|turn|1
|j|CharriX
|choice|switch 4|switch 4
|
|switch|p1a: Mawile|Mawile, F|303\/303
|-ability|p1a: Mawile|Intimidate|boost
|-unboost|p2a: THE sweeper 2.0|atk|1
|switch|p2a: THE Cleric|Audino, F|410\/410
|
|upkeep
|turn|2
|c| Greenheroes|il avait la même team au combat d'avant
|choice|move toxic|move knockoff
|
|move|p1a: Mawile|Toxic|p2a: THE Cleric
|-status|p2a: THE Cleric|tox
|move|p2a: THE Cleric|Knock Off|p1a: Mawile
|-resisted|p1a: Mawile
|-damage|p1a: Mawile|283\/303
|-enditem|p1a: Mawile|Leftovers|[from] move: Knock Off|[of] p2a: THE Cleric
|
|-damage|p2a: THE Cleric|385\/410 tox|[from] psn
|upkeep
|turn|3
|choice|move stealthrock|switch 5
|
|switch|p2a: THE Physical Wall|Mawile, F|304\/304
|-ability|p2a: THE Physical Wall|Intimidate|boost
|-unboost|p1a: Mawile|atk|1
|move|p1a: Mawile|Stealth Rock|p2a: THE Physical Wall
|-sidestart|p2: Pakkuu °‿°|move: Stealth Rock
|
|upkeep
|turn|4
|c|☆Lynks|\/me se demande comment il passe Mawile
|l|CharriX
|j|CharriX
|c|☆Lynks|reveal mawile seisme
|j|Tangent Phi
|c|☆Pakkuu °‿°|mdrr
|c|☆Pakkuu °‿°|Zeb oklm
|c|☆Lynks|je parlais
|c|☆Lynks|de toi
|c|☆Pakkuu °‿°|ah 
|c|☆Lynks|^^
|c|☆Pakkuu °‿°|good question
|choice|switch 6|move stealthrock
|
|switch|p1a: Krokorok|Krokorok, M|267\/267
|-ability|p1a: Krokorok|Intimidate|boost
|-unboost|p2a: THE Physical Wall|atk|1
|move|p2a: THE Physical Wall|Stealth Rock|p1a: Krokorok
|-sidestart|p1: Lynks|move: Stealth Rock
|
|upkeep
|turn|5
|c|☆Lynks|héhé
|choice|move earthquake|switch 2
|
|switch|p2a: THE Pivot|Lumineon, M|342\/342
|-damage|p2a: THE Pivot|300\/342|[from] Stealth Rock
|move|p1a: Krokorok|Earthquake|p2a: THE Pivot
|-damage|p2a: THE Pivot|107\/342
|
|-heal|p2a: THE Pivot|128\/342|[from] item: Leftovers
|upkeep
|turn|6
|c| Greenheroes|entre mawile life orb et mawile intimidate lequel est mieux?
|c|☆Lynks|intimidate
|c| CharriX|intimidate
|c|☆Lynks|100 fois
|choice|move earthquake|switch 6
|
|switch|p2a: THE sweeper|Dodrio, F|261\/261
|-damage|p2a: THE sweeper|196\/261|[from] Stealth Rock
|move|p1a: Krokorok|Earthquake|p2a: THE sweeper
|-immune|p2a: THE sweeper|[msg]
|
|upkeep
|turn|7
|c| CharriX|t exagere ynks
|c|☆Lynks|pas du tout
|c| CharriX|lynks*
|c|☆Lynks|mawile life orb
|c| Greenheroes|mon premier adversaire avait life orb sheer force
|c|☆Lynks|cest vieux et puant
|choice|switch 6|switch 2
|
|switch|p2a: THE Physical Wall|Mawile, F|304\/304
|-damage|p2a: THE Physical Wall|285\/304|[from] Stealth Rock
|-ability|p2a: THE Physical Wall|Intimidate|boost
|-unboost|p1a: Krokorok|atk|1
|switch|p1a: Mawile|Mawile, F|283\/303
|-damage|p1a: Mawile|265\/303|[from] Stealth Rock
|-ability|p1a: Mawile|Intimidate|boost
|-unboost|p2a: THE Physical Wall|atk|1
|
|-heal|p2a: THE Physical Wall|304\/304|[from] item: Leftovers
|upkeep
|turn|8
|c|☆Lynks|!!
|choice|move batonpass|move playrough
|
|move|p1a: Mawile|Baton Pass|p1a: Mawile
|c|☆Lynks|tss
|choice|switch 2|
|
|switch|p1a: Lumineon|Lumineon, F|342\/342
|-damage|p1a: Lumineon|300\/342|[from] Stealth Rock
|move|p2a: THE Physical Wall|Play Rough|p1a: Lumineon
|-damage|p1a: Lumineon|251\/342
|-unboost|p1a: Lumineon|atk|1
|
|-heal|p1a: Lumineon|272\/342|[from] item: Leftovers
|upkeep
|turn|9
|choice|move scald|move toxic
|
|move|p1a: Lumineon|Scald|p2a: THE Physical Wall
|-damage|p2a: THE Physical Wall|187\/304
|move|p2a: THE Physical Wall|Toxic|p1a: Lumineon
|-status|p1a: Lumineon|tox
|
|-heal|p1a: Lumineon|293\/342 tox|[from] item: Leftovers
|-heal|p2a: THE Physical Wall|206\/304|[from] item: Leftovers
|-damage|p1a: Lumineon|272\/342 tox|[from] psn
|upkeep
|turn|10
|choice|move uturn|switch 5
|
|switch|p2a: THE Cleric|Audino, F|410\/410 tox
|-damage|p2a: THE Cleric|359\/410 tox|[from] Stealth Rock
|move|p1a: Lumineon|U-turn|p2a: THE Cleric
|-damage|p2a: THE Cleric|329\/410 tox
|j|skillou971
|c|☆Pakkuu °‿°|Qu'il est bon ce Lynks
|choice|switch 3|
|
|switch|p1a: Beheeyem|Beheeyem, F|353\/353
|-damage|p1a: Beheeyem|309\/353|[from] Stealth Rock
|
|-heal|p2a: THE Cleric|354\/410 tox|[from] item: Leftovers
|-heal|p1a: Beheeyem|331\/353|[from] item: Leftovers
|-damage|p2a: THE Cleric|329\/410 tox|[from] psn
|upkeep
|turn|11
|j|Iron✘Pyrite
|choice|move psyshock|move knockoff
|
|move|p2a: THE Cleric|Knock Off|p1a: Beheeyem
|-supereffective|p1a: Beheeyem
|-damage|p1a: Beheeyem|197\/353
|-enditem|p1a: Beheeyem|Leftovers|[from] move: Knock Off|[of] p2a: THE Cleric
|move|p1a: Beheeyem|Psyshock|p2a: THE Cleric
|-damage|p2a: THE Cleric|130\/410 tox
|
|-heal|p2a: THE Cleric|155\/410 tox|[from] item: Leftovers
|-damage|p2a: THE Cleric|105\/410 tox|[from] psn
|upkeep
|turn|12
|c|☆Lynks|reste svp
|c|☆Pakkuu °‿°|ah bobo
|choice|move recover|switch 5
|
|switch|p2a: THE Physical Wall|Mawile, F|206\/304
|-damage|p2a: THE Physical Wall|187\/304|[from] Stealth Rock
|-ability|p2a: THE Physical Wall|Intimidate|boost
|-unboost|p1a: Beheeyem|atk|1
|move|p1a: Beheeyem|Recover|p1a: Beheeyem
|-heal|p1a: Beheeyem|353\/353
|
|-heal|p2a: THE Physical Wall|206\/304|[from] item: Leftovers
|upkeep
|turn|13
|c|☆Pakkuu °‿°|ntm
|c| CharriX|pakkuu le match precedent
|c| CharriX|ton stall final
|choice|switch 2|move playrough
|
|switch|p1a: Mawile|Mawile, F|265\/303
|-damage|p1a: Mawile|247\/303|[from] Stealth Rock
|-ability|p1a: Mawile|Intimidate|boost
|-unboost|p2a: THE Physical Wall|atk|1
|move|p2a: THE Physical Wall|Play Rough|p1a: Mawile
|-resisted|p1a: Mawile
|-damage|p1a: Mawile|220\/303
|
|-heal|p2a: THE Physical Wall|225\/304|[from] item: Leftovers
|upkeep
|turn|14
|c|☆Lynks|le stall cest pour les faibles
|c| CharriX|etait drole x)
|c|☆Pakkuu °‿°|y
|c|☆Lynks|audino c pour les faibles
|c|+Iron✘Pyrite|:3
|c|☆Pakkuu °‿°|J'avoue 
|choice|move batonpass|move playrough
|
|move|p1a: Mawile|Baton Pass|p1a: Mawile
|c| CharriX|mdr
|c|☆Lynks|mé
|choice|switch 3|
|
|switch|p1a: Lumineon|Lumineon, F|272\/342 tox
|-damage|p1a: Lumineon|230\/342 tox|[from] Stealth Rock
|move|p2a: THE Physical Wall|Play Rough|p1a: Lumineon
|-damage|p1a: Lumineon|172\/342 tox
|
|-heal|p1a: Lumineon|193\/342 tox|[from] item: Leftovers
|-heal|p2a: THE Physical Wall|244\/304|[from] item: Leftovers
|-damage|p1a: Lumineon|172\/342 tox|[from] psn
|upkeep
|turn|15
|c|☆Pakkuu °‿°|J'suis un faible
|choice|move defog|switch 5
|
|switch|p2a: THE Cleric|Audino, F|241\/410 tox
|-damage|p2a: THE Cleric|190\/410 tox|[from] Stealth Rock
|move|p1a: Lumineon|Defog|p2a: THE Cleric
|-unboost|p2a: THE Cleric|evasion|1
|-sideend|p2: Pakkuu °‿°|Stealth Rock|[from] move: Defog|[of] p2a: THE Cleric
|-sideend|p1: Lynks|Stealth Rock|[from] move: Defog|[of] p1a: Lumineon
|
|-heal|p1a: Lumineon|193\/342 tox|[from] item: Leftovers
|-heal|p2a: THE Cleric|215\/410 tox|[from] item: Leftovers
|-damage|p1a: Lumineon|151\/342 tox|[from] psn
|-damage|p2a: THE Cleric|190\/410 tox|[from] psn
|upkeep
|turn|16
|c| CharriX|☆Pakkuu °‿°: J'suis un faible
|choice|move uturn|move healbell
|
|move|p1a: Lumineon|U-turn|p2a: THE Cleric
|-damage|p2a: THE Cleric|146\/410 tox
|c| CharriX|O-O
|c| CharriX|je garde ca en stock pakkuu
|choice|switch 2|
|
|switch|p1a: Beheeyem|Beheeyem, F|353\/353
|move|p2a: THE Cleric|Heal Bell|p2a: THE Cleric
|-activate|p2a: THE Cleric|move: Heal Bell
|-curestatus|p2a: THE Cleric|tox|[msg]
|
|-heal|p2a: THE Cleric|171\/410|[from] item: Leftovers
|upkeep
|turn|17
|l|Tangent Phi
|c|☆Lynks|je te hais
|c|☆Lynks|odineau
|c|☆Pakkuu °‿°|!dt beheeyem
|c|~|\/data-pokemon Beheeyem
|raw|<font size="1"><font color="#686868">Dex#:<\/font> 606&nbsp;|&ThickSpace;<font color="#686868">Gen:<\/font> 5&nbsp;|&ThickSpace;<font color="#686868">Height:<\/font> 1 m&nbsp;|&ThickSpace;<font color="#686868">Weight:<\/font> 34.5 kg <em>(60 BP)<\/em>&nbsp;|&ThickSpace;<font color="#686868">Dex Colour:<\/font> Brown&nbsp;|&ThickSpace;<font color="#686868">Egg Group(s):<\/font> Human-Like&nbsp;|&ThickSpace;<font color="#686868">Does Not Evolve<\/font><\/font>
|c| CharriX|mdr
|choice|switch 4|switch 5
|
|switch|p2a: THE Physical Wall|Mawile, F|244\/304
|-ability|p2a: THE Physical Wall|Intimidate|boost
|-unboost|p1a: Beheeyem|atk|1
|switch|p1a: Zebstrika|Zebstrika, F|289\/289
|
|-heal|p2a: THE Physical Wall|263\/304|[from] item: Leftovers
|upkeep
|turn|18
|choice|move voltswitch|switch 5
|
|switch|p2a: THE Cleric|Audino, F|307\/410
|move|p1a: Zebstrika|Volt Switch|p2a: THE Cleric
|-damage|p2a: THE Cleric|220\/410
|-damage|p1a: Zebstrika|261\/289|[from] item: Life Orb
|c| CharriX|c com leveinard mais en PU
|choice|switch 6|
|
|switch|p1a: Krokorok|Krokorok, M|267\/267
|-ability|p1a: Krokorok|Intimidate|boost
|-unboost|p2a: THE Cleric|atk|1
|
|-heal|p2a: THE Cleric|245\/410|[from] item: Leftovers
|upkeep
|turn|19
|c|☆Pakkuu °‿°|ils sont tous les deux fourbes avec leur sourire machiavélique
|c|☆Lynks|grave
|c| CharriX|oué x)
|choice|move knockoff|move protect
|
|move|p2a: THE Cleric|Protect|p2a: THE Cleric
|-singleturn|p2a: THE Cleric|Protect
|move|p1a: Krokorok|Knock Off|p2a: THE Cleric
|-activate|p2a: THE Cleric|move: Protect
|
|-heal|p2a: THE Cleric|270\/410|[from] item: Leftovers
|upkeep
|turn|20
|choice|switch 6|switch 5
|
|switch|p1a: Zebstrika|Zebstrika, F|261\/289
|switch|p2a: THE Physical Wall|Mawile, F|263\/304
|-ability|p2a: THE Physical Wall|Intimidate|boost
|-unboost|p1a: Zebstrika|atk|1
|
|-heal|p2a: THE Physical Wall|282\/304|[from] item: Leftovers
|upkeep
|turn|21
|choice|move voltswitch|switch 5
|
|switch|p2a: THE Cleric|Audino, F|406\/410
|move|p1a: Zebstrika|Volt Switch|p2a: THE Cleric
|-damage|p2a: THE Cleric|311\/410
|-damage|p1a: Zebstrika|233\/289|[from] item: Life Orb
|c|☆Lynks|t'as fini
|c| skillou971|leveinard pue =pu=pu =:)= ok je sors
|c|☆Lynks|de faire le pussy
|choice|switch 4|
|
|switch|p1a: Beheeyem|Beheeyem, F|353\/353
|
|-heal|p2a: THE Cleric|336\/410|[from] item: Leftovers
|upkeep
|turn|22
|c|☆Pakkuu °‿°|;)
|c| CharriX|au revoir pakkuu
|c|☆Lynks|vient te batter
|c| CharriX|te batter
|c|☆Lynks|et jai bien dit
|c|☆Lynks|batter
|c| CharriX|mdr
|c|☆Pakkuu °‿°|mdrr
|choice|move nastyplot|switch 5
|
|switch|p2a: THE Physical Wall|Mawile, F|282\/304
|-ability|p2a: THE Physical Wall|Intimidate|boost
|-unboost|p1a: Beheeyem|atk|1
|move|p1a: Beheeyem|Nasty Plot|p1a: Beheeyem
|-boost|p1a: Beheeyem|spa|2
|
|-heal|p2a: THE Physical Wall|301\/304|[from] item: Leftovers
|upkeep
|turn|23
|c|☆Lynks|bouffe moi ça tête de croco
|choice|move psyshock|move playrough
|
|move|p2a: THE Physical Wall|Play Rough|p1a: Beheeyem
|-damage|p1a: Beheeyem|236\/353
|move|p1a: Beheeyem|Psyshock|p2a: THE Physical Wall
|-resisted|p2a: THE Physical Wall
|-damage|p2a: THE Physical Wall|173\/304
|
|-heal|p2a: THE Physical Wall|192\/304|[from] item: Leftovers
|upkeep
|turn|24
|c| CharriX|tete decroco
|c| CharriX|mdr
|choice|move psyshock|move playrough
|
|move|p2a: THE Physical Wall|Play Rough|p1a: Beheeyem
|-damage|p1a: Beheeyem|118\/353
|move|p1a: Beheeyem|Psyshock|p2a: THE Physical Wall
|-resisted|p2a: THE Physical Wall
|-damage|p2a: THE Physical Wall|64\/304
|
|-heal|p2a: THE Physical Wall|83\/304|[from] item: Leftovers
|upkeep
|turn|25
|c| CharriX|a +2 ca fait que ca
|c|☆Lynks|ah putain jvais tout juste me faire niquer
|c| CharriX|mais bon
|c|☆Pakkuu °‿°|y
|c|☆Pakkuu °‿°|t'as pas Focus Blast ? 
|c|☆Lynks|haxx
|c|☆Lynks|-
|choice|switch 3|move knockoff
|
|switch|p1a: Mawile|Mawile, F|220\/303
|-ability|p1a: Mawile|Intimidate|boost
|-unboost|p2a: THE Physical Wall|atk|1
|move|p2a: THE Physical Wall|Knock Off|p1a: Mawile
|-resisted|p1a: Mawile
|-damage|p1a: Mawile|208\/303
|
|-heal|p2a: THE Physical Wall|102\/304|[from] item: Leftovers
|upkeep
|turn|26
|c| CharriX|pakkuu ce y innocent
|choice|move playrough|move stealthrock
|
|move|p1a: Mawile|Play Rough|p2a: THE Physical Wall
|-resisted|p2a: THE Physical Wall
|-damage|p2a: THE Physical Wall|65\/304
|move|p2a: THE Physical Wall|Stealth Rock|p1a: Mawile
|-sidestart|p1: Lynks|move: Stealth Rock
|
|-heal|p2a: THE Physical Wall|84\/304|[from] item: Leftovers
|upkeep
|turn|27
|choice|move playrough|switch 5
|
|switch|p2a: THE Cleric|Audino, F|410\/410
|move|p1a: Mawile|Play Rough|p2a: THE Cleric
|-damage|p2a: THE Cleric|296\/410
|
|-heal|p2a: THE Cleric|321\/410|[from] item: Leftovers
|upkeep
|turn|28
|c| CharriX|"oui tu vas te faire niquer lynks"
|c|☆Lynks|meur muchachos
|choice|switch 4|move wish
|
|switch|p1a: Zebstrika|Zebstrika, F|233\/289
|-damage|p1a: Zebstrika|197\/289|[from] Stealth Rock
|move|p2a: THE Cleric|Wish|p2a: THE Cleric
|
|-heal|p2a: THE Cleric|346\/410|[from] item: Leftovers
|upkeep
|turn|29
|j|Lovely Togekiss
|choice|move voltswitch|move protect
|
|move|p2a: THE Cleric|Protect|p2a: THE Cleric
|-singleturn|p2a: THE Cleric|Protect
|move|p1a: Zebstrika|Volt Switch|p2a: THE Cleric
|-activate|p2a: THE Cleric|move: Protect
|
|-heal|p2a: THE Cleric|410\/410|[from] move: Wish|[wisher] THE Cleric
|upkeep
|turn|30
|c| Greenheroes|et là double pied
|j|TharpackDo
|c| Greenheroes|XD
|c|+Lovely Togekiss|déçue de pas pouvoir faire le tour
|c|+Lovely Togekiss|snif
|c|+Iron✘Pyrite|Et ca fait 0
|c|+Iron✘Pyrite|Et tu pleures
|choice|move voltswitch|move wish
|
|move|p1a: Zebstrika|Volt Switch|p2a: THE Cleric
|-damage|p2a: THE Cleric|315\/410
|-damage|p1a: Zebstrika|169\/289|[from] item: Life Orb
|choice|switch 3|
|
|switch|p1a: Beheeyem|Beheeyem, F|118\/353
|-damage|p1a: Beheeyem|74\/353|[from] Stealth Rock
|move|p2a: THE Cleric|Wish|p2a: THE Cleric
|
|-heal|p2a: THE Cleric|340\/410|[from] item: Leftovers
|upkeep
|turn|31
|choice|move recover|switch 5
|
|switch|p2a: THE Physical Wall|Mawile, F|84\/304
|-ability|p2a: THE Physical Wall|Intimidate|boost
|-unboost|p1a: Beheeyem|atk|1
|move|p1a: Beheeyem|Recover|p1a: Beheeyem
|-heal|p1a: Beheeyem|251\/353
|
|-heal|p2a: THE Physical Wall|289\/304|[from] move: Wish|[wisher] THE Cleric
|-heal|p2a: THE Physical Wall|304\/304|[from] item: Leftovers
|upkeep
|turn|32
|c|☆Lynks|thx
|c|☆Lynks|bon par contre ce match
|c| CharriX|lovely togekiss tu pars du principe que taurais gagner hein x)
|c|☆Lynks|est chaint sa race
|c|☆Lynks|chiant*
|c|☆Pakkuu °‿°|moi j'aime bien :)
|c|☆Pakkuu °‿°|:)
|c|+Lovely Togekiss|CharriX non
|c|☆Lynks|on dirait un de ces matchs nul à chier contr elovely togekiss
|c| CharriX|je c lt
|c|+Lovely Togekiss|Lynks
|c| CharriX|je rigole
|c|☆Pakkuu °‿°|mdrr Lovely Togekiss
|c|☆Pakkuu °‿°|Lynks*
|c|☆Lynks|et j'ai pas envie
|c|☆Lynks|de faire encore
|c|☆Lynks|50 tours
|c|+Lovely Togekiss|on dirait un de ses matchs où tu rages de pas savoir wallbreak une balanced
|c|☆Lynks|pour te battre
|c|☆Lynks|et 5 pks
|c|☆Pakkuu °‿°|:(
|c| CharriX|forfeit lynks mdrrr
|c|☆Pakkuu °‿°|je te bats 
|j|Pokelectrik
|choice|move recover|move playrough
|
|move|p2a: THE Physical Wall|Play Rough|p1a: Beheeyem
|-damage|p1a: Beheeyem|142\/353
|move|p1a: Beheeyem|Recover|p1a: Beheeyem
|-heal|p1a: Beheeyem|319\/353
|
|upkeep
|turn|33
|c|+Lovely Togekiss|uiui go forfeit car flemme
|c|☆Pakkuu °‿°|sur la longueur
|choice|move nastyplot|move knockoff
|
|move|p2a: THE Physical Wall|Knock Off|p1a: Beheeyem
|-supereffective|p1a: Beheeyem
|-damage|p1a: Beheeyem|205\/353
|move|p1a: Beheeyem|Nasty Plot|p1a: Beheeyem
|-boost|p1a: Beheeyem|spa|2
|
|upkeep
|turn|34
|c| Greenheroes|tour 32 et aucun pokémon mort pour l'instant...
|choice|move recover|move knockoff
|
|move|p2a: THE Physical Wall|Knock Off|p1a: Beheeyem
|-supereffective|p1a: Beheeyem
|-damage|p1a: Beheeyem|95\/353
|move|p1a: Beheeyem|Recover|p1a: Beheeyem
|-heal|p1a: Beheeyem|272\/353
|
|upkeep
|turn|35
|c| CharriX|non seieux c quoi cte mentalité lynks 
|c|☆Lynks|bah jai pas juste ça a fair
|c|☆Lynks|e
|c|☆Lynks|charri
|c|☆Lynks|en fait
|c| Greenheroes|sérieux*
|choice|move recover|move knockoff
|
|move|p2a: THE Physical Wall|Knock Off|p1a: Beheeyem
|-supereffective|p1a: Beheeyem
|-damage|p1a: Beheeyem|156\/353
|move|p1a: Beheeyem|Recover|p1a: Beheeyem
|-heal|p1a: Beheeyem|333\/353
|
|upkeep
|turn|36
|choice|move nastyplot|move knockoff
|
|move|p2a: THE Physical Wall|Knock Off|p1a: Beheeyem
|-supereffective|p1a: Beheeyem
|-damage|p1a: Beheeyem|223\/353
|move|p1a: Beheeyem|Nasty Plot|p1a: Beheeyem
|-boost|p1a: Beheeyem|spa|2
|
|upkeep
|turn|37
|c| CharriX|oué dsl
|choice|move recover|move knockoff
|
|move|p2a: THE Physical Wall|Knock Off|p1a: Beheeyem
|-supereffective|p1a: Beheeyem
|-damage|p1a: Beheeyem|117\/353
|move|p1a: Beheeyem|Recover|p1a: Beheeyem
|-heal|p1a: Beheeyem|294\/353
|
|upkeep
|turn|38
|c|+Lovely Togekiss|Mouais
|choice|move nastyplot|move knockoff
|
|move|p2a: THE Physical Wall|Knock Off|p1a: Beheeyem
|-supereffective|p1a: Beheeyem
|-damage|p1a: Beheeyem|180\/353
|move|p1a: Beheeyem|Nasty Plot|p1a: Beheeyem
|-boost|p1a: Beheeyem|spa|2
|
|upkeep
|turn|39
|choice|move recover|move knockoff
|
|move|p2a: THE Physical Wall|Knock Off|p1a: Beheeyem
|-supereffective|p1a: Beheeyem
|-damage|p1a: Beheeyem|64\/353
|move|p1a: Beheeyem|Recover|p1a: Beheeyem
|-heal|p1a: Beheeyem|241\/353
|
|upkeep
|turn|40
|c|+Lovely Togekiss|C'est surtout la mentalité
|choice|move recover|move knockoff
|
|move|p2a: THE Physical Wall|Knock Off|p1a: Beheeyem
|-supereffective|p1a: Beheeyem
|-damage|p1a: Beheeyem|125\/353
|move|p1a: Beheeyem|Recover|p1a: Beheeyem
|-heal|p1a: Beheeyem|302\/353
|
|upkeep
|turn|41
|c|+Lovely Togekiss|je veux face que des HO
|c|+Lovely Togekiss|sinon c nul
|c| CharriX|ca va prendre du temps
|choice|move psyshock|move knockoff
|
|move|p2a: THE Physical Wall|Knock Off|p1a: Beheeyem
|-supereffective|p1a: Beheeyem
|-damage|p1a: Beheeyem|186\/353
|move|p1a: Beheeyem|Psyshock|p2a: THE Physical Wall
|-resisted|p2a: THE Physical Wall
|-damage|p2a: THE Physical Wall|40\/304
|
|-heal|p2a: THE Physical Wall|59\/304|[from] item: Leftovers
|upkeep
|turn|42
|c|+Iron✘Pyrite|Là en fait
|c|+Lovely Togekiss|beheeyem a win
|choice|move recover|move knockoff
|
|move|p2a: THE Physical Wall|Knock Off|p1a: Beheeyem
|-supereffective|p1a: Beheeyem
|-damage|p1a: Beheeyem|64\/353
|move|p1a: Beheeyem|Recover|p1a: Beheeyem
|-heal|p1a: Beheeyem|241\/353
|
|-heal|p2a: THE Physical Wall|78\/304|[from] item: Leftovers
|upkeep
|turn|43
|c|+Lovely Togekiss|en fait
|choice|move recover|move knockoff
|
|move|p2a: THE Physical Wall|Knock Off|p1a: Beheeyem
|-supereffective|p1a: Beheeyem
|-damage|p1a: Beheeyem|121\/353
|move|p1a: Beheeyem|Recover|p1a: Beheeyem
|-heal|p1a: Beheeyem|298\/353
|
|-heal|p2a: THE Physical Wall|97\/304|[from] item: Leftovers
|upkeep
|turn|44
|c|+Iron✘Pyrite|Ça aurait été plus pratique que tu aies CM BEM
|c|+Lovely Togekiss|fin si lynks joue bien
|c| CharriX|spam les np lynks
|c|+Iron✘Pyrite|Mais tu l'as pas :D
|c|☆Lynks|grave Iron✘Pyrite
|c|☆Lynks|tu m'as jamais dit que ça existait
|c|☆Lynks|:(
|choice|move psyshock|move knockoff
|
|move|p2a: THE Physical Wall|Knock Off|p1a: Beheeyem
|-supereffective|p1a: Beheeyem
|-damage|p1a: Beheeyem|178\/353
|move|p1a: Beheeyem|Psyshock|p2a: THE Physical Wall
|-resisted|p2a: THE Physical Wall
|-damage|p2a: THE Physical Wall|0 fnt
|faint|p2a: THE Physical Wall
|
|upkeep
|c|+Iron✘Pyrite|Dans ton équipe il passait pas
|choice||switch 2
|
|switch|p2a: THE sweeper|Dodrio, F|196\/261
|turn|45
|c|☆Lynks|envoie audino
|c| Greenheroes|1 kill tour 44, fiou c'est long
|choice|switch 4|move return
|
|switch|p1a: Mawile|Mawile, F|208\/303
|-damage|p1a: Mawile|190\/303|[from] Stealth Rock
|-ability|p1a: Mawile|Intimidate|boost
|-unboost|p2a: THE sweeper|atk|1
|move|p2a: THE sweeper|Return|p1a: Mawile
|-resisted|p1a: Mawile
|-damage|p1a: Mawile|139\/303
|
|upkeep
|turn|46
|c| CharriX|comme si il allait tecouter lynks
|choice|move toxic|switch 6
|
|switch|p2a: THE Pivot|Lumineon, M|128\/342
|move|p1a: Mawile|Toxic|p2a: THE Pivot
|-status|p2a: THE Pivot|tox
|
|-heal|p2a: THE Pivot|149\/342 tox|[from] item: Leftovers
|-damage|p2a: THE Pivot|128\/342 tox|[from] psn
|upkeep
|turn|47
|c| Greenheroes|tout ce placement pour 1 kill...
|c|☆Lynks|bawi green jvais rester histoire de perdre le truc qui nique audino
|c|☆Lynks|grosse strat
|c| Pokelectrik|Ouah super le toxic
|c| Greenheroes|en mode 6:0 Lynks
|choice|switch 2|move uturn
|
|switch|p1a: Lumineon|Lumineon, F|151\/342 tox
|-damage|p1a: Lumineon|109\/342 tox|[from] Stealth Rock
|move|p2a: THE Pivot|U-turn|p1a: Lumineon
|-damage|p1a: Lumineon|78\/342 tox
|c|+Iron✘Pyrite|Rofl Lynks qui se fait hardbully
|c|☆Lynks|snif
|choice||switch 6
|
|switch|p2a: THE sweeper|Dodrio, F|196\/261
|
|-heal|p1a: Lumineon|99\/342 tox|[from] item: Leftovers
|-damage|p1a: Lumineon|78\/342 tox|[from] psn
|upkeep
|turn|48
|c| Pokelectrik|Sur un Pokémon résistant comme lumineon, c
|c| Pokelectrik|Génial
|choice|move scald|move return
|
|move|p2a: THE sweeper|Return|p1a: Lumineon
|-damage|p1a: Lumineon|0 fnt
|faint|p1a: Lumineon
|
|upkeep
|choice|switch 2|
|
|switch|p1a: Mawile|Mawile, F|139\/303
|-damage|p1a: Mawile|121\/303|[from] Stealth Rock
|-ability|p1a: Mawile|Intimidate|boost
|-unboost|p2a: THE sweeper|atk|1
|turn|49
|c|+Iron✘Pyrite|C'est utile en vrai
|choice|move stealthrock|switch 5
|
|switch|p2a: THE Cleric|Audino, F|410\/410
|move|p1a: Mawile|Stealth Rock|p2a: THE Cleric
|-sidestart|p2: Pakkuu °‿°|move: Stealth Rock
|
|upkeep
|turn|50
|j|posidy
|choice|switch 4|move wish
|
|switch|p1a: Beheeyem|Beheeyem, F|178\/353
|-damage|p1a: Beheeyem|134\/353|[from] Stealth Rock
|move|p2a: THE Cleric|Wish|p2a: THE Cleric
|
|upkeep
|turn|51
|c|+Iron✘Pyrite|Sauf que y a Audino
|c| Greenheroes|pas sucker punch lynks, pour quoi ce set?
|c|☆Lynks|qui
|c|☆Lynks|va mourrir
|c|☆Lynks|?
|choice|move recover|switch 4
|
|switch|p2a: THE sweeper 2.0|Leafeon, M|271\/271
|-damage|p2a: THE sweeper 2.0|238\/271|[from] Stealth Rock
|move|p1a: Beheeyem|Recover|p1a: Beheeyem
|-heal|p1a: Beheeyem|311\/353
|
|-heal|p2a: THE sweeper 2.0|271\/271|[from] move: Wish|[wisher] THE Cleric
|upkeep
|turn|52
|c|☆Lynks|Iron✘Pyrite
|c|☆Lynks|band y\/n
|c| Greenheroes|je dirais non.
|choice|switch 4|move leafblade
|
|switch|p1a: Mawile|Mawile, F|121\/303
|-damage|p1a: Mawile|103\/303|[from] Stealth Rock
|-ability|p1a: Mawile|Intimidate|boost
|-unboost|p2a: THE sweeper 2.0|atk|1
|move|p2a: THE sweeper 2.0|Leaf Blade|p1a: Mawile
|-resisted|p1a: Mawile
|-damage|p1a: Mawile|66\/303
|
|upkeep
|turn|53
|c| CharriX|lynks comment tu vas passer audino en vrai ?
|c|☆Lynks|avec beheyeem
|choice|move playrough|move leafblade
|
|move|p2a: THE sweeper 2.0|Leaf Blade|p1a: Mawile
|-resisted|p1a: Mawile
|-damage|p1a: Mawile|30\/303
|move|p1a: Mawile|Play Rough|p2a: THE sweeper 2.0
|-damage|p2a: THE sweeper 2.0|192\/271
|
|upkeep
|turn|54
|choice|move playrough|move leafblade
|
|move|p2a: THE sweeper 2.0|Leaf Blade|p1a: Mawile
|-resisted|p1a: Mawile
|-damage|p1a: Mawile|0 fnt
|faint|p1a: Mawile
|
|upkeep
|c| CharriX|ah oui psyshock
|choice|switch 5|
|
|switch|p1a: Dodrio|Dodrio, F|261\/261
|-damage|p1a: Dodrio|196\/261|[from] Stealth Rock
|turn|55
|c| Greenheroes|je sais pas si il te reste assez de recover pour battre audino...
|choice|move frustration|move knockoff
|
|move|p1a: Dodrio|Frustration|p2a: THE sweeper 2.0
|-damage|p2a: THE sweeper 2.0|72\/271
|move|p2a: THE sweeper 2.0|Knock Off|p1a: Dodrio
|-damage|p1a: Dodrio|107\/261
|-enditem|p1a: Dodrio|Choice Scarf|[from] move: Knock Off|[of] p2a: THE sweeper 2.0
|
|upkeep
|turn|56
|c|☆Lynks|euh
|c|☆Pakkuu °‿°|bh
|c| CharriX|je ne pense pas en vrai
|c|☆Lynks|?
|c|☆Pakkuu °‿°|spam brave bird
|c|+Iron✘Pyrite|Lynks pourquoi
|c|+Iron✘Pyrite|Tu as hardchoke
|c|☆Pakkuu °‿°|y
|c|☆Lynks|bah 
|c|☆Lynks|en théorie
|c|☆Lynks|tu restes pas
|c|☆Lynks|sur dodrio
|c|☆Lynks|avec leafeon
|c|☆Pakkuu °‿°|j'avais aucun switch in brave bird
|c| CharriX|ca va etre looonnnng
|c|☆Lynks|audino
|c|☆Lynks|lol
|c|☆Pakkuu °‿°|bh faut regarder la team
|c|☆Pakkuu °‿°|et 
|c|+Iron✘Pyrite|Il pensait au Band
|c|☆Lynks|jvais pas envoyer le band
|c|+Iron✘Pyrite|Qui défonce Audino
|choice|move frustration|move return
|
|move|p1a: Dodrio|Frustration|p2a: THE sweeper 2.0
|-damage|p2a: THE sweeper 2.0|0 fnt
|faint|p2a: THE sweeper 2.0
|
|upkeep
|c|☆Lynks|sur ce truc
|choice||switch 5
|
|switch|p2a: THE sweeper|Dodrio, F|196\/261
|-damage|p2a: THE sweeper|131\/261|[from] Stealth Rock
|turn|57
|choice|move frustration|move return
|
|move|p2a: THE sweeper|Return|p1a: Dodrio
|-damage|p1a: Dodrio|0 fnt
|faint|p1a: Dodrio
|
|upkeep
|choice|switch 6|
|
|switch|p1a: Krokorok|Krokorok, M|267\/267
|-damage|p1a: Krokorok|251\/267|[from] Stealth Rock
|-ability|p1a: Krokorok|Intimidate|boost
|-unboost|p2a: THE sweeper|atk|1
|turn|58
|c| CharriX|une fois certains pokes passés, ca devrai aller plus vite je pense
|c|☆Lynks|on y croit
|c|☆Lynks|mdr
|choice|move pursuit|switch 3
|
|-activate|p2a: THE sweeper|move: Pursuit
|move|p1a: Krokorok|Pursuit|p2a: THE sweeper|[from]Pursuit
|-crit|p2a: THE sweeper
|-damage|p2a: THE sweeper|0 fnt
|faint|p2a: THE sweeper
|
|upkeep
|c|☆Lynks|héhé
|c|+Iron✘Pyrite|Oooo
|choice||switch 4
|
|switch|p2a: THE Cleric|Audino, F|410\/410
|-damage|p2a: THE Cleric|359\/410|[from] Stealth Rock
|turn|59
|c| CharriX|tas raison dy croire lynks ecoute
|c|☆Pakkuu °‿°|ah
|c|☆Lynks|du coup
|c|☆Lynks|beheyeem
|choice|switch 4|move wish
|
|switch|p1a: Beheeyem|Beheeyem, F|311\/353
|-damage|p1a: Beheeyem|267\/353|[from] Stealth Rock
|move|p2a: THE Cleric|Wish|p2a: THE Cleric
|
|-heal|p2a: THE Cleric|384\/410|[from] item: Leftovers
|upkeep
|turn|60
|c| CharriX|le haxx est avec lynks
|c|☆Lynks|win
|j|LeParadox
|c|☆Lynks|le crit a rien changé
|c|☆Lynks|CharriX
|c|+Iron✘Pyrite|Rofl
|choice|move nastyplot|switch 6
|
|switch|p2a: THE Pivot|Lumineon, M|128\/342 tox
|-damage|p2a: THE Pivot|86\/342 tox|[from] Stealth Rock
|move|p1a: Beheeyem|Nasty Plot|p1a: Beheeyem
|-boost|p1a: Beheeyem|spa|2
|
|-heal|p2a: THE Pivot|291\/342 tox|[from] move: Wish|[wisher] THE Cleric
|-heal|p2a: THE Pivot|312\/342 tox|[from] item: Leftovers
|-damage|p2a: THE Pivot|291\/342 tox|[from] psn
|upkeep
|turn|61
|c| CharriX|c pour ca que je suis pour pakkuu en vrai
|c|☆Lynks|tu crois que Dodrio
|c|☆Lynks|tient un pursuit
|c|☆Lynks|de Band
|c|+Iron✘Pyrite|J'adore comment personne croit en toi Lynks
|c|☆Lynks|Krookorok
|c| CharriX|non en vrai
|c|☆Lynks|?
|c|☆Lynks|tant pis pour eux spin
|c| CharriX|ta vu iron pryte x)
|c|☆Lynks|mdr
|j|Grumeaux
|c| CharriX|t pour pakkuu aussi non ?
|choice|switch 3|move toxic
|
|switch|p1a: Zebstrika|Zebstrika, F|169\/289
|-damage|p1a: Zebstrika|133\/289|[from] Stealth Rock
|move|p2a: THE Pivot|Toxic|p1a: Zebstrika
|-status|p1a: Zebstrika|tox
|
|-heal|p2a: THE Pivot|312\/342 tox|[from] item: Leftovers
|-damage|p1a: Zebstrika|115\/289 tox|[from] psn
|-damage|p2a: THE Pivot|270\/342 tox|[from] psn
|upkeep
|turn|62
|c| CharriX|salut grumeaux
|choice|move voltswitch|switch 3
|
|switch|p2a: THE Special Wall|Grumpig, M|363\/363
|-damage|p2a: THE Special Wall|318\/363|[from] Stealth Rock
|move|p1a: Zebstrika|Volt Switch|p2a: THE Special Wall
|-damage|p2a: THE Special Wall|231\/363
|-damage|p1a: Zebstrika|87\/289 tox|[from] item: Life Orb
|c| Pokelectrik|On tient avec Lynks en pensée. Comme a l'adversaire il voit rien venir
|choice|switch 4|
|
|switch|p1a: Krokorok|Krokorok, M|251\/267
|-damage|p1a: Krokorok|235\/267|[from] Stealth Rock
|-ability|p1a: Krokorok|Intimidate|boost
|-unboost|p2a: THE Special Wall|atk|1
|
|-heal|p2a: THE Special Wall|253\/363|[from] item: Leftovers
|upkeep
|turn|63
|choice|move earthquake|switch 6
|
|switch|p2a: THE Cleric|Audino, F|410\/410
|-damage|p2a: THE Cleric|359\/410|[from] Stealth Rock
|move|p1a: Krokorok|Earthquake|p2a: THE Cleric
|-damage|p2a: THE Cleric|130\/410
|
|-heal|p2a: THE Cleric|155\/410|[from] item: Leftovers
|upkeep
|turn|64
|c|☆Lynks|adieu
|c|☆Lynks|audino
|c|☆Pakkuu °‿°|gg
|-message|Pakkuu °‿° forfeited.
|
|win|Lynks
|l|Pakkuu °‿°
|c| CharriX|gg
|c|☆Lynks|voilà comment je passe
|l|Iron✘Pyrite
|l|CharriX
|c|☆Lynks|Audino
|l|Lynks
|l|TharpackDo
|l|Mororine ^^
|l|Pokelectrik</script>
</div>
<div class="battle-log battle-log-inline"><div class="inner"><div class="battle-options"></div><div class="inner"><div class="chat"><small>Lynks joined.</small></div><div class="chat"><small>Pakkuu °‿° joined.</small></div><div class=""><small>Format:</small> <br><strong>PU</strong></div><div class=""><small><em>Sleep Clause Mod:</em> Limit one foe put to sleep</small></div><div class=""><small><em>Species Clause:</em> Limit one of each Pokémon</small></div><div class=""><small><em>OHKO Clause:</em> OHKO moves are banned</small></div><div class=""><small><em>Moody Clause:</em> Moody is banned</small></div><div class=""><small><em>Evasion Moves Clause:</em> Evasion moves are banned</small></div><div class=""><small><em>Endless Battle Clause:</em> Forcing endless battles is banned</small></div><div class=""><small><em>HP Percentage Mod:</em> HP is shown in percentages</small></div><div class=""><small><em>Swagger Clause:</em> Swagger is banned</small></div><div class=""><small><em>Baton Pass Clause:</em> Limit one Baton Passer, can't pass Spe and other stats simultaneously</small></div><div class="chat battle-history"><strong>Lynks's team:</strong> <em style="color:#445566;display:block;">Krokorok / Lumineon / Beheeyem / Mawile / Dodrio / Zebstrika</em></div><div class="chat battle-history"><strong>Pakkuu °‿°'s team:</strong> <em style="color:#445566;display:block;">Mawile / Lumineon / Grumpig / Audino / Leafeon / Dodrio</em></div><div class="chat chatmessage-lynks"><strong style="color:hsl(298,42%,49%)"><small>☆</small><span class="username" data-name="Lynks">Lynks</span>:</strong> <em>mtn</em></div><div class="chat chatmessage-lynks"><strong style="color:hsl(298,42%,49%)"><small>☆</small><span class="username" data-name="Lynks">Lynks</span>:</strong> <em>tu forfeit</em></div><div class="chat chatmessage-pakkuu"><strong style="color:hsl(249,42%,58.2957790101625%)"><small>☆</small><span class="username" data-name="Pakkuu °‿°">Pakkuu °‿°</span>:</strong> <em>ah </em></div><div class="chat"><small>Greenheroes joined.</small></div><div class="chat chatmessage-lynks"><strong style="color:hsl(298,42%,49%)"><small>☆</small><span class="username" data-name="Lynks">Lynks</span>:</strong> <em>hf</em></div><div class="chat"><small>Mororine ^^ joined.</small></div><div class="chat chatmessage-lynks"><strong style="color:hsl(298,42%,49%)"><small>☆</small><span class="username" data-name="Lynks">Lynks</span>:</strong> <em>o</em></div><div class="chat chatmessage-pakkuu"><strong style="color:hsl(249,42%,58.2957790101625%)"><small>☆</small><span class="username" data-name="Pakkuu °‿°">Pakkuu °‿°</span>:</strong> <em>pas le Zebre</em></div><div class="chat chatmessage-lynks"><strong style="color:hsl(298,42%,49%)"><small>☆</small><span class="username" data-name="Lynks">Lynks</span>:</strong> <em>di</em></div><div class="chat chatmessage-lynks"><strong style="color:hsl(298,42%,49%)"><small>☆</small><span class="username" data-name="Lynks">Lynks</span>:</strong> <em>no</em></div><div class="chat chatmessage-lynks"><strong style="color:hsl(298,42%,49%)"><small>☆</small><span class="username" data-name="Lynks">Lynks</span>:</strong> <em>blblblblb</em></div><div class="chat chatmessage-pakkuu"><strong style="color:hsl(249,42%,58.2957790101625%)"><small>☆</small><span class="username" data-name="Pakkuu °‿°">Pakkuu °‿°</span>:</strong> <em>:)</em></div><div class="chat chatmessage-pakkuu"><strong style="color:hsl(249,42%,58.2957790101625%)"><small>☆</small><span class="username" data-name="Pakkuu °‿°">Pakkuu °‿°</span>:</strong> <em>:)</em></div><div class="chat chatmessage-lynks"><strong style="color:hsl(298,42%,49%)"><small>☆</small><span class="username" data-name="Lynks">Lynks</span>:</strong> <em>va te faire</em></div><div class="chat chatmessage-lynks"><strong style="color:hsl(298,42%,49%)"><small>☆</small><span class="username" data-name="Lynks">Lynks</span>:</strong> <em>:(</em></div><div class="chat chatmessage-greenheroes"><strong style="color:hsl(265,74%,56.967384459884016%)"><small> </small><span class="username" data-name="Greenheroes">Greenheroes</span>:</strong> <em>XD</em></div><div class="chat chatmessage-lynks"><strong style="color:hsl(298,42%,49%)"><small>☆</small><span class="username" data-name="Lynks">Lynks</span>:</strong> <em>t'as fait exprès je le c</em></div><div class="spacer battle-history"><br></div><div class="battle-history">Battle started between Lynks and Pakkuu °‿°!<br></div><div class="spacer battle-history"><br></div><div class="battle-history">Go! <strong>Zebstrika</strong>!<br></div><div class="spacer battle-history"><br></div><div class="battle-history">Pakkuu °‿° sent out THE sweeper 2.0 (<strong>Leafeon</strong>)!<br></div><div class="spacer battle-history"><br></div><h2 class="battle-history">Turn 1</h2><div class="chat"><small>CharriX joined.</small></div><div class="spacer battle-history"><br></div><div class="battle-history">Zebstrika, come back!<br></div><div class="battle-history">Go! <strong>Mawile</strong>!<br></div><div class="battle-history"><small>[Mawile's Intimidate]</small><br></div><div class="battle-history"><small>The opposing THE sweeper 2.0's Attack fell!</small><br></div><div class="spacer battle-history"><br></div><div class="battle-history">Pakkuu °‿° withdrew THE sweeper 2.0!<br></div><div class="battle-history">Pakkuu °‿° sent out THE Cleric (<strong>Audino</strong>)!<br></div><div class="spacer battle-history"><br></div><h2 class="battle-history">Turn 2</h2><div class="chat chatmessage-greenheroes"><strong style="color:hsl(265,74%,56.967384459884016%)"><small> </small><span class="username" data-name="Greenheroes">Greenheroes</span>:</strong> <em>il avait la même team au combat d'avant</em></div><div class="spacer battle-history"><br></div><div class="battle-history">Mawile used <strong>Toxic</strong>!<br></div><div class="battle-history"><small>The opposing THE Cleric was badly poisoned!</small><br></div><div class="spacer battle-history"><br></div><div class="battle-history">The opposing THE Cleric used <strong>Knock Off</strong>!<br></div><div class="battle-history"><small>It's not very effective...</small><br></div><div class="battle-history"><small>(Mawile lost <abbr title="−20/303">6.6%</abbr> of its health!)</small><br></div><div class="battle-history"><small>The opposing THE Cleric knocked off Mawile's Leftovers!</small><br></div><div class="spacer battle-history"><br></div><div class="battle-history"><small>The opposing THE Cleric was hurt by poison!</small><br></div><div class="spacer battle-history"><br></div><h2 class="battle-history">Turn 3</h2><div class="spacer battle-history"><br></div><div class="battle-history">Pakkuu °‿° withdrew THE Cleric!<br></div><div class="battle-history">Pakkuu °‿° sent out THE Physical Wall (<strong>Mawile</strong>)!<br></div><div class="battle-history"><small>[The opposing THE Physical Wall's Intimidate]</small><br></div><div class="battle-history"><small>Mawile's Attack fell!</small><br></div><div class="spacer battle-history"><br></div><div class="battle-history">Mawile used <strong>Stealth Rock</strong>!<br></div><div class="battle-history"><small>Pointed stones float in the air around the opposing team!</small><br></div><div class="spacer battle-history"><br></div><h2 class="battle-history">Turn 4</h2><div class="chat chatmessage-lynks"><em><i><strong style="color:hsl(298,42%,49%)">• <small>☆</small><span class="username" data-name="Lynks">Lynks</span></strong> se demande comment il passe Mawile</i></em></div><div class="chat"><small>CharriX left.</small></div><div class="chat"><small>CharriX joined.</small></div><div class="chat chatmessage-lynks"><strong style="color:hsl(298,42%,49%)"><small>☆</small><span class="username" data-name="Lynks">Lynks</span>:</strong> <em>reveal mawile seisme</em></div><div class="chat"><small>Tangent Phi joined.</small></div><div class="chat chatmessage-pakkuu"><strong style="color:hsl(249,42%,58.2957790101625%)"><small>☆</small><span class="username" data-name="Pakkuu °‿°">Pakkuu °‿°</span>:</strong> <em>mdrr</em></div><div class="chat chatmessage-pakkuu"><strong style="color:hsl(249,42%,58.2957790101625%)"><small>☆</small><span class="username" data-name="Pakkuu °‿°">Pakkuu °‿°</span>:</strong> <em>Zeb oklm</em></div><div class="chat chatmessage-lynks"><strong style="color:hsl(298,42%,49%)"><small>☆</small><span class="username" data-name="Lynks">Lynks</span>:</strong> <em>je parlais</em></div><div class="chat chatmessage-lynks"><strong style="color:hsl(298,42%,49%)"><small>☆</small><span class="username" data-name="Lynks">Lynks</span>:</strong> <em>de toi</em></div><div class="chat chatmessage-pakkuu"><strong style="color:hsl(249,42%,58.2957790101625%)"><small>☆</small><span class="username" data-name="Pakkuu °‿°">Pakkuu °‿°</span>:</strong> <em>ah </em></div><div class="chat chatmessage-lynks"><strong style="color:hsl(298,42%,49%)"><small>☆</small><span class="username" data-name="Lynks">Lynks</span>:</strong> <em>^^</em></div><div class="chat chatmessage-pakkuu"><strong style="color:hsl(249,42%,58.2957790101625%)"><small>☆</small><span class="username" data-name="Pakkuu °‿°">Pakkuu °‿°</span>:</strong> <em>good question</em></div><div class="spacer battle-history"><br></div><div class="battle-history">Mawile, come back!<br></div><div class="battle-history">Go! <strong>Krokorok</strong>!<br></div><div class="battle-history"><small>[Krokorok's Intimidate]</small><br></div><div class="battle-history"><small>The opposing THE Physical Wall's Attack fell!</small><br></div><div class="spacer battle-history"><br></div><div class="battle-history">The opposing THE Physical Wall used <strong>Stealth Rock</strong>!<br></div><div class="battle-history"><small>Pointed stones float in the air around your team!</small><br></div><div class="spacer battle-history"><br></div><h2 class="battle-history">Turn 5</h2><div class="chat chatmessage-lynks"><strong style="color:hsl(298,42%,49%)"><small>☆</small><span class="username" data-name="Lynks">Lynks</span>:</strong> <em>héhé</em></div><div class="spacer battle-history"><br></div><div class="battle-history">Pakkuu °‿° withdrew THE Physical Wall!<br></div><div class="battle-history">Pakkuu °‿° sent out THE Pivot (<strong>Lumineon</strong>)!<br></div><div class="battle-history"><small>Pointed stones dug into the opposing THE Pivot!</small><br></div><div class="spacer battle-history"><br></div><div class="battle-history">Krokorok used <strong>Earthquake</strong>!<br></div><div class="battle-history"><small>(The opposing THE Pivot lost <abbr title="−193/342">56.4%</abbr> of its health!)</small><br></div><div class="spacer battle-history"><br></div><div class="battle-history"><small>The opposing THE Pivot restored a little HP using its Leftovers!</small><br></div><div class="spacer battle-history"><br></div><h2 class="battle-history">Turn 6</h2><div class="chat chatmessage-greenheroes"><strong style="color:hsl(265,74%,56.967384459884016%)"><small> </small><span class="username" data-name="Greenheroes">Greenheroes</span>:</strong> <em>entre mawile life orb et mawile intimidate lequel est mieux?</em></div><div class="chat chatmessage-lynks"><strong style="color:hsl(298,42%,49%)"><small>☆</small><span class="username" data-name="Lynks">Lynks</span>:</strong> <em>intimidate</em></div><div class="chat chatmessage-charrix"><strong style="color:hsl(285,41%,53.36929377188207%)"><small> </small><span class="username" data-name="CharriX">CharriX</span>:</strong> <em>intimidate</em></div><div class="chat chatmessage-lynks"><strong style="color:hsl(298,42%,49%)"><small>☆</small><span class="username" data-name="Lynks">Lynks</span>:</strong> <em>100 fois</em></div><div class="spacer battle-history"><br></div><div class="battle-history">Pakkuu °‿° withdrew THE Pivot!<br></div><div class="battle-history">Pakkuu °‿° sent out THE sweeper (<strong>Dodrio</strong>)!<br></div><div class="battle-history"><small>Pointed stones dug into the opposing THE sweeper!</small><br></div><div class="spacer battle-history"><br></div><div class="battle-history">Krokorok used <strong>Earthquake</strong>!<br></div><div class="battle-history"><small>It doesn't affect the opposing THE sweeper...</small><br></div><div class="spacer battle-history"><br></div><h2 class="battle-history">Turn 7</h2><div class="chat chatmessage-charrix"><strong style="color:hsl(285,41%,53.36929377188207%)"><small> </small><span class="username" data-name="CharriX">CharriX</span>:</strong> <em>t exagere ynks</em></div><div class="chat chatmessage-lynks"><strong style="color:hsl(298,42%,49%)"><small>☆</small><span class="username" data-name="Lynks">Lynks</span>:</strong> <em>pas du tout</em></div><div class="chat chatmessage-charrix"><strong style="color:hsl(285,41%,53.36929377188207%)"><small> </small><span class="username" data-name="CharriX">CharriX</span>:</strong> <em>lynks*</em></div><div class="chat chatmessage-lynks"><strong style="color:hsl(298,42%,49%)"><small>☆</small><span class="username" data-name="Lynks">Lynks</span>:</strong> <em>mawile life orb</em></div><div class="chat chatmessage-greenheroes"><strong style="color:hsl(265,74%,56.967384459884016%)"><small> </small><span class="username" data-name="Greenheroes">Greenheroes</span>:</strong> <em>mon premier adversaire avait life orb sheer force</em></div><div class="chat chatmessage-lynks"><strong style="color:hsl(298,42%,49%)"><small>☆</small><span class="username" data-name="Lynks">Lynks</span>:</strong> <em>cest vieux et puant</em></div><div class="spacer battle-history"><br></div><div class="battle-history">Pakkuu °‿° withdrew THE sweeper!<br></div><div class="battle-history">Pakkuu °‿° sent out THE Physical Wall (<strong>Mawile</strong>)!<br></div><div class="battle-history"><small>Pointed stones dug into the opposing THE Physical Wall!</small><br></div><div class="battle-history"><small>[The opposing THE Physical Wall's Intimidate]</small><br></div><div class="battle-history"><small>Krokorok's Attack fell!</small><br></div><div class="spacer battle-history"><br></div><div class="battle-history">Krokorok, come back!<br></div><div class="battle-history">Go! <strong>Mawile</strong>!<br></div><div class="battle-history"><small>Pointed stones dug into Mawile!</small><br></div><div class="battle-history"><small>[Mawile's Intimidate]</small><br></div><div class="battle-history"><small>The opposing THE Physical Wall's Attack fell!</small><br></div><div class="spacer battle-history"><br></div><div class="battle-history"><small>The opposing THE Physical Wall restored a little HP using its Leftovers!</small><br></div><div class="spacer battle-history"><br></div><h2 class="battle-history">Turn 8</h2><div class="chat chatmessage-lynks"><strong style="color:hsl(298,42%,49%)"><small>☆</small><span class="username" data-name="Lynks">Lynks</span>:</strong> <em>!!</em></div><div class="spacer battle-history"><br></div><div class="battle-history">Mawile used <strong>Baton Pass</strong>!<br></div><div class="chat chatmessage-lynks"><strong style="color:hsl(298,42%,49%)"><small>☆</small><span class="username" data-name="Lynks">Lynks</span>:</strong> <em>tss</em></div><div class="spacer battle-history"><br></div><div class="battle-history">Go! <strong>Lumineon</strong>!<br></div><div class="battle-history"><small>Pointed stones dug into Lumineon!</small><br></div><div class="spacer battle-history"><br></div><div class="battle-history">The opposing THE Physical Wall used <strong>Play Rough</strong>!<br></div><div class="battle-history"><small>(Lumineon lost <abbr title="−49/342">14.3%</abbr> of its health!)</small><br></div><div class="battle-history"><small>Lumineon's Attack fell!</small><br></div><div class="spacer battle-history"><br></div><div class="battle-history"><small>Lumineon restored a little HP using its Leftovers!</small><br></div><div class="spacer battle-history"><br></div><h2 class="battle-history">Turn 9</h2><div class="spacer battle-history"><br></div><div class="battle-history">Lumineon used <strong>Scald</strong>!<br></div><div class="battle-history"><small>(The opposing THE Physical Wall lost <abbr title="−117/304">38.5%</abbr> of its health!)</small><br></div><div class="spacer battle-history"><br></div><div class="battle-history">The opposing THE Physical Wall used <strong>Toxic</strong>!<br></div><div class="battle-history"><small>Lumineon was badly poisoned!</small><br></div><div class="spacer battle-history"><br></div><div class="battle-history"><small>Lumineon restored a little HP using its Leftovers!</small><br></div><div class="battle-history"><small>The opposing THE Physical Wall restored a little HP using its Leftovers!</small><br></div><div class="battle-history"><small>Lumineon was hurt by poison!</small><br></div><div class="spacer battle-history"><br></div><h2 class="battle-history">Turn 10</h2><div class="spacer battle-history"><br></div><div class="battle-history">Pakkuu °‿° withdrew THE Physical Wall!<br></div><div class="battle-history">Pakkuu °‿° sent out THE Cleric (<strong>Audino</strong>)!<br></div><div class="battle-history"><small>Pointed stones dug into the opposing THE Cleric!</small><br></div><div class="spacer battle-history"><br></div><div class="battle-history">Lumineon used <strong>U-turn</strong>!<br></div><div class="battle-history"><small>(The opposing THE Cleric lost <abbr title="−30/410">7.3%</abbr> of its health!)</small><br></div><div class="chat"><small>skillou971 joined.</small></div><div class="chat chatmessage-pakkuu"><strong style="color:hsl(249,42%,58.2957790101625%)"><small>☆</small><span class="username" data-name="Pakkuu °‿°">Pakkuu °‿°</span>:</strong> <em>Qu'il est bon ce Lynks</em></div><div class="spacer battle-history"><br></div><div class="battle-history">Lumineon went back to Lynks!<br></div><div class="battle-history">Go! <strong>Beheeyem</strong>!<br></div><div class="battle-history"><small>Pointed stones dug into Beheeyem!</small><br></div><div class="spacer battle-history"><br></div><div class="battle-history"><small>The opposing THE Cleric restored a little HP using its Leftovers!</small><br></div><div class="battle-history"><small>Beheeyem restored a little HP using its Leftovers!</small><br></div><div class="battle-history"><small>The opposing THE Cleric was hurt by poison!</small><br></div><div class="spacer battle-history"><br></div><h2 class="battle-history">Turn 11</h2><div class="chat"><small>Iron✘Pyrite joined.</small></div><div class="spacer battle-history"><br></div><div class="battle-history">The opposing THE Cleric used <strong>Knock Off</strong>!<br></div><div class="battle-history"><small>It's super effective!</small><br></div><div class="battle-history"><small>(Beheeyem lost <abbr title="−134/353">38.0%</abbr> of its health!)</small><br></div><div class="battle-history"><small>The opposing THE Cleric knocked off Beheeyem's Leftovers!</small><br></div><div class="spacer battle-history"><br></div><div class="battle-history">Beheeyem used <strong>Psyshock</strong>!<br></div><div class="battle-history"><small>(The opposing THE Cleric lost <abbr title="−199/410">48.5%</abbr> of its health!)</small><br></div><div class="spacer battle-history"><br></div><div class="battle-history"><small>The opposing THE Cleric restored a little HP using its Leftovers!</small><br></div><div class="battle-history"><small>The opposing THE Cleric was hurt by poison!</small><br></div><div class="spacer battle-history"><br></div><h2 class="battle-history">Turn 12</h2><div class="chat chatmessage-lynks"><strong style="color:hsl(298,42%,49%)"><small>☆</small><span class="username" data-name="Lynks">Lynks</span>:</strong> <em>reste svp</em></div><div class="chat chatmessage-pakkuu"><strong style="color:hsl(249,42%,58.2957790101625%)"><small>☆</small><span class="username" data-name="Pakkuu °‿°">Pakkuu °‿°</span>:</strong> <em>ah bobo</em></div><div class="spacer battle-history"><br></div><div class="battle-history">Pakkuu °‿° withdrew THE Cleric!<br></div><div class="battle-history">Pakkuu °‿° sent out THE Physical Wall (<strong>Mawile</strong>)!<br></div><div class="battle-history"><small>Pointed stones dug into the opposing THE Physical Wall!</small><br></div><div class="battle-history"><small>[The opposing THE Physical Wall's Intimidate]</small><br></div><div class="battle-history"><small>Beheeyem's Attack fell!</small><br></div><div class="spacer battle-history"><br></div><div class="battle-history">Beheeyem used <strong>Recover</strong>!<br></div><div class="battle-history"><small>Beheeyem restored its HP.</small><br></div><div class="spacer battle-history"><br></div><div class="battle-history"><small>The opposing THE Physical Wall restored a little HP using its Leftovers!</small><br></div><div class="spacer battle-history"><br></div><h2 class="battle-history">Turn 13</h2><div class="chat chatmessage-pakkuu"><strong style="color:hsl(249,42%,58.2957790101625%)"><small>☆</small><span class="username" data-name="Pakkuu °‿°">Pakkuu °‿°</span>:</strong> <em>ntm</em></div><div class="chat chatmessage-charrix"><strong style="color:hsl(285,41%,53.36929377188207%)"><small> </small><span class="username" data-name="CharriX">CharriX</span>:</strong> <em>pakkuu le match precedent</em></div><div class="chat chatmessage-charrix"><strong style="color:hsl(285,41%,53.36929377188207%)"><small> </small><span class="username" data-name="CharriX">CharriX</span>:</strong> <em>ton stall final</em></div><div class="spacer battle-history"><br></div><div class="battle-history">Beheeyem, come back!<br></div><div class="battle-history">Go! <strong>Mawile</strong>!<br></div><div class="battle-history"><small>Pointed stones dug into Mawile!</small><br></div><div class="battle-history"><small>[Mawile's Intimidate]</small><br></div><div class="battle-history"><small>The opposing THE Physical Wall's Attack fell!</small><br></div><div class="spacer battle-history"><br></div><div class="battle-history">The opposing THE Physical Wall used <strong>Play Rough</strong>!<br></div><div class="battle-history"><small>It's not very effective...</small><br></div><div class="battle-history"><small>(Mawile lost <abbr title="−27/303">8.9%</abbr> of its health!)</small><br></div><div class="spacer battle-history"><br></div><div class="battle-history"><small>The opposing THE Physical Wall restored a little HP using its Leftovers!</small><br></div><div class="spacer battle-history"><br></div><h2 class="battle-history">Turn 14</h2><div class="chat chatmessage-lynks"><strong style="color:hsl(298,42%,49%)"><small>☆</small><span class="username" data-name="Lynks">Lynks</span>:</strong> <em>le stall cest pour les faibles</em></div><div class="chat chatmessage-charrix"><strong style="color:hsl(285,41%,53.36929377188207%)"><small> </small><span class="username" data-name="CharriX">CharriX</span>:</strong> <em>etait drole x)</em></div><div class="chat chatmessage-pakkuu"><strong style="color:hsl(249,42%,58.2957790101625%)"><small>☆</small><span class="username" data-name="Pakkuu °‿°">Pakkuu °‿°</span>:</strong> <em>y</em></div><div class="chat chatmessage-lynks"><strong style="color:hsl(298,42%,49%)"><small>☆</small><span class="username" data-name="Lynks">Lynks</span>:</strong> <em>audino c pour les faibles</em></div><div class="chat chatmessage-ironpyrite"><strong style="color:hsl(320,70%,45.718082309027785%)"><small>+</small><span class="username" data-name="Iron✘Pyrite">Iron✘Pyrite</span>:</strong> <em>:3</em></div><div class="chat chatmessage-pakkuu"><strong style="color:hsl(249,42%,58.2957790101625%)"><small>☆</small><span class="username" data-name="Pakkuu °‿°">Pakkuu °‿°</span>:</strong> <em>J'avoue </em></div><div class="spacer battle-history"><br></div><div class="battle-history">Mawile used <strong>Baton Pass</strong>!<br></div><div class="chat chatmessage-charrix"><strong style="color:hsl(285,41%,53.36929377188207%)"><small> </small><span class="username" data-name="CharriX">CharriX</span>:</strong> <em>mdr</em></div><div class="chat chatmessage-lynks"><strong style="color:hsl(298,42%,49%)"><small>☆</small><span class="username" data-name="Lynks">Lynks</span>:</strong> <em>mé</em></div><div class="spacer battle-history"><br></div><div class="battle-history">Go! <strong>Lumineon</strong>!<br></div><div class="battle-history"><small>Pointed stones dug into Lumineon!</small><br></div><div class="spacer battle-history"><br></div><div class="battle-history">The opposing THE Physical Wall used <strong>Play Rough</strong>!<br></div><div class="battle-history"><small>(Lumineon lost <abbr title="−58/342">17.0%</abbr> of its health!)</small><br></div><div class="spacer battle-history"><br></div><div class="battle-history"><small>Lumineon restored a little HP using its Leftovers!</small><br></div><div class="battle-history"><small>The opposing THE Physical Wall restored a little HP using its Leftovers!</small><br></div><div class="battle-history"><small>Lumineon was hurt by poison!</small><br></div><div class="spacer battle-history"><br></div><h2 class="battle-history">Turn 15</h2><div class="chat chatmessage-pakkuu"><strong style="color:hsl(249,42%,58.2957790101625%)"><small>☆</small><span class="username" data-name="Pakkuu °‿°">Pakkuu °‿°</span>:</strong> <em>J'suis un faible</em></div><div class="spacer battle-history"><br></div><div class="battle-history">Pakkuu °‿° withdrew THE Physical Wall!<br></div><div class="battle-history">Pakkuu °‿° sent out THE Cleric (<strong>Audino</strong>)!<br></div><div class="battle-history"><small>Pointed stones dug into the opposing THE Cleric!</small><br></div><div class="spacer battle-history"><br></div><div class="battle-history">Lumineon used <strong>Defog</strong>!<br></div><div class="battle-history"><small>The opposing THE Cleric's evasiveness fell!</small><br></div><div class="battle-history"><small>The pointed stones disappeared from around the opposing team!</small><br></div><div class="battle-history"><small>The pointed stones disappeared from around your team!</small><br></div><div class="spacer battle-history"><br></div><div class="battle-history"><small>Lumineon restored a little HP using its Leftovers!</small><br></div><div class="battle-history"><small>The opposing THE Cleric restored a little HP using its Leftovers!</small><br></div><div class="battle-history"><small>Lumineon was hurt by poison!</small><br></div><div class="battle-history"><small>The opposing THE Cleric was hurt by poison!</small><br></div><div class="spacer battle-history"><br></div><h2 class="battle-history">Turn 16</h2><div class="chat chatmessage-charrix"><strong style="color:hsl(285,41%,53.36929377188207%)"><small> </small><span class="username" data-name="CharriX">CharriX</span>:</strong> <em>☆Pakkuu °‿°: J'suis un faible</em></div><div class="spacer battle-history"><br></div><div class="battle-history">Lumineon used <strong>U-turn</strong>!<br></div><div class="battle-history"><small>(The opposing THE Cleric lost <abbr title="−44/410">10.7%</abbr> of its health!)</small><br></div><div class="chat chatmessage-charrix"><strong style="color:hsl(285,41%,53.36929377188207%)"><small> </small><span class="username" data-name="CharriX">CharriX</span>:</strong> <em>O-O</em></div><div class="chat chatmessage-charrix"><strong style="color:hsl(285,41%,53.36929377188207%)"><small> </small><span class="username" data-name="CharriX">CharriX</span>:</strong> <em>je garde ca en stock pakkuu</em></div><div class="spacer battle-history"><br></div><div class="battle-history">Lumineon went back to Lynks!<br></div><div class="battle-history">Go! <strong>Beheeyem</strong>!<br></div><div class="spacer battle-history"><br></div><div class="battle-history">The opposing THE Cleric used <strong>Heal Bell</strong>!<br></div><div class="battle-history"><small>A bell chimed!</small><br></div><div class="battle-history"><small>The opposing THE Cleric was cured of its poisoning.</small><br></div><div class="spacer battle-history"><br></div><div class="battle-history"><small>The opposing THE Cleric restored a little HP using its Leftovers!</small><br></div><div class="spacer battle-history"><br></div><h2 class="battle-history">Turn 17</h2><div class="chat"><small>Tangent Phi left.</small></div><div class="chat chatmessage-lynks"><strong style="color:hsl(298,42%,49%)"><small>☆</small><span class="username" data-name="Lynks">Lynks</span>:</strong> <em>je te hais</em></div><div class="chat chatmessage-lynks"><strong style="color:hsl(298,42%,49%)"><small>☆</small><span class="username" data-name="Lynks">Lynks</span>:</strong> <em>odineau</em></div><div class="chat chatmessage-pakkuu"><strong style="color:hsl(249,42%,58.2957790101625%)"><small>☆</small><span class="username" data-name="Pakkuu °‿°">Pakkuu °‿°</span>:</strong> <em>!dt beheeyem</em></div><div class="chat message-error">[outdated code no longer supported]</div><div class="chat"><font size="1"><font color="#686868">Dex#:</font> 606&nbsp;|  <font color="#686868">Gen:</font> 5&nbsp;|  <font color="#686868">Height:</font> 1 m&nbsp;|  <font color="#686868">Weight:</font> 34.5 kg <em>(60 BP)</em>&nbsp;|  <font color="#686868">Dex Colour:</font> Brown&nbsp;|  <font color="#686868">Egg Group(s):</font> Human-Like&nbsp;|  <font color="#686868">Does Not Evolve</font></font></div><div class="chat chatmessage-charrix"><strong style="color:hsl(285,41%,53.36929377188207%)"><small> </small><span class="username" data-name="CharriX">CharriX</span>:</strong> <em>mdr</em></div><div class="spacer battle-history"><br></div><div class="battle-history">Pakkuu °‿° withdrew THE Cleric!<br></div><div class="battle-history">Pakkuu °‿° sent out THE Physical Wall (<strong>Mawile</strong>)!<br></div><div class="battle-history"><small>[The opposing THE Physical Wall's Intimidate]</small><br></div><div class="battle-history"><small>Beheeyem's Attack fell!</small><br></div><div class="spacer battle-history"><br></div><div class="battle-history">Beheeyem, come back!<br></div><div class="battle-history">Go! <strong>Zebstrika</strong>!<br></div><div class="spacer battle-history"><br></div><div class="battle-history"><small>The opposing THE Physical Wall restored a little HP using its Leftovers!</small><br></div><div class="spacer battle-history"><br></div><h2 class="battle-history">Turn 18</h2><div class="spacer battle-history"><br></div><div class="battle-history">Pakkuu °‿° withdrew THE Physical Wall!<br></div><div class="battle-history">Pakkuu °‿° sent out THE Cleric (<strong>Audino</strong>)!<br></div><div class="spacer battle-history"><br></div><div class="battle-history">Zebstrika used <strong>Volt Switch</strong>!<br></div><div class="battle-history"><small>(The opposing THE Cleric lost <abbr title="−87/410">21.2%</abbr> of its health!)</small><br></div><div class="battle-history"><small>Zebstrika lost some of its HP!</small><br></div><div class="chat chatmessage-charrix"><strong style="color:hsl(285,41%,53.36929377188207%)"><small> </small><span class="username" data-name="CharriX">CharriX</span>:</strong> <em>c com leveinard mais en PU</em></div><div class="spacer battle-history"><br></div><div class="battle-history">Zebstrika went back to Lynks!<br></div><div class="battle-history">Go! <strong>Krokorok</strong>!<br></div><div class="battle-history"><small>[Krokorok's Intimidate]</small><br></div><div class="battle-history"><small>The opposing THE Cleric's Attack fell!</small><br></div><div class="spacer battle-history"><br></div><div class="battle-history"><small>The opposing THE Cleric restored a little HP using its Leftovers!</small><br></div><div class="spacer battle-history"><br></div><h2 class="battle-history">Turn 19</h2><div class="chat chatmessage-pakkuu"><strong style="color:hsl(249,42%,58.2957790101625%)"><small>☆</small><span class="username" data-name="Pakkuu °‿°">Pakkuu °‿°</span>:</strong> <em>ils sont tous les deux fourbes avec leur sourire machiavélique</em></div><div class="chat chatmessage-lynks"><strong style="color:hsl(298,42%,49%)"><small>☆</small><span class="username" data-name="Lynks">Lynks</span>:</strong> <em>grave</em></div><div class="chat chatmessage-charrix"><strong style="color:hsl(285,41%,53.36929377188207%)"><small> </small><span class="username" data-name="CharriX">CharriX</span>:</strong> <em>oué x)</em></div><div class="spacer battle-history"><br></div><div class="battle-history">The opposing THE Cleric used <strong>Protect</strong>!<br></div><div class="battle-history"><small>The opposing THE Cleric protected itself!</small><br></div><div class="spacer battle-history"><br></div><div class="battle-history">Krokorok used <strong>Knock Off</strong>!<br></div><div class="battle-history"><small>The opposing THE Cleric protected itself!</small><br></div><div class="spacer battle-history"><br></div><div class="battle-history"><small>The opposing THE Cleric restored a little HP using its Leftovers!</small><br></div><div class="spacer battle-history"><br></div><h2 class="battle-history">Turn 20</h2><div class="spacer battle-history"><br></div><div class="battle-history">Krokorok, come back!<br></div><div class="battle-history">Go! <strong>Zebstrika</strong>!<br></div><div class="spacer battle-history"><br></div><div class="battle-history">Pakkuu °‿° withdrew THE Cleric!<br></div><div class="battle-history">Pakkuu °‿° sent out THE Physical Wall (<strong>Mawile</strong>)!<br></div><div class="battle-history"><small>[The opposing THE Physical Wall's Intimidate]</small><br></div><div class="battle-history"><small>Zebstrika's Attack fell!</small><br></div><div class="spacer battle-history"><br></div><div class="battle-history"><small>The opposing THE Physical Wall restored a little HP using its Leftovers!</small><br></div><div class="spacer battle-history"><br></div><h2 class="battle-history">Turn 21</h2><div class="spacer battle-history"><br></div><div class="battle-history">Pakkuu °‿° withdrew THE Physical Wall!<br></div><div class="battle-history">Pakkuu °‿° sent out THE Cleric (<strong>Audino</strong>)!<br></div><div class="spacer battle-history"><br></div><div class="battle-history">Zebstrika used <strong>Volt Switch</strong>!<br></div><div class="battle-history"><small>(The opposing THE Cleric lost <abbr title="−95/410">23.2%</abbr> of its health!)</small><br></div><div class="battle-history"><small>Zebstrika lost some of its HP!</small><br></div><div class="chat chatmessage-lynks"><strong style="color:hsl(298,42%,49%)"><small>☆</small><span class="username" data-name="Lynks">Lynks</span>:</strong> <em>t'as fini</em></div><div class="chat chatmessage-skillou971"><strong style="color:hsl(80,60%,39.770098247680004%)"><small> </small><span class="username" data-name="skillou971">skillou971</span>:</strong> <em>leveinard pue =pu=pu =:)= ok je sors</em></div><div class="chat chatmessage-lynks"><strong style="color:hsl(298,42%,49%)"><small>☆</small><span class="username" data-name="Lynks">Lynks</span>:</strong> <em>de faire le pussy</em></div><div class="spacer battle-history"><br></div><div class="battle-history">Zebstrika went back to Lynks!<br></div><div class="battle-history">Go! <strong>Beheeyem</strong>!<br></div><div class="spacer battle-history"><br></div><div class="battle-history"><small>The opposing THE Cleric restored a little HP using its Leftovers!</small><br></div><div class="spacer battle-history"><br></div><h2 class="battle-history">Turn 22</h2><div class="chat chatmessage-pakkuu"><strong style="color:hsl(249,42%,58.2957790101625%)"><small>☆</small><span class="username" data-name="Pakkuu °‿°">Pakkuu °‿°</span>:</strong> <em>;)</em></div><div class="chat chatmessage-charrix"><strong style="color:hsl(285,41%,53.36929377188207%)"><small> </small><span class="username" data-name="CharriX">CharriX</span>:</strong> <em>au revoir pakkuu</em></div><div class="chat chatmessage-lynks"><strong style="color:hsl(298,42%,49%)"><small>☆</small><span class="username" data-name="Lynks">Lynks</span>:</strong> <em>vient te batter</em></div><div class="chat chatmessage-charrix"><strong style="color:hsl(285,41%,53.36929377188207%)"><small> </small><span class="username" data-name="CharriX">CharriX</span>:</strong> <em>te batter</em></div><div class="chat chatmessage-lynks"><strong style="color:hsl(298,42%,49%)"><small>☆</small><span class="username" data-name="Lynks">Lynks</span>:</strong> <em>et jai bien dit</em></div><div class="chat chatmessage-lynks"><strong style="color:hsl(298,42%,49%)"><small>☆</small><span class="username" data-name="Lynks">Lynks</span>:</strong> <em>batter</em></div><div class="chat chatmessage-charrix"><strong style="color:hsl(285,41%,53.36929377188207%)"><small> </small><span class="username" data-name="CharriX">CharriX</span>:</strong> <em>mdr</em></div><div class="chat chatmessage-pakkuu"><strong style="color:hsl(249,42%,58.2957790101625%)"><small>☆</small><span class="username" data-name="Pakkuu °‿°">Pakkuu °‿°</span>:</strong> <em>mdrr</em></div><div class="spacer battle-history"><br></div><div class="battle-history">Pakkuu °‿° withdrew THE Cleric!<br></div><div class="battle-history">Pakkuu °‿° sent out THE Physical Wall (<strong>Mawile</strong>)!<br></div><div class="battle-history"><small>[The opposing THE Physical Wall's Intimidate]</small><br></div><div class="battle-history"><small>Beheeyem's Attack fell!</small><br></div><div class="spacer battle-history"><br></div><div class="battle-history">Beheeyem used <strong>Nasty Plot</strong>!<br></div><div class="battle-history"><small>Beheeyem's Special Attack rose sharply!</small><br></div><div class="spacer battle-history"><br></div><div class="battle-history"><small>The opposing THE Physical Wall restored a little HP using its Leftovers!</small><br></div><div class="spacer battle-history"><br></div><h2 class="battle-history">Turn 23</h2><div class="chat chatmessage-lynks"><strong style="color:hsl(298,42%,49%)"><small>☆</small><span class="username" data-name="Lynks">Lynks</span>:</strong> <em>bouffe moi ça tête de croco</em></div><div class="spacer battle-history"><br></div><div class="battle-history">The opposing THE Physical Wall used <strong>Play Rough</strong>!<br></div><div class="battle-history"><small>(Beheeyem lost <abbr title="−117/353">33.1%</abbr> of its health!)</small><br></div><div class="spacer battle-history"><br></div><div class="battle-history">Beheeyem used <strong>Psyshock</strong>!<br></div><div class="battle-history"><small>It's not very effective...</small><br></div><div class="battle-history"><small>(The opposing THE Physical Wall lost <abbr title="−128/304">42.1%</abbr> of its health!)</small><br></div><div class="spacer battle-history"><br></div><div class="battle-history"><small>The opposing THE Physical Wall restored a little HP using its Leftovers!</small><br></div><div class="spacer battle-history"><br></div><h2 class="battle-history">Turn 24</h2><div class="chat chatmessage-charrix"><strong style="color:hsl(285,41%,53.36929377188207%)"><small> </small><span class="username" data-name="CharriX">CharriX</span>:</strong> <em>tete decroco</em></div><div class="chat chatmessage-charrix"><strong style="color:hsl(285,41%,53.36929377188207%)"><small> </small><span class="username" data-name="CharriX">CharriX</span>:</strong> <em>mdr</em></div><div class="spacer battle-history"><br></div><div class="battle-history">The opposing THE Physical Wall used <strong>Play Rough</strong>!<br></div><div class="battle-history"><small>(Beheeyem lost <abbr title="−118/353">33.4%</abbr> of its health!)</small><br></div><div class="spacer battle-history"><br></div><div class="battle-history">Beheeyem used <strong>Psyshock</strong>!<br></div><div class="battle-history"><small>It's not very effective...</small><br></div><div class="battle-history"><small>(The opposing THE Physical Wall lost <abbr title="−128/304">42.1%</abbr> of its health!)</small><br></div><div class="spacer battle-history"><br></div><div class="battle-history"><small>The opposing THE Physical Wall restored a little HP using its Leftovers!</small><br></div><div class="spacer battle-history"><br></div><h2 class="battle-history">Turn 25</h2><div class="chat chatmessage-charrix"><strong style="color:hsl(285,41%,53.36929377188207%)"><small> </small><span class="username" data-name="CharriX">CharriX</span>:</strong> <em>a +2 ca fait que ca</em></div><div class="chat chatmessage-lynks"><strong style="color:hsl(298,42%,49%)"><small>☆</small><span class="username" data-name="Lynks">Lynks</span>:</strong> <em>ah putain jvais tout juste me faire niquer</em></div><div class="chat chatmessage-charrix"><strong style="color:hsl(285,41%,53.36929377188207%)"><small> </small><span class="username" data-name="CharriX">CharriX</span>:</strong> <em>mais bon</em></div><div class="chat chatmessage-pakkuu"><strong style="color:hsl(249,42%,58.2957790101625%)"><small>☆</small><span class="username" data-name="Pakkuu °‿°">Pakkuu °‿°</span>:</strong> <em>y</em></div><div class="chat chatmessage-pakkuu"><strong style="color:hsl(249,42%,58.2957790101625%)"><small>☆</small><span class="username" data-name="Pakkuu °‿°">Pakkuu °‿°</span>:</strong> <em>t'as pas Focus Blast ? </em></div><div class="chat chatmessage-lynks"><strong style="color:hsl(298,42%,49%)"><small>☆</small><span class="username" data-name="Lynks">Lynks</span>:</strong> <em>haxx</em></div><div class="chat chatmessage-lynks"><strong style="color:hsl(298,42%,49%)"><small>☆</small><span class="username" data-name="Lynks">Lynks</span>:</strong> <em>-</em></div><div class="spacer battle-history"><br></div><div class="battle-history">Beheeyem, come back!<br></div><div class="battle-history">Go! <strong>Mawile</strong>!<br></div><div class="battle-history"><small>[Mawile's Intimidate]</small><br></div><div class="battle-history"><small>The opposing THE Physical Wall's Attack fell!</small><br></div><div class="spacer battle-history"><br></div><div class="battle-history">The opposing THE Physical Wall used <strong>Knock Off</strong>!<br></div><div class="battle-history"><small>It's not very effective...</small><br></div><div class="battle-history"><small>(Mawile lost <abbr title="−12/303">4.0%</abbr> of its health!)</small><br></div><div class="spacer battle-history"><br></div><div class="battle-history"><small>The opposing THE Physical Wall restored a little HP using its Leftovers!</small><br></div><div class="spacer battle-history"><br></div><h2 class="battle-history">Turn 26</h2><div class="chat chatmessage-charrix"><strong style="color:hsl(285,41%,53.36929377188207%)"><small> </small><span class="username" data-name="CharriX">CharriX</span>:</strong> <em>pakkuu ce y innocent</em></div><div class="spacer battle-history"><br></div><div class="battle-history">Mawile used <strong>Play Rough</strong>!<br></div><div class="battle-history"><small>It's not very effective...</small><br></div><div class="battle-history"><small>(The opposing THE Physical Wall lost <abbr title="−37/304">12.2%</abbr> of its health!)</small><br></div><div class="spacer battle-history"><br></div><div class="battle-history">The opposing THE Physical Wall used <strong>Stealth Rock</strong>!<br></div><div class="battle-history"><small>Pointed stones float in the air around your team!</small><br></div><div class="spacer battle-history"><br></div><div class="battle-history"><small>The opposing THE Physical Wall restored a little HP using its Leftovers!</small><br></div><div class="spacer battle-history"><br></div><h2 class="battle-history">Turn 27</h2><div class="spacer battle-history"><br></div><div class="battle-history">Pakkuu °‿° withdrew THE Physical Wall!<br></div><div class="battle-history">Pakkuu °‿° sent out THE Cleric (<strong>Audino</strong>)!<br></div><div class="spacer battle-history"><br></div><div class="battle-history">Mawile used <strong>Play Rough</strong>!<br></div><div class="battle-history"><small>(The opposing THE Cleric lost <abbr title="−114/410">27.8%</abbr> of its health!)</small><br></div><div class="spacer battle-history"><br></div><div class="battle-history"><small>The opposing THE Cleric restored a little HP using its Leftovers!</small><br></div><div class="spacer battle-history"><br></div><h2 class="battle-history">Turn 28</h2><div class="chat chatmessage-charrix"><strong style="color:hsl(285,41%,53.36929377188207%)"><small> </small><span class="username" data-name="CharriX">CharriX</span>:</strong> <em>"oui tu vas te faire niquer lynks"</em></div><div class="chat chatmessage-lynks"><strong style="color:hsl(298,42%,49%)"><small>☆</small><span class="username" data-name="Lynks">Lynks</span>:</strong> <em>meur muchachos</em></div><div class="spacer battle-history"><br></div><div class="battle-history">Mawile, come back!<br></div><div class="battle-history">Go! <strong>Zebstrika</strong>!<br></div><div class="battle-history"><small>Pointed stones dug into Zebstrika!</small><br></div><div class="spacer battle-history"><br></div><div class="battle-history">The opposing THE Cleric used <strong>Wish</strong>!<br></div><div class="spacer battle-history"><br></div><div class="battle-history"><small>The opposing THE Cleric restored a little HP using its Leftovers!</small><br></div><div class="spacer battle-history"><br></div><h2 class="battle-history">Turn 29</h2><div class="chat"><small>Lovely Togekiss joined.</small></div><div class="spacer battle-history"><br></div><div class="battle-history">The opposing THE Cleric used <strong>Protect</strong>!<br></div><div class="battle-history"><small>The opposing THE Cleric protected itself!</small><br></div><div class="spacer battle-history"><br></div><div class="battle-history">Zebstrika used <strong>Volt Switch</strong>!<br></div><div class="battle-history"><small>The opposing THE Cleric protected itself!</small><br></div><div class="spacer battle-history"><br></div><div class="battle-history"><small>THE Cleric's wish came true!</small><br></div><div class="spacer battle-history"><br></div><h2 class="battle-history">Turn 30</h2><div class="chat chatmessage-greenheroes"><strong style="color:hsl(265,74%,56.967384459884016%)"><small> </small><span class="username" data-name="Greenheroes">Greenheroes</span>:</strong> <em>et là double pied</em></div><div class="chat"><small>TharpackDo joined.</small></div><div class="chat chatmessage-greenheroes"><strong style="color:hsl(265,74%,56.967384459884016%)"><small> </small><span class="username" data-name="Greenheroes">Greenheroes</span>:</strong> <em>XD</em></div><div class="chat chatmessage-lovelytogekiss"><strong style="color:hsl(181,84%,39.75620224724769%)"><small>+</small><span class="username" data-name="Lovely Togekiss">Lovely Togekiss</span>:</strong> <em>déçue de pas pouvoir faire le tour</em></div><div class="chat chatmessage-lovelytogekiss"><strong style="color:hsl(181,84%,39.75620224724769%)"><small>+</small><span class="username" data-name="Lovely Togekiss">Lovely Togekiss</span>:</strong> <em>snif</em></div><div class="chat chatmessage-ironpyrite"><strong style="color:hsl(320,70%,45.718082309027785%)"><small>+</small><span class="username" data-name="Iron✘Pyrite">Iron✘Pyrite</span>:</strong> <em>Et ca fait 0</em></div><div class="chat chatmessage-ironpyrite"><strong style="color:hsl(320,70%,45.718082309027785%)"><small>+</small><span class="username" data-name="Iron✘Pyrite">Iron✘Pyrite</span>:</strong> <em>Et tu pleures</em></div><div class="spacer battle-history"><br></div><div class="battle-history">Zebstrika used <strong>Volt Switch</strong>!<br></div><div class="battle-history"><small>(The opposing THE Cleric lost <abbr title="−95/410">23.2%</abbr> of its health!)</small><br></div><div class="battle-history"><small>Zebstrika lost some of its HP!</small><br></div><div class="spacer battle-history"><br></div><div class="battle-history">Zebstrika went back to Lynks!<br></div><div class="battle-history">Go! <strong>Beheeyem</strong>!<br></div><div class="battle-history"><small>Pointed stones dug into Beheeyem!</small><br></div><div class="spacer battle-history"><br></div><div class="battle-history">The opposing THE Cleric used <strong>Wish</strong>!<br></div><div class="spacer battle-history"><br></div><div class="battle-history"><small>The opposing THE Cleric restored a little HP using its Leftovers!</small><br></div><div class="spacer battle-history"><br></div><h2 class="battle-history">Turn 31</h2><div class="spacer battle-history"><br></div><div class="battle-history">Pakkuu °‿° withdrew THE Cleric!<br></div><div class="battle-history">Pakkuu °‿° sent out THE Physical Wall (<strong>Mawile</strong>)!<br></div><div class="battle-history"><small>[The opposing THE Physical Wall's Intimidate]</small><br></div><div class="battle-history"><small>Beheeyem's Attack fell!</small><br></div><div class="spacer battle-history"><br></div><div class="battle-history">Beheeyem used <strong>Recover</strong>!<br></div><div class="battle-history"><small>Beheeyem restored its HP.</small><br></div><div class="spacer battle-history"><br></div><div class="battle-history"><small>THE Cleric's wish came true!</small><br></div><div class="battle-history"><small>The opposing THE Physical Wall restored a little HP using its Leftovers!</small><br></div><div class="spacer battle-history"><br></div><h2 class="battle-history">Turn 32</h2><div class="chat chatmessage-lynks"><strong style="color:hsl(298,42%,49%)"><small>☆</small><span class="username" data-name="Lynks">Lynks</span>:</strong> <em>thx</em></div><div class="chat chatmessage-lynks"><strong style="color:hsl(298,42%,49%)"><small>☆</small><span class="username" data-name="Lynks">Lynks</span>:</strong> <em>bon par contre ce match</em></div><div class="chat chatmessage-charrix"><strong style="color:hsl(285,41%,53.36929377188207%)"><small> </small><span class="username" data-name="CharriX">CharriX</span>:</strong> <em>lovely togekiss tu pars du principe que taurais gagner hein x)</em></div><div class="chat chatmessage-lynks"><strong style="color:hsl(298,42%,49%)"><small>☆</small><span class="username" data-name="Lynks">Lynks</span>:</strong> <em>est chaint sa race</em></div><div class="chat chatmessage-lynks"><strong style="color:hsl(298,42%,49%)"><small>☆</small><span class="username" data-name="Lynks">Lynks</span>:</strong> <em>chiant*</em></div><div class="chat chatmessage-pakkuu"><strong style="color:hsl(249,42%,58.2957790101625%)"><small>☆</small><span class="username" data-name="Pakkuu °‿°">Pakkuu °‿°</span>:</strong> <em>moi j'aime bien :)</em></div><div class="chat chatmessage-pakkuu"><strong style="color:hsl(249,42%,58.2957790101625%)"><small>☆</small><span class="username" data-name="Pakkuu °‿°">Pakkuu °‿°</span>:</strong> <em>:)</em></div><div class="chat chatmessage-lovelytogekiss"><strong style="color:hsl(181,84%,39.75620224724769%)"><small>+</small><span class="username" data-name="Lovely Togekiss">Lovely Togekiss</span>:</strong> <em>CharriX non</em></div><div class="chat chatmessage-lynks"><strong style="color:hsl(298,42%,49%)"><small>☆</small><span class="username" data-name="Lynks">Lynks</span>:</strong> <em>on dirait un de ces matchs nul à chier contr elovely togekiss</em></div><div class="chat chatmessage-charrix"><strong style="color:hsl(285,41%,53.36929377188207%)"><small> </small><span class="username" data-name="CharriX">CharriX</span>:</strong> <em>je c lt</em></div><div class="chat chatmessage-lovelytogekiss"><strong style="color:hsl(181,84%,39.75620224724769%)"><small>+</small><span class="username" data-name="Lovely Togekiss">Lovely Togekiss</span>:</strong> <em>Lynks</em></div><div class="chat chatmessage-charrix"><strong style="color:hsl(285,41%,53.36929377188207%)"><small> </small><span class="username" data-name="CharriX">CharriX</span>:</strong> <em>je rigole</em></div><div class="chat chatmessage-pakkuu"><strong style="color:hsl(249,42%,58.2957790101625%)"><small>☆</small><span class="username" data-name="Pakkuu °‿°">Pakkuu °‿°</span>:</strong> <em>mdrr Lovely Togekiss</em></div><div class="chat chatmessage-pakkuu"><strong style="color:hsl(249,42%,58.2957790101625%)"><small>☆</small><span class="username" data-name="Pakkuu °‿°">Pakkuu °‿°</span>:</strong> <em>Lynks*</em></div><div class="chat chatmessage-lynks"><strong style="color:hsl(298,42%,49%)"><small>☆</small><span class="username" data-name="Lynks">Lynks</span>:</strong> <em>et j'ai pas envie</em></div><div class="chat chatmessage-lynks"><strong style="color:hsl(298,42%,49%)"><small>☆</small><span class="username" data-name="Lynks">Lynks</span>:</strong> <em>de faire encore</em></div><div class="chat chatmessage-lynks"><strong style="color:hsl(298,42%,49%)"><small>☆</small><span class="username" data-name="Lynks">Lynks</span>:</strong> <em>50 tours</em></div><div class="chat chatmessage-lovelytogekiss"><strong style="color:hsl(181,84%,39.75620224724769%)"><small>+</small><span class="username" data-name="Lovely Togekiss">Lovely Togekiss</span>:</strong> <em>on dirait un de ses matchs où tu rages de pas savoir wallbreak une balanced</em></div><div class="chat chatmessage-lynks"><strong style="color:hsl(298,42%,49%)"><small>☆</small><span class="username" data-name="Lynks">Lynks</span>:</strong> <em>pour te battre</em></div><div class="chat chatmessage-lynks"><strong style="color:hsl(298,42%,49%)"><small>☆</small><span class="username" data-name="Lynks">Lynks</span>:</strong> <em>et 5 pks</em></div><div class="chat chatmessage-pakkuu"><strong style="color:hsl(249,42%,58.2957790101625%)"><small>☆</small><span class="username" data-name="Pakkuu °‿°">Pakkuu °‿°</span>:</strong> <em>:(</em></div><div class="chat chatmessage-charrix"><strong style="color:hsl(285,41%,53.36929377188207%)"><small> </small><span class="username" data-name="CharriX">CharriX</span>:</strong> <em>forfeit lynks mdrrr</em></div><div class="chat chatmessage-pakkuu"><strong style="color:hsl(249,42%,58.2957790101625%)"><small>☆</small><span class="username" data-name="Pakkuu °‿°">Pakkuu °‿°</span>:</strong> <em>je te bats </em></div><div class="chat"><small>Pokelectrik joined.</small></div><div class="spacer battle-history"><br></div><div class="battle-history">The opposing THE Physical Wall used <strong>Play Rough</strong>!<br></div><div class="battle-history"><small>(Beheeyem lost <abbr title="−109/353">30.9%</abbr> of its health!)</small><br></div><div class="spacer battle-history"><br></div><div class="battle-history">Beheeyem used <strong>Recover</strong>!<br></div><div class="battle-history"><small>Beheeyem restored its HP.</small><br></div><div class="spacer battle-history"><br></div><h2 class="battle-history">Turn 33</h2><div class="chat chatmessage-lovelytogekiss"><strong style="color:hsl(181,84%,39.75620224724769%)"><small>+</small><span class="username" data-name="Lovely Togekiss">Lovely Togekiss</span>:</strong> <em>uiui go forfeit car flemme</em></div><div class="chat chatmessage-pakkuu"><strong style="color:hsl(249,42%,58.2957790101625%)"><small>☆</small><span class="username" data-name="Pakkuu °‿°">Pakkuu °‿°</span>:</strong> <em>sur la longueur</em></div><div class="spacer battle-history"><br></div><div class="battle-history">The opposing THE Physical Wall used <strong>Knock Off</strong>!<br></div><div class="battle-history"><small>It's super effective!</small><br></div><div class="battle-history"><small>(Beheeyem lost <abbr title="−114/353">32.3%</abbr> of its health!)</small><br></div><div class="spacer battle-history"><br></div><div class="battle-history">Beheeyem used <strong>Nasty Plot</strong>!<br></div><div class="battle-history"><small>Beheeyem's Special Attack rose sharply!</small><br></div><div class="spacer battle-history"><br></div><h2 class="battle-history">Turn 34</h2><div class="chat chatmessage-greenheroes"><strong style="color:hsl(265,74%,56.967384459884016%)"><small> </small><span class="username" data-name="Greenheroes">Greenheroes</span>:</strong> <em>tour 32 et aucun pokémon mort pour l'instant...</em></div><div class="spacer battle-history"><br></div><div class="battle-history">The opposing THE Physical Wall used <strong>Knock Off</strong>!<br></div><div class="battle-history"><small>It's super effective!</small><br></div><div class="battle-history"><small>(Beheeyem lost <abbr title="−110/353">31.2%</abbr> of its health!)</small><br></div><div class="spacer battle-history"><br></div><div class="battle-history">Beheeyem used <strong>Recover</strong>!<br></div><div class="battle-history"><small>Beheeyem restored its HP.</small><br></div><div class="spacer battle-history"><br></div><h2 class="battle-history">Turn 35</h2><div class="chat chatmessage-charrix"><strong style="color:hsl(285,41%,53.36929377188207%)"><small> </small><span class="username" data-name="CharriX">CharriX</span>:</strong> <em>non seieux c quoi cte mentalité lynks </em></div><div class="chat chatmessage-lynks"><strong style="color:hsl(298,42%,49%)"><small>☆</small><span class="username" data-name="Lynks">Lynks</span>:</strong> <em>bah jai pas juste ça a fair</em></div><div class="chat chatmessage-lynks"><strong style="color:hsl(298,42%,49%)"><small>☆</small><span class="username" data-name="Lynks">Lynks</span>:</strong> <em>e</em></div><div class="chat chatmessage-lynks"><strong style="color:hsl(298,42%,49%)"><small>☆</small><span class="username" data-name="Lynks">Lynks</span>:</strong> <em>charri</em></div><div class="chat chatmessage-lynks"><strong style="color:hsl(298,42%,49%)"><small>☆</small><span class="username" data-name="Lynks">Lynks</span>:</strong> <em>en fait</em></div><div class="chat chatmessage-greenheroes"><strong style="color:hsl(265,74%,56.967384459884016%)"><small> </small><span class="username" data-name="Greenheroes">Greenheroes</span>:</strong> <em>sérieux*</em></div><div class="spacer battle-history"><br></div><div class="battle-history">The opposing THE Physical Wall used <strong>Knock Off</strong>!<br></div><div class="battle-history"><small>It's super effective!</small><br></div><div class="battle-history"><small>(Beheeyem lost <abbr title="−116/353">32.9%</abbr> of its health!)</small><br></div><div class="spacer battle-history"><br></div><div class="battle-history">Beheeyem used <strong>Recover</strong>!<br></div><div class="battle-history"><small>Beheeyem restored its HP.</small><br></div><div class="spacer battle-history"><br></div><h2 class="battle-history">Turn 36</h2><div class="spacer battle-history"><br></div><div class="battle-history">The opposing THE Physical Wall used <strong>Knock Off</strong>!<br></div><div class="battle-history"><small>It's super effective!</small><br></div><div class="battle-history"><small>(Beheeyem lost <abbr title="−110/353">31.2%</abbr> of its health!)</small><br></div><div class="spacer battle-history"><br></div><div class="battle-history">Beheeyem used <strong>Nasty Plot</strong>!<br></div><div class="battle-history"><small>Beheeyem's Special Attack rose sharply!</small><br></div><div class="spacer battle-history"><br></div><h2 class="battle-history">Turn 37</h2><div class="chat chatmessage-charrix"><strong style="color:hsl(285,41%,53.36929377188207%)"><small> </small><span class="username" data-name="CharriX">CharriX</span>:</strong> <em>oué dsl</em></div><div class="spacer battle-history"><br></div><div class="battle-history">The opposing THE Physical Wall used <strong>Knock Off</strong>!<br></div><div class="battle-history"><small>It's super effective!</small><br></div><div class="battle-history"><small>(Beheeyem lost <abbr title="−106/353">30.0%</abbr> of its health!)</small><br></div><div class="spacer battle-history"><br></div><div class="battle-history">Beheeyem used <strong>Recover</strong>!<br></div><div class="battle-history"><small>Beheeyem restored its HP.</small><br></div><div class="spacer battle-history"><br></div><h2 class="battle-history">Turn 38</h2><div class="chat chatmessage-lovelytogekiss"><strong style="color:hsl(181,84%,39.75620224724769%)"><small>+</small><span class="username" data-name="Lovely Togekiss">Lovely Togekiss</span>:</strong> <em>Mouais</em></div><div class="spacer battle-history"><br></div><div class="battle-history">The opposing THE Physical Wall used <strong>Knock Off</strong>!<br></div><div class="battle-history"><small>It's super effective!</small><br></div><div class="battle-history"><small>(Beheeyem lost <abbr title="−114/353">32.3%</abbr> of its health!)</small><br></div><div class="spacer battle-history"><br></div><div class="battle-history">Beheeyem used <strong>Nasty Plot</strong>!<br></div><div class="battle-history"><small>Beheeyem's Special Attack rose sharply!</small><br></div><div class="spacer battle-history"><br></div><h2 class="battle-history">Turn 39</h2><div class="spacer battle-history"><br></div><div class="battle-history">The opposing THE Physical Wall used <strong>Knock Off</strong>!<br></div><div class="battle-history"><small>It's super effective!</small><br></div><div class="battle-history"><small>(Beheeyem lost <abbr title="−116/353">32.9%</abbr> of its health!)</small><br></div><div class="spacer battle-history"><br></div><div class="battle-history">Beheeyem used <strong>Recover</strong>!<br></div><div class="battle-history"><small>Beheeyem restored its HP.</small><br></div><div class="spacer battle-history"><br></div><h2 class="battle-history">Turn 40</h2><div class="chat chatmessage-lovelytogekiss"><strong style="color:hsl(181,84%,39.75620224724769%)"><small>+</small><span class="username" data-name="Lovely Togekiss">Lovely Togekiss</span>:</strong> <em>C'est surtout la mentalité</em></div><div class="spacer battle-history"><br></div><div class="battle-history">The opposing THE Physical Wall used <strong>Knock Off</strong>!<br></div><div class="battle-history"><small>It's super effective!</small><br></div><div class="battle-history"><small>(Beheeyem lost <abbr title="−116/353">32.9%</abbr> of its health!)</small><br></div><div class="spacer battle-history"><br></div><div class="battle-history">Beheeyem used <strong>Recover</strong>!<br></div><div class="battle-history"><small>Beheeyem restored its HP.</small><br></div><div class="spacer battle-history"><br></div><h2 class="battle-history">Turn 41</h2><div class="chat chatmessage-lovelytogekiss"><strong style="color:hsl(181,84%,39.75620224724769%)"><small>+</small><span class="username" data-name="Lovely Togekiss">Lovely Togekiss</span>:</strong> <em>je veux face que des HO</em></div><div class="chat chatmessage-lovelytogekiss"><strong style="color:hsl(181,84%,39.75620224724769%)"><small>+</small><span class="username" data-name="Lovely Togekiss">Lovely Togekiss</span>:</strong> <em>sinon c nul</em></div><div class="chat chatmessage-charrix"><strong style="color:hsl(285,41%,53.36929377188207%)"><small> </small><span class="username" data-name="CharriX">CharriX</span>:</strong> <em>ca va prendre du temps</em></div><div class="spacer battle-history"><br></div><div class="battle-history">The opposing THE Physical Wall used <strong>Knock Off</strong>!<br></div><div class="battle-history"><small>It's super effective!</small><br></div><div class="battle-history"><small>(Beheeyem lost <abbr title="−116/353">32.9%</abbr> of its health!)</small><br></div><div class="spacer battle-history"><br></div><div class="battle-history">Beheeyem used <strong>Psyshock</strong>!<br></div><div class="battle-history"><small>It's not very effective...</small><br></div><div class="battle-history"><small>(The opposing THE Physical Wall lost <abbr title="−264/304">86.8%</abbr> of its health!)</small><br></div><div class="spacer battle-history"><br></div><div class="battle-history"><small>The opposing THE Physical Wall restored a little HP using its Leftovers!</small><br></div><div class="spacer battle-history"><br></div><h2 class="battle-history">Turn 42</h2><div class="chat chatmessage-ironpyrite"><strong style="color:hsl(320,70%,45.718082309027785%)"><small>+</small><span class="username" data-name="Iron✘Pyrite">Iron✘Pyrite</span>:</strong> <em>Là en fait</em></div><div class="chat chatmessage-lovelytogekiss"><strong style="color:hsl(181,84%,39.75620224724769%)"><small>+</small><span class="username" data-name="Lovely Togekiss">Lovely Togekiss</span>:</strong> <em>beheeyem a win</em></div><div class="spacer battle-history"><br></div><div class="battle-history">The opposing THE Physical Wall used <strong>Knock Off</strong>!<br></div><div class="battle-history"><small>It's super effective!</small><br></div><div class="battle-history"><small>(Beheeyem lost <abbr title="−122/353">34.6%</abbr> of its health!)</small><br></div><div class="spacer battle-history"><br></div><div class="battle-history">Beheeyem used <strong>Recover</strong>!<br></div><div class="battle-history"><small>Beheeyem restored its HP.</small><br></div><div class="spacer battle-history"><br></div><div class="battle-history"><small>The opposing THE Physical Wall restored a little HP using its Leftovers!</small><br></div><div class="spacer battle-history"><br></div><h2 class="battle-history">Turn 43</h2><div class="chat chatmessage-lovelytogekiss"><strong style="color:hsl(181,84%,39.75620224724769%)"><small>+</small><span class="username" data-name="Lovely Togekiss">Lovely Togekiss</span>:</strong> <em>en fait</em></div><div class="spacer battle-history"><br></div><div class="battle-history">The opposing THE Physical Wall used <strong>Knock Off</strong>!<br></div><div class="battle-history"><small>It's super effective!</small><br></div><div class="battle-history"><small>(Beheeyem lost <abbr title="−120/353">34.0%</abbr> of its health!)</small><br></div><div class="spacer battle-history"><br></div><div class="battle-history">Beheeyem used <strong>Recover</strong>!<br></div><div class="battle-history"><small>Beheeyem restored its HP.</small><br></div><div class="spacer battle-history"><br></div><div class="battle-history"><small>The opposing THE Physical Wall restored a little HP using its Leftovers!</small><br></div><div class="spacer battle-history"><br></div><h2 class="battle-history">Turn 44</h2><div class="chat chatmessage-ironpyrite"><strong style="color:hsl(320,70%,45.718082309027785%)"><small>+</small><span class="username" data-name="Iron✘Pyrite">Iron✘Pyrite</span>:</strong> <em>Ça aurait été plus pratique que tu aies CM BEM</em></div><div class="chat chatmessage-lovelytogekiss"><strong style="color:hsl(181,84%,39.75620224724769%)"><small>+</small><span class="username" data-name="Lovely Togekiss">Lovely Togekiss</span>:</strong> <em>fin si lynks joue bien</em></div><div class="chat chatmessage-charrix"><strong style="color:hsl(285,41%,53.36929377188207%)"><small> </small><span class="username" data-name="CharriX">CharriX</span>:</strong> <em>spam les np lynks</em></div><div class="chat chatmessage-ironpyrite"><strong style="color:hsl(320,70%,45.718082309027785%)"><small>+</small><span class="username" data-name="Iron✘Pyrite">Iron✘Pyrite</span>:</strong> <em>Mais tu l'as pas :D</em></div><div class="chat chatmessage-lynks"><strong style="color:hsl(298,42%,49%)"><small>☆</small><span class="username" data-name="Lynks">Lynks</span>:</strong> <em>grave Iron✘Pyrite</em></div><div class="chat chatmessage-lynks"><strong style="color:hsl(298,42%,49%)"><small>☆</small><span class="username" data-name="Lynks">Lynks</span>:</strong> <em>tu m'as jamais dit que ça existait</em></div><div class="chat chatmessage-lynks"><strong style="color:hsl(298,42%,49%)"><small>☆</small><span class="username" data-name="Lynks">Lynks</span>:</strong> <em>:(</em></div><div class="spacer battle-history"><br></div><div class="battle-history">The opposing THE Physical Wall used <strong>Knock Off</strong>!<br></div><div class="battle-history"><small>It's super effective!</small><br></div><div class="battle-history"><small>(Beheeyem lost <abbr title="−120/353">34.0%</abbr> of its health!)</small><br></div><div class="spacer battle-history"><br></div><div class="battle-history">Beheeyem used <strong>Psyshock</strong>!<br></div><div class="battle-history"><small>It's not very effective...</small><br></div><div class="battle-history"><small>(The opposing THE Physical Wall lost <abbr title="−97/304">31.9%</abbr> of its health!)</small><br></div><div class="spacer battle-history"><br></div><div class="battle-history">The opposing THE Physical Wall fainted!<br></div><div class="chat chatmessage-ironpyrite"><strong style="color:hsl(320,70%,45.718082309027785%)"><small>+</small><span class="username" data-name="Iron✘Pyrite">Iron✘Pyrite</span>:</strong> <em>Dans ton équipe il passait pas</em></div><div class="spacer battle-history"><br></div><div class="battle-history">Pakkuu °‿° sent out THE sweeper (<strong>Dodrio</strong>)!<br></div><div class="spacer battle-history"><br></div><h2 class="battle-history">Turn 45</h2><div class="chat chatmessage-lynks"><strong style="color:hsl(298,42%,49%)"><small>☆</small><span class="username" data-name="Lynks">Lynks</span>:</strong> <em>envoie audino</em></div><div class="chat chatmessage-greenheroes"><strong style="color:hsl(265,74%,56.967384459884016%)"><small> </small><span class="username" data-name="Greenheroes">Greenheroes</span>:</strong> <em>1 kill tour 44, fiou c'est long</em></div><div class="spacer battle-history"><br></div><div class="battle-history">Beheeyem, come back!<br></div><div class="battle-history">Go! <strong>Mawile</strong>!<br></div><div class="battle-history"><small>Pointed stones dug into Mawile!</small><br></div><div class="battle-history"><small>[Mawile's Intimidate]</small><br></div><div class="battle-history"><small>The opposing THE sweeper's Attack fell!</small><br></div><div class="spacer battle-history"><br></div><div class="battle-history">The opposing THE sweeper used <strong>Return</strong>!<br></div><div class="battle-history"><small>It's not very effective...</small><br></div><div class="battle-history"><small>(Mawile lost <abbr title="−51/303">16.8%</abbr> of its health!)</small><br></div><div class="spacer battle-history"><br></div><h2 class="battle-history">Turn 46</h2><div class="chat chatmessage-charrix"><strong style="color:hsl(285,41%,53.36929377188207%)"><small> </small><span class="username" data-name="CharriX">CharriX</span>:</strong> <em>comme si il allait tecouter lynks</em></div><div class="spacer battle-history"><br></div><div class="battle-history">Pakkuu °‿° withdrew THE sweeper!<br></div><div class="battle-history">Pakkuu °‿° sent out THE Pivot (<strong>Lumineon</strong>)!<br></div><div class="spacer battle-history"><br></div><div class="battle-history">Mawile used <strong>Toxic</strong>!<br></div><div class="battle-history"><small>The opposing THE Pivot was badly poisoned!</small><br></div><div class="spacer battle-history"><br></div><div class="battle-history"><small>The opposing THE Pivot restored a little HP using its Leftovers!</small><br></div><div class="battle-history"><small>The opposing THE Pivot was hurt by poison!</small><br></div><div class="spacer battle-history"><br></div><h2 class="battle-history">Turn 47</h2><div class="chat chatmessage-greenheroes"><strong style="color:hsl(265,74%,56.967384459884016%)"><small> </small><span class="username" data-name="Greenheroes">Greenheroes</span>:</strong> <em>tout ce placement pour 1 kill...</em></div><div class="chat chatmessage-lynks"><strong style="color:hsl(298,42%,49%)"><small>☆</small><span class="username" data-name="Lynks">Lynks</span>:</strong> <em>bawi green jvais rester histoire de perdre le truc qui nique audino</em></div><div class="chat chatmessage-lynks"><strong style="color:hsl(298,42%,49%)"><small>☆</small><span class="username" data-name="Lynks">Lynks</span>:</strong> <em>grosse strat</em></div><div class="chat chatmessage-pokelectrik"><strong style="color:hsl(303,40%,44.6283377748992%)"><small> </small><span class="username" data-name="Pokelectrik">Pokelectrik</span>:</strong> <em>Ouah super le toxic</em></div><div class="chat chatmessage-greenheroes"><strong style="color:hsl(265,74%,56.967384459884016%)"><small> </small><span class="username" data-name="Greenheroes">Greenheroes</span>:</strong> <em>en mode 6:0 Lynks</em></div><div class="spacer battle-history"><br></div><div class="battle-history">Mawile, come back!<br></div><div class="battle-history">Go! <strong>Lumineon</strong>!<br></div><div class="battle-history"><small>Pointed stones dug into Lumineon!</small><br></div><div class="spacer battle-history"><br></div><div class="battle-history">The opposing THE Pivot used <strong>U-turn</strong>!<br></div><div class="battle-history"><small>(Lumineon lost <abbr title="−31/342">9.1%</abbr> of its health!)</small><br></div><div class="chat chatmessage-ironpyrite"><strong style="color:hsl(320,70%,45.718082309027785%)"><small>+</small><span class="username" data-name="Iron✘Pyrite">Iron✘Pyrite</span>:</strong> <em>Rofl Lynks qui se fait hardbully</em></div><div class="chat chatmessage-lynks"><strong style="color:hsl(298,42%,49%)"><small>☆</small><span class="username" data-name="Lynks">Lynks</span>:</strong> <em>snif</em></div><div class="spacer battle-history"><br></div><div class="battle-history">The opposing THE Pivot went back to Pakkuu °‿°!<br></div><div class="battle-history">Pakkuu °‿° sent out THE sweeper (<strong>Dodrio</strong>)!<br></div><div class="spacer battle-history"><br></div><div class="battle-history"><small>Lumineon restored a little HP using its Leftovers!</small><br></div><div class="battle-history"><small>Lumineon was hurt by poison!</small><br></div><div class="spacer battle-history"><br></div><h2 class="battle-history">Turn 48</h2><div class="chat chatmessage-pokelectrik"><strong style="color:hsl(303,40%,44.6283377748992%)"><small> </small><span class="username" data-name="Pokelectrik">Pokelectrik</span>:</strong> <em>Sur un Pokémon résistant comme lumineon, c</em></div><div class="chat chatmessage-pokelectrik"><strong style="color:hsl(303,40%,44.6283377748992%)"><small> </small><span class="username" data-name="Pokelectrik">Pokelectrik</span>:</strong> <em>Génial</em></div><div class="spacer battle-history"><br></div><div class="battle-history">The opposing THE sweeper used <strong>Return</strong>!<br></div><div class="battle-history"><small>(Lumineon lost <abbr title="−78/342">22.8%</abbr> of its health!)</small><br></div><div class="spacer battle-history"><br></div><div class="battle-history">Lumineon fainted!<br></div><div class="spacer battle-history"><br></div><div class="battle-history">Go! <strong>Mawile</strong>!<br></div><div class="battle-history"><small>Pointed stones dug into Mawile!</small><br></div><div class="battle-history"><small>[Mawile's Intimidate]</small><br></div><div class="battle-history"><small>The opposing THE sweeper's Attack fell!</small><br></div><div class="spacer battle-history"><br></div><h2 class="battle-history">Turn 49</h2><div class="chat chatmessage-ironpyrite"><strong style="color:hsl(320,70%,45.718082309027785%)"><small>+</small><span class="username" data-name="Iron✘Pyrite">Iron✘Pyrite</span>:</strong> <em>C'est utile en vrai</em></div><div class="spacer battle-history"><br></div><div class="battle-history">Pakkuu °‿° withdrew THE sweeper!<br></div><div class="battle-history">Pakkuu °‿° sent out THE Cleric (<strong>Audino</strong>)!<br></div><div class="spacer battle-history"><br></div><div class="battle-history">Mawile used <strong>Stealth Rock</strong>!<br></div><div class="battle-history"><small>Pointed stones float in the air around the opposing team!</small><br></div><div class="spacer battle-history"><br></div><h2 class="battle-history">Turn 50</h2><div class="chat"><small>posidy joined.</small></div><div class="spacer battle-history"><br></div><div class="battle-history">Mawile, come back!<br></div><div class="battle-history">Go! <strong>Beheeyem</strong>!<br></div><div class="battle-history"><small>Pointed stones dug into Beheeyem!</small><br></div><div class="spacer battle-history"><br></div><div class="battle-history">The opposing THE Cleric used <strong>Wish</strong>!<br></div><div class="spacer battle-history"><br></div><h2 class="battle-history">Turn 51</h2><div class="chat chatmessage-ironpyrite"><strong style="color:hsl(320,70%,45.718082309027785%)"><small>+</small><span class="username" data-name="Iron✘Pyrite">Iron✘Pyrite</span>:</strong> <em>Sauf que y a Audino</em></div><div class="chat chatmessage-greenheroes"><strong style="color:hsl(265,74%,56.967384459884016%)"><small> </small><span class="username" data-name="Greenheroes">Greenheroes</span>:</strong> <em>pas sucker punch lynks, pour quoi ce set?</em></div><div class="chat chatmessage-lynks"><strong style="color:hsl(298,42%,49%)"><small>☆</small><span class="username" data-name="Lynks">Lynks</span>:</strong> <em>qui</em></div><div class="chat chatmessage-lynks"><strong style="color:hsl(298,42%,49%)"><small>☆</small><span class="username" data-name="Lynks">Lynks</span>:</strong> <em>va mourrir</em></div><div class="chat chatmessage-lynks"><strong style="color:hsl(298,42%,49%)"><small>☆</small><span class="username" data-name="Lynks">Lynks</span>:</strong> <em>?</em></div><div class="spacer battle-history"><br></div><div class="battle-history">Pakkuu °‿° withdrew THE Cleric!<br></div><div class="battle-history">Pakkuu °‿° sent out THE sweeper 2.0 (<strong>Leafeon</strong>)!<br></div><div class="battle-history"><small>Pointed stones dug into the opposing THE sweeper 2.0!</small><br></div><div class="spacer battle-history"><br></div><div class="battle-history">Beheeyem used <strong>Recover</strong>!<br></div><div class="battle-history"><small>Beheeyem restored its HP.</small><br></div><div class="spacer battle-history"><br></div><div class="battle-history"><small>THE Cleric's wish came true!</small><br></div><div class="spacer battle-history"><br></div><h2 class="battle-history">Turn 52</h2><div class="chat chatmessage-lynks"><strong style="color:hsl(298,42%,49%)"><small>☆</small><span class="username" data-name="Lynks">Lynks</span>:</strong> <em>Iron✘Pyrite</em></div><div class="chat chatmessage-lynks"><strong style="color:hsl(298,42%,49%)"><small>☆</small><span class="username" data-name="Lynks">Lynks</span>:</strong> <em>band y/n</em></div><div class="chat chatmessage-greenheroes"><strong style="color:hsl(265,74%,56.967384459884016%)"><small> </small><span class="username" data-name="Greenheroes">Greenheroes</span>:</strong> <em>je dirais non.</em></div><div class="spacer battle-history"><br></div><div class="battle-history">Beheeyem, come back!<br></div><div class="battle-history">Go! <strong>Mawile</strong>!<br></div><div class="battle-history"><small>Pointed stones dug into Mawile!</small><br></div><div class="battle-history"><small>[Mawile's Intimidate]</small><br></div><div class="battle-history"><small>The opposing THE sweeper 2.0's Attack fell!</small><br></div><div class="spacer battle-history"><br></div><div class="battle-history">The opposing THE sweeper 2.0 used <strong>Leaf Blade</strong>!<br></div><div class="battle-history"><small>It's not very effective...</small><br></div><div class="battle-history"><small>(Mawile lost <abbr title="−37/303">12.2%</abbr> of its health!)</small><br></div><div class="spacer battle-history"><br></div><h2 class="battle-history">Turn 53</h2><div class="chat chatmessage-charrix"><strong style="color:hsl(285,41%,53.36929377188207%)"><small> </small><span class="username" data-name="CharriX">CharriX</span>:</strong> <em>lynks comment tu vas passer audino en vrai ?</em></div><div class="chat chatmessage-lynks"><strong style="color:hsl(298,42%,49%)"><small>☆</small><span class="username" data-name="Lynks">Lynks</span>:</strong> <em>avec beheyeem</em></div><div class="spacer battle-history"><br></div><div class="battle-history">The opposing THE sweeper 2.0 used <strong>Leaf Blade</strong>!<br></div><div class="battle-history"><small>It's not very effective...</small><br></div><div class="battle-history"><small>(Mawile lost <abbr title="−36/303">11.9%</abbr> of its health!)</small><br></div><div class="spacer battle-history"><br></div><div class="battle-history">Mawile used <strong>Play Rough</strong>!<br></div><div class="battle-history"><small>(The opposing THE sweeper 2.0 lost <abbr title="−79/271">29.2%</abbr> of its health!)</small><br></div><div class="spacer battle-history"><br></div><h2 class="battle-history">Turn 54</h2><div class="spacer battle-history"><br></div><div class="battle-history">The opposing THE sweeper 2.0 used <strong>Leaf Blade</strong>!<br></div><div class="battle-history"><small>It's not very effective...</small><br></div><div class="battle-history"><small>(Mawile lost <abbr title="−30/303">9.9%</abbr> of its health!)</small><br></div><div class="spacer battle-history"><br></div><div class="battle-history">Mawile fainted!<br></div><div class="chat chatmessage-charrix"><strong style="color:hsl(285,41%,53.36929377188207%)"><small> </small><span class="username" data-name="CharriX">CharriX</span>:</strong> <em>ah oui psyshock</em></div><div class="spacer battle-history"><br></div><div class="battle-history">Go! <strong>Dodrio</strong>!<br></div><div class="battle-history"><small>Pointed stones dug into Dodrio!</small><br></div><div class="spacer battle-history"><br></div><h2 class="battle-history">Turn 55</h2><div class="chat chatmessage-greenheroes"><strong style="color:hsl(265,74%,56.967384459884016%)"><small> </small><span class="username" data-name="Greenheroes">Greenheroes</span>:</strong> <em>je sais pas si il te reste assez de recover pour battre audino...</em></div><div class="spacer battle-history"><br></div><div class="battle-history">Dodrio used <strong>Frustration</strong>!<br></div><div class="battle-history"><small>(The opposing THE sweeper 2.0 lost <abbr title="−120/271">44.3%</abbr> of its health!)</small><br></div><div class="spacer battle-history"><br></div><div class="battle-history">The opposing THE sweeper 2.0 used <strong>Knock Off</strong>!<br></div><div class="battle-history"><small>(Dodrio lost <abbr title="−89/261">34.1%</abbr> of its health!)</small><br></div><div class="battle-history"><small>The opposing THE sweeper 2.0 knocked off Dodrio's Choice Scarf!</small><br></div><div class="spacer battle-history"><br></div><h2 class="battle-history">Turn 56</h2><div class="chat chatmessage-lynks"><strong style="color:hsl(298,42%,49%)"><small>☆</small><span class="username" data-name="Lynks">Lynks</span>:</strong> <em>euh</em></div><div class="chat chatmessage-pakkuu"><strong style="color:hsl(249,42%,58.2957790101625%)"><small>☆</small><span class="username" data-name="Pakkuu °‿°">Pakkuu °‿°</span>:</strong> <em>bh</em></div><div class="chat chatmessage-charrix"><strong style="color:hsl(285,41%,53.36929377188207%)"><small> </small><span class="username" data-name="CharriX">CharriX</span>:</strong> <em>je ne pense pas en vrai</em></div><div class="chat chatmessage-lynks"><strong style="color:hsl(298,42%,49%)"><small>☆</small><span class="username" data-name="Lynks">Lynks</span>:</strong> <em>?</em></div><div class="chat chatmessage-pakkuu"><strong style="color:hsl(249,42%,58.2957790101625%)"><small>☆</small><span class="username" data-name="Pakkuu °‿°">Pakkuu °‿°</span>:</strong> <em>spam brave bird</em></div><div class="chat chatmessage-ironpyrite"><strong style="color:hsl(320,70%,45.718082309027785%)"><small>+</small><span class="username" data-name="Iron✘Pyrite">Iron✘Pyrite</span>:</strong> <em>Lynks pourquoi</em></div><div class="chat chatmessage-ironpyrite"><strong style="color:hsl(320,70%,45.718082309027785%)"><small>+</small><span class="username" data-name="Iron✘Pyrite">Iron✘Pyrite</span>:</strong> <em>Tu as hardchoke</em></div><div class="chat chatmessage-pakkuu"><strong style="color:hsl(249,42%,58.2957790101625%)"><small>☆</small><span class="username" data-name="Pakkuu °‿°">Pakkuu °‿°</span>:</strong> <em>y</em></div><div class="chat chatmessage-lynks"><strong style="color:hsl(298,42%,49%)"><small>☆</small><span class="username" data-name="Lynks">Lynks</span>:</strong> <em>bah </em></div><div class="chat chatmessage-lynks"><strong style="color:hsl(298,42%,49%)"><small>☆</small><span class="username" data-name="Lynks">Lynks</span>:</strong> <em>en théorie</em></div><div class="chat chatmessage-lynks"><strong style="color:hsl(298,42%,49%)"><small>☆</small><span class="username" data-name="Lynks">Lynks</span>:</strong> <em>tu restes pas</em></div><div class="chat chatmessage-lynks"><strong style="color:hsl(298,42%,49%)"><small>☆</small><span class="username" data-name="Lynks">Lynks</span>:</strong> <em>sur dodrio</em></div><div class="chat chatmessage-lynks"><strong style="color:hsl(298,42%,49%)"><small>☆</small><span class="username" data-name="Lynks">Lynks</span>:</strong> <em>avec leafeon</em></div><div class="chat chatmessage-pakkuu"><strong style="color:hsl(249,42%,58.2957790101625%)"><small>☆</small><span class="username" data-name="Pakkuu °‿°">Pakkuu °‿°</span>:</strong> <em>j'avais aucun switch in brave bird</em></div><div class="chat chatmessage-charrix"><strong style="color:hsl(285,41%,53.36929377188207%)"><small> </small><span class="username" data-name="CharriX">CharriX</span>:</strong> <em>ca va etre looonnnng</em></div><div class="chat chatmessage-lynks"><strong style="color:hsl(298,42%,49%)"><small>☆</small><span class="username" data-name="Lynks">Lynks</span>:</strong> <em>audino</em></div><div class="chat chatmessage-lynks"><strong style="color:hsl(298,42%,49%)"><small>☆</small><span class="username" data-name="Lynks">Lynks</span>:</strong> <em>lol</em></div><div class="chat chatmessage-pakkuu"><strong style="color:hsl(249,42%,58.2957790101625%)"><small>☆</small><span class="username" data-name="Pakkuu °‿°">Pakkuu °‿°</span>:</strong> <em>bh faut regarder la team</em></div><div class="chat chatmessage-pakkuu"><strong style="color:hsl(249,42%,58.2957790101625%)"><small>☆</small><span class="username" data-name="Pakkuu °‿°">Pakkuu °‿°</span>:</strong> <em>et </em></div><div class="chat chatmessage-ironpyrite"><strong style="color:hsl(320,70%,45.718082309027785%)"><small>+</small><span class="username" data-name="Iron✘Pyrite">Iron✘Pyrite</span>:</strong> <em>Il pensait au Band</em></div><div class="chat chatmessage-lynks"><strong style="color:hsl(298,42%,49%)"><small>☆</small><span class="username" data-name="Lynks">Lynks</span>:</strong> <em>jvais pas envoyer le band</em></div><div class="chat chatmessage-ironpyrite"><strong style="color:hsl(320,70%,45.718082309027785%)"><small>+</small><span class="username" data-name="Iron✘Pyrite">Iron✘Pyrite</span>:</strong> <em>Qui défonce Audino</em></div><div class="spacer battle-history"><br></div><div class="battle-history">Dodrio used <strong>Frustration</strong>!<br></div><div class="battle-history"><small>(The opposing THE sweeper 2.0 lost <abbr title="−72/271">26.6%</abbr> of its health!)</small><br></div><div class="spacer battle-history"><br></div><div class="battle-history">The opposing THE sweeper 2.0 fainted!<br></div><div class="chat chatmessage-lynks"><strong style="color:hsl(298,42%,49%)"><small>☆</small><span class="username" data-name="Lynks">Lynks</span>:</strong> <em>sur ce truc</em></div><div class="spacer battle-history"><br></div><div class="battle-history">Pakkuu °‿° sent out THE sweeper (<strong>Dodrio</strong>)!<br></div><div class="battle-history"><small>Pointed stones dug into the opposing THE sweeper!</small><br></div><div class="spacer battle-history"><br></div><h2 class="battle-history">Turn 57</h2><div class="spacer battle-history"><br></div><div class="battle-history">The opposing THE sweeper used <strong>Return</strong>!<br></div><div class="battle-history"><small>(Dodrio lost <abbr title="−107/261">41.0%</abbr> of its health!)</small><br></div><div class="spacer battle-history"><br></div><div class="battle-history">Dodrio fainted!<br></div><div class="spacer battle-history"><br></div><div class="battle-history">Go! <strong>Krokorok</strong>!<br></div><div class="battle-history"><small>Pointed stones dug into Krokorok!</small><br></div><div class="battle-history"><small>[Krokorok's Intimidate]</small><br></div><div class="battle-history"><small>The opposing THE sweeper's Attack fell!</small><br></div><div class="spacer battle-history"><br></div><h2 class="battle-history">Turn 58</h2><div class="chat chatmessage-charrix"><strong style="color:hsl(285,41%,53.36929377188207%)"><small> </small><span class="username" data-name="CharriX">CharriX</span>:</strong> <em>une fois certains pokes passés, ca devrai aller plus vite je pense</em></div><div class="chat chatmessage-lynks"><strong style="color:hsl(298,42%,49%)"><small>☆</small><span class="username" data-name="Lynks">Lynks</span>:</strong> <em>on y croit</em></div><div class="chat chatmessage-lynks"><strong style="color:hsl(298,42%,49%)"><small>☆</small><span class="username" data-name="Lynks">Lynks</span>:</strong> <em>mdr</em></div><div class="spacer battle-history"><br></div><div class="battle-history"><small>(The opposing THE sweeper is being withdrawn...)</small><br></div><div class="spacer battle-history"><br></div><div class="battle-history">Krokorok used <strong>Pursuit</strong>!<br></div><div class="battle-history"><small>A critical hit!</small><br></div><div class="battle-history"><small>(The opposing THE sweeper lost <abbr title="−131/261">50.2%</abbr> of its health!)</small><br></div><div class="spacer battle-history"><br></div><div class="battle-history">The opposing THE sweeper fainted!<br></div><div class="chat chatmessage-lynks"><strong style="color:hsl(298,42%,49%)"><small>☆</small><span class="username" data-name="Lynks">Lynks</span>:</strong> <em>héhé</em></div><div class="chat chatmessage-ironpyrite"><strong style="color:hsl(320,70%,45.718082309027785%)"><small>+</small><span class="username" data-name="Iron✘Pyrite">Iron✘Pyrite</span>:</strong> <em>Oooo</em></div><div class="spacer battle-history"><br></div><div class="battle-history">Pakkuu °‿° sent out THE Cleric (<strong>Audino</strong>)!<br></div><div class="battle-history"><small>Pointed stones dug into the opposing THE Cleric!</small><br></div><div class="spacer battle-history"><br></div><h2 class="battle-history">Turn 59</h2><div class="chat chatmessage-charrix"><strong style="color:hsl(285,41%,53.36929377188207%)"><small> </small><span class="username" data-name="CharriX">CharriX</span>:</strong> <em>tas raison dy croire lynks ecoute</em></div><div class="chat chatmessage-pakkuu"><strong style="color:hsl(249,42%,58.2957790101625%)"><small>☆</small><span class="username" data-name="Pakkuu °‿°">Pakkuu °‿°</span>:</strong> <em>ah</em></div><div class="chat chatmessage-lynks"><strong style="color:hsl(298,42%,49%)"><small>☆</small><span class="username" data-name="Lynks">Lynks</span>:</strong> <em>du coup</em></div><div class="chat chatmessage-lynks"><strong style="color:hsl(298,42%,49%)"><small>☆</small><span class="username" data-name="Lynks">Lynks</span>:</strong> <em>beheyeem</em></div><div class="spacer battle-history"><br></div><div class="battle-history">Krokorok, come back!<br></div><div class="battle-history">Go! <strong>Beheeyem</strong>!<br></div><div class="battle-history"><small>Pointed stones dug into Beheeyem!</small><br></div><div class="spacer battle-history"><br></div><div class="battle-history">The opposing THE Cleric used <strong>Wish</strong>!<br></div><div class="spacer battle-history"><br></div><div class="battle-history"><small>The opposing THE Cleric restored a little HP using its Leftovers!</small><br></div><div class="spacer battle-history"><br></div><h2 class="battle-history">Turn 60</h2><div class="chat chatmessage-charrix"><strong style="color:hsl(285,41%,53.36929377188207%)"><small> </small><span class="username" data-name="CharriX">CharriX</span>:</strong> <em>le haxx est avec lynks</em></div><div class="chat chatmessage-lynks"><strong style="color:hsl(298,42%,49%)"><small>☆</small><span class="username" data-name="Lynks">Lynks</span>:</strong> <em>win</em></div><div class="chat"><small>LeParadox joined.</small></div><div class="chat chatmessage-lynks"><strong style="color:hsl(298,42%,49%)"><small>☆</small><span class="username" data-name="Lynks">Lynks</span>:</strong> <em>le crit a rien changé</em></div><div class="chat chatmessage-lynks"><strong style="color:hsl(298,42%,49%)"><small>☆</small><span class="username" data-name="Lynks">Lynks</span>:</strong> <em>CharriX</em></div><div class="chat chatmessage-ironpyrite"><strong style="color:hsl(320,70%,45.718082309027785%)"><small>+</small><span class="username" data-name="Iron✘Pyrite">Iron✘Pyrite</span>:</strong> <em>Rofl</em></div><div class="spacer battle-history"><br></div><div class="battle-history">Pakkuu °‿° withdrew THE Cleric!<br></div><div class="battle-history">Pakkuu °‿° sent out THE Pivot (<strong>Lumineon</strong>)!<br></div><div class="battle-history"><small>Pointed stones dug into the opposing THE Pivot!</small><br></div><div class="spacer battle-history"><br></div><div class="battle-history">Beheeyem used <strong>Nasty Plot</strong>!<br></div><div class="battle-history"><small>Beheeyem's Special Attack rose sharply!</small><br></div><div class="spacer battle-history"><br></div><div class="battle-history"><small>THE Cleric's wish came true!</small><br></div><div class="battle-history"><small>The opposing THE Pivot restored a little HP using its Leftovers!</small><br></div><div class="battle-history"><small>The opposing THE Pivot was hurt by poison!</small><br></div><div class="spacer battle-history"><br></div><h2 class="battle-history">Turn 61</h2><div class="chat chatmessage-charrix"><strong style="color:hsl(285,41%,53.36929377188207%)"><small> </small><span class="username" data-name="CharriX">CharriX</span>:</strong> <em>c pour ca que je suis pour pakkuu en vrai</em></div><div class="chat chatmessage-lynks"><strong style="color:hsl(298,42%,49%)"><small>☆</small><span class="username" data-name="Lynks">Lynks</span>:</strong> <em>tu crois que Dodrio</em></div><div class="chat chatmessage-lynks"><strong style="color:hsl(298,42%,49%)"><small>☆</small><span class="username" data-name="Lynks">Lynks</span>:</strong> <em>tient un pursuit</em></div><div class="chat chatmessage-lynks"><strong style="color:hsl(298,42%,49%)"><small>☆</small><span class="username" data-name="Lynks">Lynks</span>:</strong> <em>de Band</em></div><div class="chat chatmessage-ironpyrite"><strong style="color:hsl(320,70%,45.718082309027785%)"><small>+</small><span class="username" data-name="Iron✘Pyrite">Iron✘Pyrite</span>:</strong> <em>J'adore comment personne croit en toi Lynks</em></div><div class="chat chatmessage-lynks"><strong style="color:hsl(298,42%,49%)"><small>☆</small><span class="username" data-name="Lynks">Lynks</span>:</strong> <em>Krookorok</em></div><div class="chat chatmessage-charrix"><strong style="color:hsl(285,41%,53.36929377188207%)"><small> </small><span class="username" data-name="CharriX">CharriX</span>:</strong> <em>non en vrai</em></div><div class="chat chatmessage-lynks"><strong style="color:hsl(298,42%,49%)"><small>☆</small><span class="username" data-name="Lynks">Lynks</span>:</strong> <em>?</em></div><div class="chat chatmessage-lynks"><strong style="color:hsl(298,42%,49%)"><small>☆</small><span class="username" data-name="Lynks">Lynks</span>:</strong> <em>tant pis pour eux spin</em></div><div class="chat chatmessage-charrix"><strong style="color:hsl(285,41%,53.36929377188207%)"><small> </small><span class="username" data-name="CharriX">CharriX</span>:</strong> <em>ta vu iron pryte x)</em></div><div class="chat chatmessage-lynks"><strong style="color:hsl(298,42%,49%)"><small>☆</small><span class="username" data-name="Lynks">Lynks</span>:</strong> <em>mdr</em></div><div class="chat"><small>Grumeaux joined.</small></div><div class="chat chatmessage-charrix"><strong style="color:hsl(285,41%,53.36929377188207%)"><small> </small><span class="username" data-name="CharriX">CharriX</span>:</strong> <em>t pour pakkuu aussi non ?</em></div><div class="spacer battle-history"><br></div><div class="battle-history">Beheeyem, come back!<br></div><div class="battle-history">Go! <strong>Zebstrika</strong>!<br></div><div class="battle-history"><small>Pointed stones dug into Zebstrika!</small><br></div><div class="spacer battle-history"><br></div><div class="battle-history">The opposing THE Pivot used <strong>Toxic</strong>!<br></div><div class="battle-history"><small>Zebstrika was badly poisoned!</small><br></div><div class="spacer battle-history"><br></div><div class="battle-history"><small>The opposing THE Pivot restored a little HP using its Leftovers!</small><br></div><div class="battle-history"><small>Zebstrika was hurt by poison!</small><br></div><div class="battle-history"><small>The opposing THE Pivot was hurt by poison!</small><br></div><div class="spacer battle-history"><br></div><h2 class="battle-history">Turn 62</h2><div class="chat chatmessage-charrix"><strong style="color:hsl(285,41%,53.36929377188207%)"><small> </small><span class="username" data-name="CharriX">CharriX</span>:</strong> <em>salut grumeaux</em></div><div class="spacer battle-history"><br></div><div class="battle-history">Pakkuu °‿° withdrew THE Pivot!<br></div><div class="battle-history">Pakkuu °‿° sent out THE Special Wall (<strong>Grumpig</strong>)!<br></div><div class="battle-history"><small>Pointed stones dug into the opposing THE Special Wall!</small><br></div><div class="spacer battle-history"><br></div><div class="battle-history">Zebstrika used <strong>Volt Switch</strong>!<br></div><div class="battle-history"><small>(The opposing THE Special Wall lost <abbr title="−87/363">24.0%</abbr> of its health!)</small><br></div><div class="battle-history"><small>Zebstrika lost some of its HP!</small><br></div><div class="chat chatmessage-pokelectrik"><strong style="color:hsl(303,40%,44.6283377748992%)"><small> </small><span class="username" data-name="Pokelectrik">Pokelectrik</span>:</strong> <em>On tient avec Lynks en pensée. Comme a l'adversaire il voit rien venir</em></div><div class="spacer battle-history"><br></div><div class="battle-history">Zebstrika went back to Lynks!<br></div><div class="battle-history">Go! <strong>Krokorok</strong>!<br></div><div class="battle-history"><small>Pointed stones dug into Krokorok!</small><br></div><div class="battle-history"><small>[Krokorok's Intimidate]</small><br></div><div class="battle-history"><small>The opposing THE Special Wall's Attack fell!</small><br></div><div class="spacer battle-history"><br></div><div class="battle-history"><small>The opposing THE Special Wall restored a little HP using its Leftovers!</small><br></div><div class="spacer battle-history"><br></div><h2 class="battle-history">Turn 63</h2><div class="spacer battle-history"><br></div><div class="battle-history">Pakkuu °‿° withdrew THE Special Wall!<br></div><div class="battle-history">Pakkuu °‿° sent out THE Cleric (<strong>Audino</strong>)!<br></div><div class="battle-history"><small>Pointed stones dug into the opposing THE Cleric!</small><br></div><div class="spacer battle-history"><br></div><div class="battle-history">Krokorok used <strong>Earthquake</strong>!<br></div><div class="battle-history"><small>(The opposing THE Cleric lost <abbr title="−229/410">55.9%</abbr> of its health!)</small><br></div><div class="spacer battle-history"><br></div><div class="battle-history"><small>The opposing THE Cleric restored a little HP using its Leftovers!</small><br></div><div class="spacer battle-history"><br></div><h2 class="battle-history">Turn 64</h2><div class="chat chatmessage-lynks"><strong style="color:hsl(298,42%,49%)"><small>☆</small><span class="username" data-name="Lynks">Lynks</span>:</strong> <em>adieu</em></div><div class="chat chatmessage-lynks"><strong style="color:hsl(298,42%,49%)"><small>☆</small><span class="username" data-name="Lynks">Lynks</span>:</strong> <em>audino</em></div><div class="chat chatmessage-pakkuu"><strong style="color:hsl(249,42%,58.2957790101625%)"><small>☆</small><span class="username" data-name="Pakkuu °‿°">Pakkuu °‿°</span>:</strong> <em>gg</em></div><div class="spacer battle-history"><br></div><div class="battle-history"><small>Pakkuu °‿° forfeited.</small><br></div><div class="spacer battle-history"><br></div><div class="battle-history"><strong>Lynks</strong> won the battle!<br></div><div class="chat"><small>Pakkuu °‿° left.</small></div><div class="chat chatmessage-charrix"><strong style="color:hsl(285,41%,53.36929377188207%)"><small> </small><span class="username" data-name="CharriX">CharriX</span>:</strong> <em>gg</em></div><div class="chat chatmessage-lynks"><strong style="color:hsl(298,42%,49%)"><small>☆</small><span class="username" data-name="Lynks">Lynks</span>:</strong> <em>voilà comment je passe</em></div><div class="chat"><small>Iron✘Pyrite left.</small></div><div class="chat"><small>CharriX left.</small></div><div class="chat chatmessage-lynks"><strong style="color:hsl(298,42%,49%)"><small>☆</small><span class="username" data-name="Lynks">Lynks</span>:</strong> <em>Audino</em></div><div class="chat"><small>Lynks left.</small></div><div class="chat"><small>TharpackDo left.</small></div><div class="chat"><small>Mororine ^^ left.</small></div><div class="chat"><small>Pokelectrik left.</small></div></div><div class="inner-preempt"></div></div></div>
</div>
<script>
let daily = Math.floor(Date.now()/1000/60/60/24);document.write('<script src="https://play.pokemonshowdown.com/js/replay-embed.js?version'+daily+'"></'+'script>');
</script>
