<!DOCTYPE html>
<meta charset="utf-8" />
<!-- version 1 -->
<title>PU replay: rksat LA vs. colorcodedd</title>
<style>
html,body {font-family:Verdana, sans-serif;font-size:10pt;margin:0;padding:0;}body{padding:12px 0;} .battle-log {font-family:Verdana, sans-serif;font-size:10pt;} .battle-log-inline {border:1px solid #AAAAAA;background:#EEF2F5;color:black;max-width:640px;margin:0 auto 80px;padding-bottom:5px;} .battle-log .inner {padding:4px 8px 0px 8px;} .battle-log .inner-preempt {padding:0 8px 4px 8px;} .battle-log .inner-after {margin-top:0.5em;} .battle-log h2 {margin:0.5em -8px;padding:4px 8px;border:1px solid #AAAAAA;background:#E0E7EA;border-left:0;border-right:0;font-family:Verdana, sans-serif;font-size:13pt;} .battle-log .chat {vertical-align:middle;padding:3px 0 3px 0;font-size:8pt;} .battle-log .chat strong {color:#40576A;} .battle-log .chat em {padding:1px 4px 1px 3px;color:#000000;font-style:normal;} .chat.mine {background:rgba(0,0,0,0.05);margin-left:-8px;margin-right:-8px;padding-left:8px;padding-right:8px;} .spoiler {color:#BBBBBB;background:#BBBBBB;padding:0px 3px;} .spoiler:hover, .spoiler:active, .spoiler-shown {color:#000000;background:#E2E2E2;padding:0px 3px;} .spoiler a {color:#BBBBBB;} .spoiler:hover a, .spoiler:active a, .spoiler-shown a {color:#2288CC;} .chat code, .chat .spoiler:hover code, .chat .spoiler:active code, .chat .spoiler-shown code {border:1px solid #C0C0C0;background:#EEEEEE;color:black;padding:0 2px;} .chat .spoiler code {border:1px solid #CCCCCC;background:#CCCCCC;color:#CCCCCC;} .battle-log .rated {padding:3px 4px;} .battle-log .rated strong {color:white;background:#89A;padding:1px 4px;border-radius:4px;} .spacer {margin-top:0.5em;} .message-announce {background:#6688AA;color:white;padding:1px 4px 2px;} .message-announce a, .broadcast-green a, .broadcast-blue a, .broadcast-red a {color:#DDEEFF;} .broadcast-green {background-color:#559955;color:white;padding:2px 4px;} .broadcast-blue {background-color:#6688AA;color:white;padding:2px 4px;} .infobox {border:1px solid #6688AA;padding:2px 4px;} .infobox-limited {max-height:200px;overflow:auto;overflow-x:hidden;} .broadcast-red {background-color:#AA5544;color:white;padding:2px 4px;} .message-learn-canlearn {font-weight:bold;color:#228822;text-decoration:underline;} .message-learn-cannotlearn {font-weight:bold;color:#CC2222;text-decoration:underline;} .message-effect-weak {font-weight:bold;color:#CC2222;} .message-effect-resist {font-weight:bold;color:#6688AA;} .message-effect-immune {font-weight:bold;color:#666666;} .message-learn-list {margin-top:0;margin-bottom:0;} .message-throttle-notice, .message-error {color:#992222;} .message-overflow, .chat small.message-overflow {font-size:0pt;} .message-overflow::before {font-size:9pt;content:'...';} .subtle {color:#3A4A66;}
</style>
<div class="wrapper replay-wrapper" style="max-width:1180px;margin:0 auto">
<input type="hidden" name="replayid" value="pu-542945144" />
<div class="battle"></div><div class="battle-log"></div><div class="replay-controls"></div><div class="replay-controls-2"></div>
<h1 style="font-weight:normal;text-align:center"><strong>PU</strong><br /><a href="http://pokemonshowdown.com/users/rksatla" class="subtle" target="_blank">rksat LA</a> vs. <a href="http://pokemonshowdown.com/users/colorcodedd" class="subtle" target="_blank">colorcodedd</a></h1>
<script type="text/plain" class="battle-log-data">|j|rksat LA
|j|colorcodedd
|player|p1|rksat LA|77
|player|p2|colorcodedd|1
|gametype|singles
|gen|6
|tier|PU
|rated
|seed|39172,57048,53368,45315
|rule|Sleep Clause Mod: Limit one foe put to sleep
|rule|Species Clause: Limit one of each Pokémon
|rule|OHKO Clause: OHKO moves are banned
|rule|Moody Clause: Moody is banned
|rule|Evasion Moves Clause: Evasion moves are banned
|rule|Endless Battle Clause: Forcing endless battles is banned
|rule|HP Percentage Mod: HP is shown in percentages
|clearpoke
|poke|p1|Smeargle, F|item
|poke|p1|Jumpluff, F|
|poke|p1|Politoed, F|item
|poke|p1|Ninetales, F|item
|poke|p1|Altaria, F|item
|poke|p1|Purugly, F|item
|poke|p2|Relicanth, M|item
|poke|p2|Ampharos, F|item
|poke|p2|Avalugg, F|item
|poke|p2|Smeargle, M|item
|poke|p2|Unfezant, M|item
|poke|p2|Dusknoir, F|item
|rule|Swagger Clause: Swagger is banned
|rule|Baton Pass Clause: Limit one Baton Passer, can't pass Spe and other stats simultaneously
|teampreview
|choice|team 2, team 1, team 3, team 4, team 5, team 6|team 4, team 2, team 3, team 1, team 5, team 6
|
|start
|switch|p1a: Jumpluff|Jumpluff, F|291\/291
|switch|p2a: Smeargle|Smeargle, M|251\/251
|turn|1
|choice|move sleeppowder|move nuzzle
|
|move|p1a: Jumpluff|Sleep Powder|p2a: Smeargle
|-status|p2a: Smeargle|slp
|cant|p2a: Smeargle|slp
|
|upkeep
|turn|2
|choice|move uturn|move nuzzle
|
|move|p1a: Jumpluff|U-turn|p2a: Smeargle
|-damage|p2a: Smeargle|179\/251 slp
|choice|switch 2|
|
|switch|p1a: Smeargle|Smeargle, F|251\/251
|cant|p2a: Smeargle|slp
|
|upkeep
|turn|3
|choice|move stealthrock|move nuzzle
|
|move|p1a: Smeargle|Stealth Rock|p2a: Smeargle
|-sidestart|p2: colorcodedd|move: Stealth Rock
|cant|p2a: Smeargle|slp
|
|upkeep
|turn|4
|choice|switch 2|move stickyweb
|
|switch|p1a: Jumpluff|Jumpluff, F|291\/291
|-curestatus|p2a: Smeargle|slp|[msg]
|move|p2a: Smeargle|Sticky Web|p1a: Jumpluff
|-sidestart|p1: rksat LA|move: Sticky Web
|
|upkeep
|turn|5
|choice|move acrobatics|move stealthrock
|
|move|p1a: Jumpluff|Acrobatics|p2a: Smeargle
|-damage|p2a: Smeargle|11\/251
|move|p2a: Smeargle|Stealth Rock|p1a: Jumpluff
|-sidestart|p1: rksat LA|move: Stealth Rock
|
|upkeep
|turn|6
|choice|move acrobatics|move destinybond
|
|move|p1a: Jumpluff|Acrobatics|p2a: Smeargle
|-damage|p2a: Smeargle|0 fnt
|faint|p2a: Smeargle
|
|upkeep
|choice||switch 3
|
|switch|p2a: Avalugg|Avalugg, F|386\/386
|-damage|p2a: Avalugg|290\/386|[from] Stealth Rock
|turn|7
|choice|move sleeppowder|move rapidspin
|
|move|p1a: Jumpluff|Sleep Powder|p2a: Avalugg
|-status|p2a: Avalugg|slp
|cant|p2a: Avalugg|slp
|
|upkeep
|turn|8
|choice|move uturn|move rapidspin
|
|move|p1a: Jumpluff|U-turn|p2a: Avalugg
|-damage|p2a: Avalugg|260\/386 slp
|-damage|p1a: Jumpluff|243\/291|[from] item: Rocky Helmet|[of] p2a: Avalugg
|choice|switch 3|
|
|switch|p1a: Politoed|Politoed, F|371\/371
|-damage|p1a: Politoed|325\/371|[from] Stealth Rock
|-activate|p1a: Politoed|move: Sticky Web
|-unboost|p1a: Politoed|spe|1
|-curestatus|p2a: Avalugg|slp|[msg]
|move|p2a: Avalugg|Rapid Spin|p1a: Politoed
|-damage|p1a: Politoed|302\/371
|-sideend|p2: colorcodedd|Stealth Rock|[from] move: Rapid Spin|[of] p2a: Avalugg
|
|-heal|p1a: Politoed|325\/371|[from] item: Leftovers
|upkeep
|turn|9
|j|Hdbsjddn
|choice|move hypnosis|switch 2
|
|switch|p2a: Ampharos|Ampharos, F|383\/383
|move|p1a: Politoed|Hypnosis|p2a: Ampharos|[miss]
|-miss|p1a: Politoed|p2a: Ampharos
|
|-heal|p1a: Politoed|348\/371|[from] item: Leftovers
|upkeep
|turn|10
|choice|move hypnosis|move discharge
|
|move|p2a: Ampharos|Discharge|p1a: Politoed
|-supereffective|p1a: Politoed
|-damage|p1a: Politoed|64\/371
|move|p1a: Politoed|Hypnosis|p2a: Ampharos
|-status|p2a: Ampharos|slp
|
|-heal|p1a: Politoed|87\/371|[from] item: Leftovers
|upkeep
|turn|11
|choice|switch 2|move voltswitch
|
|switch|p1a: Smeargle|Smeargle, F|251\/251
|-activate|p1a: Smeargle|move: Sticky Web
|-unboost|p1a: Smeargle|spe|1
|-damage|p1a: Smeargle|220\/251|[from] Stealth Rock
|cant|p2a: Ampharos|slp
|
|upkeep
|turn|12
|choice|move stealthrock|switch 5
|
|switch|p2a: Unfezant|Unfezant, M|302\/302
|move|p1a: Smeargle|Stealth Rock|p2a: Unfezant
|-sidestart|p2: colorcodedd|move: Stealth Rock
|
|upkeep
|turn|13
|choice|move explosion|move nightslash
|
|move|p2a: Unfezant|Night Slash|p1a: Smeargle
|-crit|p1a: Smeargle
|-damage|p1a: Smeargle|0 fnt
|faint|p1a: Smeargle
|
|upkeep
|choice|switch 5|
|
|switch|p1a: Altaria|Altaria, F|353\/353
|-damage|p1a: Altaria|265\/353|[from] Stealth Rock
|turn|14
|choice|move roost|move toxic
|
|move|p2a: Unfezant|Toxic|p1a: Altaria
|-status|p1a: Altaria|tox
|move|p1a: Altaria|Roost|p1a: Altaria
|-heal|p1a: Altaria|353\/353 tox
|
|-damage|p1a: Altaria|331\/353 tox|[from] psn
|upkeep
|turn|15
|choice|move toxic|move nightslash
|
|move|p2a: Unfezant|Night Slash|p1a: Altaria
|-crit|p1a: Altaria
|-damage|p1a: Altaria|229\/353 tox
|move|p1a: Altaria|Toxic|p2a: Unfezant
|-status|p2a: Unfezant|tox
|
|-heal|p1a: Altaria|251\/353 tox|[from] item: Leftovers
|-damage|p2a: Unfezant|284\/302 tox|[from] psn
|-damage|p1a: Altaria|207\/353 tox|[from] psn
|upkeep
|turn|16
|choice|move roost|move nightslash
|
|move|p2a: Unfezant|Night Slash|p1a: Altaria
|-crit|p1a: Altaria
|-damage|p1a: Altaria|110\/353 tox
|move|p1a: Altaria|Roost|p1a: Altaria
|-heal|p1a: Altaria|287\/353 tox
|
|-heal|p1a: Altaria|309\/353 tox|[from] item: Leftovers
|-damage|p2a: Unfezant|248\/302 tox|[from] psn
|-damage|p1a: Altaria|243\/353 tox|[from] psn
|upkeep
|turn|17
|choice|switch 2|move nightslash
|
|-curestatus|p1a: Altaria|tox|[from] ability: Natural Cure
|switch|p1a: Politoed|Politoed, F|87\/371
|-damage|p1a: Politoed|41\/371|[from] Stealth Rock
|-activate|p1a: Politoed|move: Sticky Web
|-unboost|p1a: Politoed|spe|1
|move|p2a: Unfezant|Night Slash|p1a: Politoed
|-crit|p1a: Politoed
|-damage|p1a: Politoed|0 fnt
|faint|p1a: Politoed
|
|-damage|p2a: Unfezant|194\/302 tox|[from] psn
|upkeep
|choice|switch 2|
|
|switch|p1a: Altaria|Altaria, F|243\/353
|-damage|p1a: Altaria|155\/353|[from] Stealth Rock
|turn|18
|choice|move roost|move toxic
|
|move|p2a: Unfezant|Toxic|p1a: Altaria
|-status|p1a: Altaria|tox
|move|p1a: Altaria|Roost|p1a: Altaria
|-heal|p1a: Altaria|332\/353 tox
|
|-heal|p1a: Altaria|353\/353 tox|[from] item: Leftovers
|-damage|p2a: Unfezant|122\/302 tox|[from] psn
|-damage|p1a: Altaria|331\/353 tox|[from] psn
|upkeep
|turn|19
|choice|move flamethrower|move roost
|
|move|p2a: Unfezant|Roost|p2a: Unfezant
|-heal|p2a: Unfezant|273\/302 tox
|move|p1a: Altaria|Flamethrower|p2a: Unfezant
|-damage|p2a: Unfezant|193\/302 tox
|
|-heal|p1a: Altaria|353\/353 tox|[from] item: Leftovers
|-damage|p2a: Unfezant|103\/302 tox|[from] psn
|-damage|p1a: Altaria|309\/353 tox|[from] psn
|upkeep
|turn|20
|choice|move flamethrower|move roost
|
|move|p2a: Unfezant|Roost|p2a: Unfezant
|-heal|p2a: Unfezant|254\/302 tox
|move|p1a: Altaria|Flamethrower|p2a: Unfezant
|-damage|p2a: Unfezant|165\/302 tox
|
|-heal|p1a: Altaria|331\/353 tox|[from] item: Leftovers
|-damage|p2a: Unfezant|57\/302 tox|[from] psn
|-damage|p1a: Altaria|265\/353 tox|[from] psn
|upkeep
|turn|21
|choice|move roost|move roost
|
|move|p2a: Unfezant|Roost|p2a: Unfezant
|-heal|p2a: Unfezant|208\/302 tox
|move|p1a: Altaria|Roost|p1a: Altaria
|-heal|p1a: Altaria|353\/353 tox
|
|-damage|p2a: Unfezant|82\/302 tox|[from] psn
|-damage|p1a: Altaria|265\/353 tox|[from] psn
|upkeep
|turn|22
|choice|move roost|move roost
|
|move|p2a: Unfezant|Roost|p2a: Unfezant
|-heal|p2a: Unfezant|233\/302 tox
|move|p1a: Altaria|Roost|p1a: Altaria
|-heal|p1a: Altaria|353\/353 tox
|
|-damage|p2a: Unfezant|89\/302 tox|[from] psn
|-damage|p1a: Altaria|243\/353 tox|[from] psn
|upkeep
|turn|23
|choice|move roost|move roost
|
|move|p2a: Unfezant|Roost|p2a: Unfezant
|-heal|p2a: Unfezant|240\/302 tox
|move|p1a: Altaria|Roost|p1a: Altaria
|-heal|p1a: Altaria|353\/353 tox
|
|-damage|p2a: Unfezant|78\/302 tox|[from] psn
|-damage|p1a: Altaria|221\/353 tox|[from] psn
|upkeep
|turn|24
|choice|move flamethrower|move roost
|
|move|p2a: Unfezant|Roost|p2a: Unfezant
|-heal|p2a: Unfezant|229\/302 tox
|move|p1a: Altaria|Flamethrower|p2a: Unfezant
|-damage|p2a: Unfezant|138\/302 tox
|
|-heal|p1a: Altaria|243\/353 tox|[from] item: Leftovers
|-damage|p2a: Unfezant|0 fnt|[from] psn
|-damage|p1a: Altaria|89\/353 tox|[from] psn
|upkeep
|faint|p2a: Unfezant
|choice||switch 6
|
|switch|p2a: Dusknoir|Dusknoir, F|284\/284
|-damage|p2a: Dusknoir|249\/284|[from] Stealth Rock
|-ability|p2a: Dusknoir|Pressure
|turn|25
|choice|move toxic|move shadowsneak
|
|move|p2a: Dusknoir|Shadow Sneak|p1a: Altaria
|-damage|p1a: Altaria|15\/353 tox
|-damage|p2a: Dusknoir|221\/284|[from] item: Life Orb
|move|p1a: Altaria|Toxic|p2a: Dusknoir
|-status|p2a: Dusknoir|tox
|
|-heal|p1a: Altaria|37\/353 tox|[from] item: Leftovers
|-damage|p1a: Altaria|0 fnt|[from] psn
|-damage|p2a: Dusknoir|204\/284 tox|[from] psn
|upkeep
|faint|p1a: Altaria
|choice|switch 3|
|
|switch|p1a: Jumpluff|Jumpluff, F|243\/291
|-damage|p1a: Jumpluff|171\/291|[from] Stealth Rock
|turn|26
|choice|move acrobatics|move suckerpunch
|
|move|p2a: Dusknoir|Sucker Punch|p1a: Jumpluff
|-damage|p1a: Jumpluff|18\/291
|-damage|p2a: Dusknoir|176\/284 tox|[from] item: Life Orb
|move|p1a: Jumpluff|Acrobatics|p2a: Dusknoir
|-damage|p2a: Dusknoir|86\/284 tox
|
|-damage|p2a: Dusknoir|52\/284 tox|[from] psn
|upkeep
|turn|27
|choice|move uturn|move shadowsneak
|
|move|p2a: Dusknoir|Shadow Sneak|p1a: Jumpluff
|-damage|p1a: Jumpluff|0 fnt
|-damage|p2a: Dusknoir|24\/284 tox|[from] item: Life Orb
|faint|p1a: Jumpluff
|
|-damage|p2a: Dusknoir|0 fnt|[from] psn
|upkeep
|faint|p2a: Dusknoir
|choice|switch 4|switch 2
|
|switch|p1a: Ninetales|Ninetales, F|287\/287
|switch|p2a: Avalugg|Avalugg, F|260\/386
|-damage|p1a: Ninetales|216\/287|[from] Stealth Rock
|-activate|p1a: Ninetales|move: Sticky Web
|-unboost|p1a: Ninetales|spe|1
|-damage|p2a: Avalugg|164\/386|[from] Stealth Rock
|turn|28
|choice|move fireblast|move rapidspin
|
|move|p1a: Ninetales|Fire Blast|p2a: Avalugg
|-supereffective|p2a: Avalugg
|-damage|p2a: Avalugg|0 fnt
|faint|p2a: Avalugg
|
|upkeep
|choice||switch 4
|
|switch|p2a: Relicanth|Relicanth, M|367\/367
|-damage|p2a: Relicanth|322\/367|[from] Stealth Rock
|turn|29
|choice|move energyball|move waterfall
|
|move|p1a: Ninetales|Energy Ball|p2a: Relicanth
|-supereffective|p2a: Relicanth
|-damage|p2a: Relicanth|0 fnt
|faint|p2a: Relicanth
|
|upkeep
|choice||switch 5
|
|switch|p2a: Ampharos|Ampharos, F|383\/383 slp
|-damage|p2a: Ampharos|336\/383 slp|[from] Stealth Rock
|turn|30
|choice|move fireblast|move protect
|
|cant|p2a: Ampharos|slp
|move|p1a: Ninetales|Fire Blast|p2a: Ampharos
|-damage|p2a: Ampharos|167\/383 slp
|
|-heal|p2a: Ampharos|190\/383 slp|[from] item: Leftovers
|upkeep
|turn|31
|choice|move fireblast|move protect
|
|cant|p2a: Ampharos|slp
|move|p1a: Ninetales|Fire Blast|p2a: Ampharos|[miss]
|-miss|p1a: Ninetales|p2a: Ampharos
|
|-heal|p2a: Ampharos|213\/383 slp|[from] item: Leftovers
|upkeep
|turn|32
|choice|move fireblast|move protect
|
|-curestatus|p2a: Ampharos|slp|[msg]
|move|p2a: Ampharos|Protect|p2a: Ampharos
|-singleturn|p2a: Ampharos|Protect
|move|p1a: Ninetales|Fire Blast|p2a: Ampharos
|-activate|p2a: Ampharos|move: Protect
|
|-heal|p2a: Ampharos|236\/383|[from] item: Leftovers
|upkeep
|turn|33
|choice|move fireblast|move discharge
|
|move|p1a: Ninetales|Fire Blast|p2a: Ampharos
|-damage|p2a: Ampharos|74\/383
|move|p2a: Ampharos|Discharge|p1a: Ninetales
|-damage|p1a: Ninetales|68\/287
|
|-heal|p2a: Ampharos|97\/383|[from] item: Leftovers
|upkeep
|turn|34
|choice|move fireblast|move protect
|
|move|p2a: Ampharos|Protect|p2a: Ampharos
|-singleturn|p2a: Ampharos|Protect
|move|p1a: Ninetales|Fire Blast|p2a: Ampharos
|-activate|p2a: Ampharos|move: Protect
|
|-heal|p2a: Ampharos|120\/383|[from] item: Leftovers
|upkeep
|turn|35
|choice|move fireblast|move discharge
|
|move|p1a: Ninetales|Fire Blast|p2a: Ampharos
|-damage|p2a: Ampharos|0 fnt
|faint|p2a: Ampharos
|
|win|rksat LA
|player|p1
|player|p2
|c|☆rksat LA|gg
|raw|rksat LA's rating: 1065 &rarr; <strong>1108<\/strong><br \/>(+43 for winning)
|raw|colorcodedd's rating: 1228 &rarr; <strong>1192<\/strong><br \/>(-36 for losing)</script>
</div>
<div class="battle-log battle-log-inline"><div class="inner"><div class="battle-options"></div><div class="inner"><div class="chat"><small>rksat LA joined.</small></div><div class="chat"><small>colorcodedd joined.</small></div><div class=""><small>Format:</small> <br><strong>PU</strong></div><div class="rated"><strong>Rated battle</strong></div><div class=""><small><em>Sleep Clause Mod:</em> Limit one foe put to sleep</small></div><div class=""><small><em>Species Clause:</em> Limit one of each Pokémon</small></div><div class=""><small><em>OHKO Clause:</em> OHKO moves are banned</small></div><div class=""><small><em>Moody Clause:</em> Moody is banned</small></div><div class=""><small><em>Evasion Moves Clause:</em> Evasion moves are banned</small></div><div class=""><small><em>Endless Battle Clause:</em> Forcing endless battles is banned</small></div><div class=""><small><em>HP Percentage Mod:</em> HP is shown in percentages</small></div><div class=""><small><em>Swagger Clause:</em> Swagger is banned</small></div><div class=""><small><em>Baton Pass Clause:</em> Limit one Baton Passer, can't pass Spe and other stats simultaneously</small></div><div class="chat battle-history"><strong>rksat LA's team:</strong> <em style="color:#445566;display:block;">Smeargle / Jumpluff / Politoed / Ninetales / Altaria / Purugly</em></div><div class="chat battle-history"><strong>colorcodedd's team:</strong> <em style="color:#445566;display:block;">Relicanth / Ampharos / Avalugg / Smeargle / Unfezant / Dusknoir</em></div><div class="spacer battle-history"><br></div><div class="battle-history">Battle started between rksat LA and colorcodedd!<br></div><div class="spacer battle-history"><br></div><div class="battle-history">Go! <strong>Jumpluff</strong>!<br></div><div class="spacer battle-history"><br></div><div class="battle-history">colorcodedd sent out <strong>Smeargle</strong>!<br></div><div class="spacer battle-history"><br></div><h2 class="battle-history">Turn 1</h2><div class="spacer battle-history"><br></div><div class="battle-history">Jumpluff used <strong>Sleep Powder</strong>!<br></div><div class="battle-history"><small>The opposing Smeargle fell asleep!</small><br></div><div class="spacer battle-history"><br></div><div class="battle-history">The opposing Smeargle is fast asleep.<br></div><div class="spacer battle-history"><br></div><h2 class="battle-history">Turn 2</h2><div class="spacer battle-history"><br></div><div class="battle-history">Jumpluff used <strong>U-turn</strong>!<br></div><div class="battle-history"><small>(The opposing Smeargle lost <abbr title="−72/251">28.7%</abbr> of its health!)</small><br></div><div class="spacer battle-history"><br></div><div class="battle-history">Jumpluff went back to rksat LA!<br></div><div class="battle-history">Go! <strong>Smeargle</strong>!<br></div><div class="spacer battle-history"><br></div><div class="battle-history">The opposing Smeargle is fast asleep.<br></div><div class="spacer battle-history"><br></div><h2 class="battle-history">Turn 3</h2><div class="spacer battle-history"><br></div><div class="battle-history">Smeargle used <strong>Stealth Rock</strong>!<br></div><div class="battle-history"><small>Pointed stones float in the air around the opposing team!</small><br></div><div class="spacer battle-history"><br></div><div class="battle-history">The opposing Smeargle is fast asleep.<br></div><div class="spacer battle-history"><br></div><h2 class="battle-history">Turn 4</h2><div class="spacer battle-history"><br></div><div class="battle-history">Smeargle, come back!<br></div><div class="battle-history">Go! <strong>Jumpluff</strong>!<br></div><div class="battle-history"><small>The opposing Smeargle woke up!</small><br></div><div class="spacer battle-history"><br></div><div class="battle-history">The opposing Smeargle used <strong>Sticky Web</strong>!<br></div><div class="battle-history"><small>A sticky web spreads out on the ground around your team!</small><br></div><div class="spacer battle-history"><br></div><h2 class="battle-history">Turn 5</h2><div class="spacer battle-history"><br></div><div class="battle-history">Jumpluff used <strong>Acrobatics</strong>!<br></div><div class="battle-history"><small>(The opposing Smeargle lost <abbr title="−168/251">66.9%</abbr> of its health!)</small><br></div><div class="spacer battle-history"><br></div><div class="battle-history">The opposing Smeargle used <strong>Stealth Rock</strong>!<br></div><div class="battle-history"><small>Pointed stones float in the air around your team!</small><br></div><div class="spacer battle-history"><br></div><h2 class="battle-history">Turn 6</h2><div class="spacer battle-history"><br></div><div class="battle-history">Jumpluff used <strong>Acrobatics</strong>!<br></div><div class="battle-history"><small>(The opposing Smeargle lost <abbr title="−11/251">4.4%</abbr> of its health!)</small><br></div><div class="spacer battle-history"><br></div><div class="battle-history">The opposing Smeargle fainted!<br></div><div class="spacer battle-history"><br></div><div class="battle-history">colorcodedd sent out <strong>Avalugg</strong>!<br></div><div class="battle-history"><small>Pointed stones dug into the opposing Avalugg!</small><br></div><div class="spacer battle-history"><br></div><h2 class="battle-history">Turn 7</h2><div class="spacer battle-history"><br></div><div class="battle-history">Jumpluff used <strong>Sleep Powder</strong>!<br></div><div class="battle-history"><small>The opposing Avalugg fell asleep!</small><br></div><div class="spacer battle-history"><br></div><div class="battle-history">The opposing Avalugg is fast asleep.<br></div><div class="spacer battle-history"><br></div><h2 class="battle-history">Turn 8</h2><div class="spacer battle-history"><br></div><div class="battle-history">Jumpluff used <strong>U-turn</strong>!<br></div><div class="battle-history"><small>(The opposing Avalugg lost <abbr title="−30/386">7.8%</abbr> of its health!)</small><br></div><div class="battle-history"><small>Jumpluff was hurt by the Rocky Helmet!</small><br></div><div class="spacer battle-history"><br></div><div class="battle-history">Jumpluff went back to rksat LA!<br></div><div class="battle-history">Go! <strong>Politoed</strong>!<br></div><div class="battle-history"><small>Pointed stones dug into Politoed!</small><br></div><div class="battle-history"><small>Politoed was caught in a sticky web!</small><br></div><div class="battle-history"><small>Politoed's Speed fell!</small><br></div><div class="battle-history"><small>The opposing Avalugg woke up!</small><br></div><div class="spacer battle-history"><br></div><div class="battle-history">The opposing Avalugg used <strong>Rapid Spin</strong>!<br></div><div class="battle-history"><small>(Politoed lost <abbr title="−23/371">6.2%</abbr> of its health!)</small><br></div><div class="battle-history"><small>The pointed stones disappeared from around the opposing team!</small><br></div><div class="spacer battle-history"><br></div><div class="battle-history"><small>Politoed restored a little HP using its Leftovers!</small><br></div><div class="spacer battle-history"><br></div><h2 class="battle-history">Turn 9</h2><div class="chat"><small>Hdbsjddn joined.</small></div><div class="spacer battle-history"><br></div><div class="battle-history">colorcodedd withdrew Avalugg!<br></div><div class="battle-history">colorcodedd sent out <strong>Ampharos</strong>!<br></div><div class="spacer battle-history"><br></div><div class="battle-history">Politoed used <strong>Hypnosis</strong>!<br></div><div class="battle-history"><small>The opposing Ampharos avoided the attack!</small><br></div><div class="spacer battle-history"><br></div><div class="battle-history"><small>Politoed restored a little HP using its Leftovers!</small><br></div><div class="spacer battle-history"><br></div><h2 class="battle-history">Turn 10</h2><div class="spacer battle-history"><br></div><div class="battle-history">The opposing Ampharos used <strong>Discharge</strong>!<br></div><div class="battle-history"><small>It's super effective!</small><br></div><div class="battle-history"><small>(Politoed lost <abbr title="−284/371">76.5%</abbr> of its health!)</small><br></div><div class="spacer battle-history"><br></div><div class="battle-history">Politoed used <strong>Hypnosis</strong>!<br></div><div class="battle-history"><small>The opposing Ampharos fell asleep!</small><br></div><div class="spacer battle-history"><br></div><div class="battle-history"><small>Politoed restored a little HP using its Leftovers!</small><br></div><div class="spacer battle-history"><br></div><h2 class="battle-history">Turn 11</h2><div class="spacer battle-history"><br></div><div class="battle-history">Politoed, come back!<br></div><div class="battle-history">Go! <strong>Smeargle</strong>!<br></div><div class="battle-history"><small>Smeargle was caught in a sticky web!</small><br></div><div class="battle-history"><small>Smeargle's Speed fell!</small><br></div><div class="battle-history"><small>Pointed stones dug into Smeargle!</small><br></div><div class="spacer battle-history"><br></div><div class="battle-history">The opposing Ampharos is fast asleep.<br></div><div class="spacer battle-history"><br></div><h2 class="battle-history">Turn 12</h2><div class="spacer battle-history"><br></div><div class="battle-history">colorcodedd withdrew Ampharos!<br></div><div class="battle-history">colorcodedd sent out <strong>Unfezant</strong>!<br></div><div class="spacer battle-history"><br></div><div class="battle-history">Smeargle used <strong>Stealth Rock</strong>!<br></div><div class="battle-history"><small>Pointed stones float in the air around the opposing team!</small><br></div><div class="spacer battle-history"><br></div><h2 class="battle-history">Turn 13</h2><div class="spacer battle-history"><br></div><div class="battle-history">The opposing Unfezant used <strong>Night Slash</strong>!<br></div><div class="battle-history"><small>A critical hit!</small><br></div><div class="battle-history"><small>(Smeargle lost <abbr title="−220/251">87.6%</abbr> of its health!)</small><br></div><div class="spacer battle-history"><br></div><div class="battle-history">Smeargle fainted!<br></div><div class="spacer battle-history"><br></div><div class="battle-history">Go! <strong>Altaria</strong>!<br></div><div class="battle-history"><small>Pointed stones dug into Altaria!</small><br></div><div class="spacer battle-history"><br></div><h2 class="battle-history">Turn 14</h2><div class="spacer battle-history"><br></div><div class="battle-history">The opposing Unfezant used <strong>Toxic</strong>!<br></div><div class="battle-history"><small>Altaria was badly poisoned!</small><br></div><div class="spacer battle-history"><br></div><div class="battle-history">Altaria used <strong>Roost</strong>!<br></div><div class="battle-history"><small>Altaria restored its HP.</small><br></div><div class="spacer battle-history"><br></div><div class="battle-history"><small>Altaria was hurt by poison!</small><br></div><div class="spacer battle-history"><br></div><h2 class="battle-history">Turn 15</h2><div class="spacer battle-history"><br></div><div class="battle-history">The opposing Unfezant used <strong>Night Slash</strong>!<br></div><div class="battle-history"><small>A critical hit!</small><br></div><div class="battle-history"><small>(Altaria lost <abbr title="−102/353">28.9%</abbr> of its health!)</small><br></div><div class="spacer battle-history"><br></div><div class="battle-history">Altaria used <strong>Toxic</strong>!<br></div><div class="battle-history"><small>The opposing Unfezant was badly poisoned!</small><br></div><div class="spacer battle-history"><br></div><div class="battle-history"><small>Altaria restored a little HP using its Leftovers!</small><br></div><div class="battle-history"><small>The opposing Unfezant was hurt by poison!</small><br></div><div class="battle-history"><small>Altaria was hurt by poison!</small><br></div><div class="spacer battle-history"><br></div><h2 class="battle-history">Turn 16</h2><div class="spacer battle-history"><br></div><div class="battle-history">The opposing Unfezant used <strong>Night Slash</strong>!<br></div><div class="battle-history"><small>A critical hit!</small><br></div><div class="battle-history"><small>(Altaria lost <abbr title="−97/353">27.5%</abbr> of its health!)</small><br></div><div class="spacer battle-history"><br></div><div class="battle-history">Altaria used <strong>Roost</strong>!<br></div><div class="battle-history"><small>Altaria restored its HP.</small><br></div><div class="spacer battle-history"><br></div><div class="battle-history"><small>Altaria restored a little HP using its Leftovers!</small><br></div><div class="battle-history"><small>The opposing Unfezant was hurt by poison!</small><br></div><div class="battle-history"><small>Altaria was hurt by poison!</small><br></div><div class="spacer battle-history"><br></div><h2 class="battle-history">Turn 17</h2><div class="spacer battle-history"><br></div><div class="battle-history"><small>(Altaria is cured by its Natural Cure!)</small><br></div><div class="battle-history">Altaria, come back!<br></div><div class="battle-history">Go! <strong>Politoed</strong>!<br></div><div class="battle-history"><small>Pointed stones dug into Politoed!</small><br></div><div class="battle-history"><small>Politoed was caught in a sticky web!</small><br></div><div class="battle-history"><small>Politoed's Speed fell!</small><br></div><div class="spacer battle-history"><br></div><div class="battle-history">The opposing Unfezant used <strong>Night Slash</strong>!<br></div><div class="battle-history"><small>A critical hit!</small><br></div><div class="battle-history"><small>(Politoed lost <abbr title="−41/371">11.1%</abbr> of its health!)</small><br></div><div class="spacer battle-history"><br></div><div class="battle-history">Politoed fainted!<br></div><div class="spacer battle-history"><br></div><div class="battle-history"><small>The opposing Unfezant was hurt by poison!</small><br></div><div class="spacer battle-history"><br></div><div class="battle-history">Go! <strong>Altaria</strong>!<br></div><div class="battle-history"><small>Pointed stones dug into Altaria!</small><br></div><div class="spacer battle-history"><br></div><h2 class="battle-history">Turn 18</h2><div class="spacer battle-history"><br></div><div class="battle-history">The opposing Unfezant used <strong>Toxic</strong>!<br></div><div class="battle-history"><small>Altaria was badly poisoned!</small><br></div><div class="spacer battle-history"><br></div><div class="battle-history">Altaria used <strong>Roost</strong>!<br></div><div class="battle-history"><small>Altaria restored its HP.</small><br></div><div class="spacer battle-history"><br></div><div class="battle-history"><small>Altaria restored a little HP using its Leftovers!</small><br></div><div class="battle-history"><small>The opposing Unfezant was hurt by poison!</small><br></div><div class="battle-history"><small>Altaria was hurt by poison!</small><br></div><div class="spacer battle-history"><br></div><h2 class="battle-history">Turn 19</h2><div class="spacer battle-history"><br></div><div class="battle-history">The opposing Unfezant used <strong>Roost</strong>!<br></div><div class="battle-history"><small>The opposing Unfezant restored its HP.</small><br></div><div class="spacer battle-history"><br></div><div class="battle-history">Altaria used <strong>Flamethrower</strong>!<br></div><div class="battle-history"><small>(The opposing Unfezant lost <abbr title="−80/302">26.5%</abbr> of its health!)</small><br></div><div class="spacer battle-history"><br></div><div class="battle-history"><small>Altaria restored a little HP using its Leftovers!</small><br></div><div class="battle-history"><small>The opposing Unfezant was hurt by poison!</small><br></div><div class="battle-history"><small>Altaria was hurt by poison!</small><br></div><div class="spacer battle-history"><br></div><h2 class="battle-history">Turn 20</h2><div class="spacer battle-history"><br></div><div class="battle-history">The opposing Unfezant used <strong>Roost</strong>!<br></div><div class="battle-history"><small>The opposing Unfezant restored its HP.</small><br></div><div class="spacer battle-history"><br></div><div class="battle-history">Altaria used <strong>Flamethrower</strong>!<br></div><div class="battle-history"><small>(The opposing Unfezant lost <abbr title="−89/302">29.5%</abbr> of its health!)</small><br></div><div class="spacer battle-history"><br></div><div class="battle-history"><small>Altaria restored a little HP using its Leftovers!</small><br></div><div class="battle-history"><small>The opposing Unfezant was hurt by poison!</small><br></div><div class="battle-history"><small>Altaria was hurt by poison!</small><br></div><div class="spacer battle-history"><br></div><h2 class="battle-history">Turn 21</h2><div class="spacer battle-history"><br></div><div class="battle-history">The opposing Unfezant used <strong>Roost</strong>!<br></div><div class="battle-history"><small>The opposing Unfezant restored its HP.</small><br></div><div class="spacer battle-history"><br></div><div class="battle-history">Altaria used <strong>Roost</strong>!<br></div><div class="battle-history"><small>Altaria restored its HP.</small><br></div><div class="spacer battle-history"><br></div><div class="battle-history"><small>The opposing Unfezant was hurt by poison!</small><br></div><div class="battle-history"><small>Altaria was hurt by poison!</small><br></div><div class="spacer battle-history"><br></div><h2 class="battle-history">Turn 22</h2><div class="spacer battle-history"><br></div><div class="battle-history">The opposing Unfezant used <strong>Roost</strong>!<br></div><div class="battle-history"><small>The opposing Unfezant restored its HP.</small><br></div><div class="spacer battle-history"><br></div><div class="battle-history">Altaria used <strong>Roost</strong>!<br></div><div class="battle-history"><small>Altaria restored its HP.</small><br></div><div class="spacer battle-history"><br></div><div class="battle-history"><small>The opposing Unfezant was hurt by poison!</small><br></div><div class="battle-history"><small>Altaria was hurt by poison!</small><br></div><div class="spacer battle-history"><br></div><h2 class="battle-history">Turn 23</h2><div class="spacer battle-history"><br></div><div class="battle-history">The opposing Unfezant used <strong>Roost</strong>!<br></div><div class="battle-history"><small>The opposing Unfezant restored its HP.</small><br></div><div class="spacer battle-history"><br></div><div class="battle-history">Altaria used <strong>Roost</strong>!<br></div><div class="battle-history"><small>Altaria restored its HP.</small><br></div><div class="spacer battle-history"><br></div><div class="battle-history"><small>The opposing Unfezant was hurt by poison!</small><br></div><div class="battle-history"><small>Altaria was hurt by poison!</small><br></div><div class="spacer battle-history"><br></div><h2 class="battle-history">Turn 24</h2><div class="spacer battle-history"><br></div><div class="battle-history">The opposing Unfezant used <strong>Roost</strong>!<br></div><div class="battle-history"><small>The opposing Unfezant restored its HP.</small><br></div><div class="spacer battle-history"><br></div><div class="battle-history">Altaria used <strong>Flamethrower</strong>!<br></div><div class="battle-history"><small>(The opposing Unfezant lost <abbr title="−91/302">30.1%</abbr> of its health!)</small><br></div><div class="spacer battle-history"><br></div><div class="battle-history"><small>Altaria restored a little HP using its Leftovers!</small><br></div><div class="battle-history"><small>The opposing Unfezant was hurt by poison!</small><br></div><div class="battle-history"><small>Altaria was hurt by poison!</small><br></div><div class="spacer battle-history"><br></div><div class="battle-history">The opposing Unfezant fainted!<br></div><div class="spacer battle-history"><br></div><div class="battle-history">colorcodedd sent out <strong>Dusknoir</strong>!<br></div><div class="battle-history"><small>Pointed stones dug into the opposing Dusknoir!</small><br></div><div class="battle-history"><small>[The opposing Dusknoir's Pressure]</small><br><small>The opposing Dusknoir is exerting its pressure!</small><br></div><div class="spacer battle-history"><br></div><h2 class="battle-history">Turn 25</h2><div class="spacer battle-history"><br></div><div class="battle-history">The opposing Dusknoir used <strong>Shadow Sneak</strong>!<br></div><div class="battle-history"><small>(Altaria lost <abbr title="−74/353">21.0%</abbr> of its health!)</small><br></div><div class="battle-history"><small>The opposing Dusknoir lost some of its HP!</small><br></div><div class="spacer battle-history"><br></div><div class="battle-history">Altaria used <strong>Toxic</strong>!<br></div><div class="battle-history"><small>The opposing Dusknoir was badly poisoned!</small><br></div><div class="spacer battle-history"><br></div><div class="battle-history"><small>Altaria restored a little HP using its Leftovers!</small><br></div><div class="battle-history"><small>Altaria was hurt by poison!</small><br></div><div class="battle-history"><small>The opposing Dusknoir was hurt by poison!</small><br></div><div class="spacer battle-history"><br></div><div class="battle-history">Altaria fainted!<br></div><div class="spacer battle-history"><br></div><div class="battle-history">Go! <strong>Jumpluff</strong>!<br></div><div class="battle-history"><small>Pointed stones dug into Jumpluff!</small><br></div><div class="spacer battle-history"><br></div><h2 class="battle-history">Turn 26</h2><div class="spacer battle-history"><br></div><div class="battle-history">The opposing Dusknoir used <strong>Sucker Punch</strong>!<br></div><div class="battle-history"><small>(Jumpluff lost <abbr title="−153/291">52.6%</abbr> of its health!)</small><br></div><div class="battle-history"><small>The opposing Dusknoir lost some of its HP!</small><br></div><div class="spacer battle-history"><br></div><div class="battle-history">Jumpluff used <strong>Acrobatics</strong>!<br></div><div class="battle-history"><small>(The opposing Dusknoir lost <abbr title="−90/284">31.7%</abbr> of its health!)</small><br></div><div class="spacer battle-history"><br></div><div class="battle-history"><small>The opposing Dusknoir was hurt by poison!</small><br></div><div class="spacer battle-history"><br></div><h2 class="battle-history">Turn 27</h2><div class="spacer battle-history"><br></div><div class="battle-history">The opposing Dusknoir used <strong>Shadow Sneak</strong>!<br></div><div class="battle-history"><small>(Jumpluff lost <abbr title="−18/291">6.2%</abbr> of its health!)</small><br></div><div class="battle-history"><small>The opposing Dusknoir lost some of its HP!</small><br></div><div class="spacer battle-history"><br></div><div class="battle-history">Jumpluff fainted!<br></div><div class="spacer battle-history"><br></div><div class="battle-history"><small>The opposing Dusknoir was hurt by poison!</small><br></div><div class="spacer battle-history"><br></div><div class="battle-history">The opposing Dusknoir fainted!<br></div><div class="spacer battle-history"><br></div><div class="battle-history">Go! <strong>Ninetales</strong>!<br></div><div class="spacer battle-history"><br></div><div class="battle-history">colorcodedd sent out <strong>Avalugg</strong>!<br></div><div class="battle-history"><small>Pointed stones dug into Ninetales!</small><br></div><div class="battle-history"><small>Ninetales was caught in a sticky web!</small><br></div><div class="battle-history"><small>Ninetales's Speed fell!</small><br></div><div class="battle-history"><small>Pointed stones dug into the opposing Avalugg!</small><br></div><div class="spacer battle-history"><br></div><h2 class="battle-history">Turn 28</h2><div class="spacer battle-history"><br></div><div class="battle-history">Ninetales used <strong>Fire Blast</strong>!<br></div><div class="battle-history"><small>It's super effective!</small><br></div><div class="battle-history"><small>(The opposing Avalugg lost <abbr title="−164/386">42.5%</abbr> of its health!)</small><br></div><div class="spacer battle-history"><br></div><div class="battle-history">The opposing Avalugg fainted!<br></div><div class="spacer battle-history"><br></div><div class="battle-history">colorcodedd sent out <strong>Relicanth</strong>!<br></div><div class="battle-history"><small>Pointed stones dug into the opposing Relicanth!</small><br></div><div class="spacer battle-history"><br></div><h2 class="battle-history">Turn 29</h2><div class="spacer battle-history"><br></div><div class="battle-history">Ninetales used <strong>Energy Ball</strong>!<br></div><div class="battle-history"><small>It's super effective!</small><br></div><div class="battle-history"><small>(The opposing Relicanth lost <abbr title="−322/367">87.7%</abbr> of its health!)</small><br></div><div class="spacer battle-history"><br></div><div class="battle-history">The opposing Relicanth fainted!<br></div><div class="spacer battle-history"><br></div><div class="battle-history">colorcodedd sent out <strong>Ampharos</strong>!<br></div><div class="battle-history"><small>Pointed stones dug into the opposing Ampharos!</small><br></div><div class="spacer battle-history"><br></div><h2 class="battle-history">Turn 30</h2><div class="spacer battle-history"><br></div><div class="battle-history">The opposing Ampharos is fast asleep.<br></div><div class="spacer battle-history"><br></div><div class="battle-history">Ninetales used <strong>Fire Blast</strong>!<br></div><div class="battle-history"><small>(The opposing Ampharos lost <abbr title="−169/383">44.1%</abbr> of its health!)</small><br></div><div class="spacer battle-history"><br></div><div class="battle-history"><small>The opposing Ampharos restored a little HP using its Leftovers!</small><br></div><div class="spacer battle-history"><br></div><h2 class="battle-history">Turn 31</h2><div class="spacer battle-history"><br></div><div class="battle-history">The opposing Ampharos is fast asleep.<br></div><div class="spacer battle-history"><br></div><div class="battle-history">Ninetales used <strong>Fire Blast</strong>!<br></div><div class="battle-history"><small>The opposing Ampharos avoided the attack!</small><br></div><div class="spacer battle-history"><br></div><div class="battle-history"><small>The opposing Ampharos restored a little HP using its Leftovers!</small><br></div><div class="spacer battle-history"><br></div><h2 class="battle-history">Turn 32</h2><div class="spacer battle-history"><br></div><div class="battle-history"><small>The opposing Ampharos woke up!</small><br></div><div class="spacer battle-history"><br></div><div class="battle-history">The opposing Ampharos used <strong>Protect</strong>!<br></div><div class="battle-history"><small>The opposing Ampharos protected itself!</small><br></div><div class="spacer battle-history"><br></div><div class="battle-history">Ninetales used <strong>Fire Blast</strong>!<br></div><div class="battle-history"><small>The opposing Ampharos protected itself!</small><br></div><div class="spacer battle-history"><br></div><div class="battle-history"><small>The opposing Ampharos restored a little HP using its Leftovers!</small><br></div><div class="spacer battle-history"><br></div><h2 class="battle-history">Turn 33</h2><div class="spacer battle-history"><br></div><div class="battle-history">Ninetales used <strong>Fire Blast</strong>!<br></div><div class="battle-history"><small>(The opposing Ampharos lost <abbr title="−162/383">42.3%</abbr> of its health!)</small><br></div><div class="spacer battle-history"><br></div><div class="battle-history">The opposing Ampharos used <strong>Discharge</strong>!<br></div><div class="battle-history"><small>(Ninetales lost <abbr title="−148/287">51.6%</abbr> of its health!)</small><br></div><div class="spacer battle-history"><br></div><div class="battle-history"><small>The opposing Ampharos restored a little HP using its Leftovers!</small><br></div><div class="spacer battle-history"><br></div><h2 class="battle-history">Turn 34</h2><div class="spacer battle-history"><br></div><div class="battle-history">The opposing Ampharos used <strong>Protect</strong>!<br></div><div class="battle-history"><small>The opposing Ampharos protected itself!</small><br></div><div class="spacer battle-history"><br></div><div class="battle-history">Ninetales used <strong>Fire Blast</strong>!<br></div><div class="battle-history"><small>The opposing Ampharos protected itself!</small><br></div><div class="spacer battle-history"><br></div><div class="battle-history"><small>The opposing Ampharos restored a little HP using its Leftovers!</small><br></div><div class="spacer battle-history"><br></div><h2 class="battle-history">Turn 35</h2><div class="spacer battle-history"><br></div><div class="battle-history">Ninetales used <strong>Fire Blast</strong>!<br></div><div class="battle-history"><small>(The opposing Ampharos lost <abbr title="−120/383">31.3%</abbr> of its health!)</small><br></div><div class="spacer battle-history"><br></div><div class="battle-history">The opposing Ampharos fainted!<br></div><div class="spacer battle-history"><br></div><div class="battle-history"><strong>rksat LA</strong> won the battle!<br></div><div class="chat chatmessage-rksatla"><strong style="color:hsl(107,63%,40.60880566837541%)"><small>☆</small><span class="username" data-name="rksat LA">rksat LA</span>:</strong> <em>gg</em></div><div class="chat">rksat LA's rating: 1065 → <strong>1108</strong><br>(+43 for winning)</div><div class="chat">colorcodedd's rating: 1228 → <strong>1192</strong><br>(-36 for losing)</div></div><div class="inner-preempt"></div></div></div>
</div>
<script>
let daily = Math.floor(Date.now()/1000/60/60/24);document.write('<script src="https://play.pokemonshowdown.com/js/replay-embed.js?version'+daily+'"></'+'script>');
</script>
