<!DOCTYPE html>
<meta charset="utf-8" />
<!-- version 1 -->
<title>PU replay: Mpiaty vs. 275p</title>
<style>
html,body {font-family:Verdana, sans-serif;font-size:10pt;margin:0;padding:0;}body{padding:12px 0;} .battle-log {font-family:Verdana, sans-serif;font-size:10pt;} .battle-log-inline {border:1px solid #AAAAAA;background:#EEF2F5;color:black;max-width:640px;margin:0 auto 80px;padding-bottom:5px;} .battle-log .inner {padding:4px 8px 0px 8px;} .battle-log .inner-preempt {padding:0 8px 4px 8px;} .battle-log .inner-after {margin-top:0.5em;} .battle-log h2 {margin:0.5em -8px;padding:4px 8px;border:1px solid #AAAAAA;background:#E0E7EA;border-left:0;border-right:0;font-family:Verdana, sans-serif;font-size:13pt;} .battle-log .chat {vertical-align:middle;padding:3px 0 3px 0;font-size:8pt;} .battle-log .chat strong {color:#40576A;} .battle-log .chat em {padding:1px 4px 1px 3px;color:#000000;font-style:normal;} .chat.mine {background:rgba(0,0,0,0.05);margin-left:-8px;margin-right:-8px;padding-left:8px;padding-right:8px;} .spoiler {color:#BBBBBB;background:#BBBBBB;padding:0px 3px;} .spoiler:hover, .spoiler:active, .spoiler-shown {color:#000000;background:#E2E2E2;padding:0px 3px;} .spoiler a {color:#BBBBBB;} .spoiler:hover a, .spoiler:active a, .spoiler-shown a {color:#2288CC;} .chat code, .chat .spoiler:hover code, .chat .spoiler:active code, .chat .spoiler-shown code {border:1px solid #C0C0C0;background:#EEEEEE;color:black;padding:0 2px;} .chat .spoiler code {border:1px solid #CCCCCC;background:#CCCCCC;color:#CCCCCC;} .battle-log .rated {padding:3px 4px;} .battle-log .rated strong {color:white;background:#89A;padding:1px 4px;border-radius:4px;} .spacer {margin-top:0.5em;} .message-announce {background:#6688AA;color:white;padding:1px 4px 2px;} .message-announce a, .broadcast-green a, .broadcast-blue a, .broadcast-red a {color:#DDEEFF;} .broadcast-green {background-color:#559955;color:white;padding:2px 4px;} .broadcast-blue {background-color:#6688AA;color:white;padding:2px 4px;} .infobox {border:1px solid #6688AA;padding:2px 4px;} .infobox-limited {max-height:200px;overflow:auto;overflow-x:hidden;} .broadcast-red {background-color:#AA5544;color:white;padding:2px 4px;} .message-learn-canlearn {font-weight:bold;color:#228822;text-decoration:underline;} .message-learn-cannotlearn {font-weight:bold;color:#CC2222;text-decoration:underline;} .message-effect-weak {font-weight:bold;color:#CC2222;} .message-effect-resist {font-weight:bold;color:#6688AA;} .message-effect-immune {font-weight:bold;color:#666666;} .message-learn-list {margin-top:0;margin-bottom:0;} .message-throttle-notice, .message-error {color:#992222;} .message-overflow, .chat small.message-overflow {font-size:0pt;} .message-overflow::before {font-size:9pt;content:'...';} .subtle {color:#3A4A66;}
</style>
<div class="wrapper replay-wrapper" style="max-width:1180px;margin:0 auto">
<input type="hidden" name="replayid" value="pu-581563195" />
<div class="battle"></div><div class="battle-log"></div><div class="replay-controls"></div><div class="replay-controls-2"></div>
<h1 style="font-weight:normal;text-align:center"><strong>PU</strong><br /><a href="http://pokemonshowdown.com/users/mpiaty" class="subtle" target="_blank">Mpiaty</a> vs. <a href="http://pokemonshowdown.com/users/275p" class="subtle" target="_blank">275p</a></h1>
<script type="text/plain" class="battle-log-data">|j|Mpiaty
|j|275p
|player|p1|Mpiaty|266
|teamsize|p1|6
|player|p2|275p|69
|teamsize|p2|6
|gametype|singles
|gen|6
|tier|PU
|seed|15989,41129,61603,13788
|rule|Sleep Clause Mod: Limit one foe put to sleep
|rule|Species Clause: Limit one of each Pokémon
|rule|OHKO Clause: OHKO moves are banned
|rule|Moody Clause: Moody is banned
|rule|Evasion Moves Clause: Evasion moves are banned
|rule|Endless Battle Clause: Forcing endless battles is banned
|rule|HP Percentage Mod: HP is shown in percentages
|clearpoke
|poke|p1|Ampharos, M|item
|poke|p1|Gorebyss, M|item
|poke|p1|Beartic, F|item
|poke|p1|Ariados, F|item
|poke|p1|Beheeyem, M|item
|poke|p1|Armaldo, M|item
|poke|p2|Whiscash, F|item
|poke|p2|Lampent, F|item
|poke|p2|Leavanny, F|item
|poke|p2|Meowstic, M|item
|poke|p2|Armaldo, F|item
|poke|p2|Swalot, M, shiny|item
|rule|Swagger Clause: Swagger is banned
|rule|Baton Pass Clause: Limit one Baton Passer, can't pass Spe and other stats simultaneously
|teampreview
|choice|team 4, team 2, team 3, team 1, team 5, team 6|team 4, team 2, team 3, team 1, team 5, team 6
|
|start
|switch|p1a: Ariados|Ariados, F|281\/281
|switch|p2a: Meowstic|Meowstic, M|289\/289
|turn|1
|choice|move stickyweb|move psychic
|
|move|p2a: Meowstic|Psychic|p1a: Ariados
|-supereffective|p1a: Ariados
|-damage|p1a: Ariados|0 fnt
|faint|p1a: Ariados
|
|upkeep
|choice|switch 5|
|
|switch|p1a: Beheeyem|Beheeyem, M|354\/354
|turn|2
|choice|move shadowball|move lightscreen
|
|move|p2a: Meowstic|Light Screen|p2a: Meowstic
|-sidestart|p2: 275p|move: Light Screen
|move|p1a: Beheeyem|Shadow Ball|p2a: Meowstic
|-supereffective|p2a: Meowstic
|-damage|p2a: Meowstic|52\/289
|
|upkeep
|turn|3
|choice|move shadowball|switch 3
|
|switch|p2a: Leavanny|Leavanny, F|291\/291
|move|p1a: Beheeyem|Shadow Ball|p2a: Leavanny
|-damage|p2a: Leavanny|180\/291
|
|upkeep
|turn|4
|choice|switch 6|move xscissor
|
|switch|p1a: Armaldo|Armaldo, M|291\/291
|move|p2a: Leavanny|X-Scissor|p1a: Armaldo
|-damage|p1a: Armaldo|161\/291
|
|upkeep
|turn|5
|inactive|Battle timer is ON: inactive players will automatically lose when time's up. (requested by 275p)
|choice|move stealthrock|switch 4
|
|switch|p2a: Whiscash|Whiscash, F|361\/361
|move|p1a: Armaldo|Stealth Rock|p2a: Whiscash
|-sidestart|p2: 275p|move: Stealth Rock
|
|upkeep
|turn|6
|choice|switch 6|move waterfall
|
|switch|p1a: Beheeyem|Beheeyem, M|354\/354
|move|p2a: Whiscash|Waterfall|p1a: Beheeyem
|-damage|p1a: Beheeyem|159\/354
|-damage|p2a: Whiscash|325\/361|[from] item: Life Orb
|
|upkeep
|turn|7
|choice|move energyball|switch 5
|
|switch|p2a: Armaldo|Armaldo, F|354\/354
|-damage|p2a: Armaldo|266\/354|[from] stealthrock
|move|p1a: Beheeyem|Energy Ball|p2a: Armaldo
|-damage|p2a: Armaldo|137\/354
|
|upkeep
|turn|8
|choice|move energyball|move xscissor
|
|move|p2a: Armaldo|X-Scissor|p1a: Beheeyem
|-supereffective|p1a: Beheeyem
|-crit|p1a: Beheeyem
|-damage|p1a: Beheeyem|0 fnt
|faint|p1a: Beheeyem
|
|upkeep
|choice|switch 4|
|
|switch|p1a: Ampharos|Ampharos, M|383\/383
|turn|9
|choice|move focusblast|move stealthrock
|
|move|p1a: Ampharos|Focus Blast|p2a: Armaldo
|-damage|p2a: Armaldo|11\/354
|move|p2a: Armaldo|Stealth Rock|p1a: Ampharos
|-sidestart|p1: Mpiaty|move: Stealth Rock
|
|-sideend|p2: 275p|move: Light Screen
|upkeep
|turn|10
|choice|move focusblast|move rapidspin
|
|move|p1a: Ampharos|Focus Blast|p2a: Armaldo
|-damage|p2a: Armaldo|0 fnt
|faint|p2a: Armaldo
|
|upkeep
|choice||switch 5
|
|switch|p2a: Whiscash|Whiscash, F|325\/361
|-damage|p2a: Whiscash|303\/361|[from] stealthrock
|turn|11
|choice|switch 6|move dragondance
|
|switch|p1a: Armaldo|Armaldo, M|161\/291
|-damage|p1a: Armaldo|89\/291|[from] stealthrock
|move|p2a: Whiscash|Dragon Dance|p2a: Whiscash
|-boost|p2a: Whiscash|atk|1
|-boost|p2a: Whiscash|spe|1
|
|upkeep
|turn|12
|choice|move xscissor|move waterfall
|
|move|p2a: Whiscash|Waterfall|p1a: Armaldo
|-supereffective|p1a: Armaldo
|-damage|p1a: Armaldo|0 fnt
|-damage|p2a: Whiscash|267\/361|[from] item: Life Orb
|faint|p1a: Armaldo
|
|upkeep
|choice|switch 3|
|
|switch|p1a: Beartic|Beartic, F|394\/394
|-damage|p1a: Beartic|296\/394|[from] stealthrock
|turn|13
|choice|move iciclecrash|move rockslide
|
|move|p2a: Whiscash|Rock Slide|p1a: Beartic
|-supereffective|p1a: Beartic
|-damage|p1a: Beartic|0 fnt
|-damage|p2a: Whiscash|231\/361|[from] item: Life Orb
|faint|p1a: Beartic
|
|upkeep
|choice|switch 6|
|
|switch|p1a: Ampharos|Ampharos, M|383\/383
|-damage|p1a: Ampharos|336\/383|[from] stealthrock
|turn|14
|choice|move thunderwave|move earthquake
|
|move|p2a: Whiscash|Earthquake|p1a: Ampharos
|-supereffective|p1a: Ampharos
|-damage|p1a: Ampharos|0 fnt
|-damage|p2a: Whiscash|195\/361|[from] item: Life Orb
|faint|p1a: Ampharos
|
|upkeep
|choice|switch 2|
|
|switch|p1a: Gorebyss|Gorebyss, M|251\/251
|-damage|p1a: Gorebyss|220\/251|[from] stealthrock
|turn|15
|choice|move shellsmash|move earthquake
|
|move|p2a: Whiscash|Earthquake|p1a: Gorebyss
|-damage|p1a: Gorebyss|0 fnt
|-damage|p2a: Whiscash|159\/361|[from] item: Life Orb
|faint|p1a: Gorebyss
|
|win|275p
|c|☆275p|gg
|l|Mpiaty
|l|275p
|j|275p</script>
</div>
<div class="battle-log battle-log-inline"><div class="inner"><div class="battle-options"></div><div class="inner"><div class="chat"><small>Mpiaty joined.</small></div><div class="chat"><small>275p joined.</small></div><div class=""><small>Format:</small> <br><strong>PU</strong></div><div class=""><small><em>Sleep Clause Mod:</em> Limit one foe put to sleep</small></div><div class=""><small><em>Species Clause:</em> Limit one of each Pokémon</small></div><div class=""><small><em>OHKO Clause:</em> OHKO moves are banned</small></div><div class=""><small><em>Moody Clause:</em> Moody is banned</small></div><div class=""><small><em>Evasion Moves Clause:</em> Evasion moves are banned</small></div><div class=""><small><em>Endless Battle Clause:</em> Forcing endless battles is banned</small></div><div class=""><small><em>HP Percentage Mod:</em> HP is shown in percentages</small></div><div class=""><small><em>Swagger Clause:</em> Swagger is banned</small></div><div class=""><small><em>Baton Pass Clause:</em> Limit one Baton Passer, can't pass Spe and other stats simultaneously</small></div><div class="chat battle-history"><strong>Mpiaty's team:</strong> <em style="color:#445566;display:block;">Ampharos / Gorebyss / Beartic / Ariados / Beheeyem / Armaldo</em></div><div class="chat battle-history"><strong>275p's team:</strong> <em style="color:#445566;display:block;">Whiscash / Lampent / Leavanny / Meowstic / Armaldo / Swalot</em></div><div class="spacer battle-history"><br></div><div class="battle-history">Battle started between Mpiaty and 275p!<br></div><div class="spacer battle-history"><br></div><div class="battle-history">Go! <strong>Ariados</strong>!<br></div><div class="spacer battle-history"><br></div><div class="battle-history">275p sent out <strong>Meowstic</strong>!<br></div><div class="spacer battle-history"><br></div><h2 class="battle-history">Turn 1</h2><div class="spacer battle-history"><br></div><div class="battle-history">The opposing Meowstic used <strong>Psychic</strong>!<br></div><div class="battle-history"><small>It's super effective!</small><br></div><div class="battle-history"><small>(Ariados lost <abbr title="−281/281">100%</abbr> of its health!)</small><br></div><div class="spacer battle-history"><br></div><div class="battle-history">Ariados fainted!<br></div><div class="spacer battle-history"><br></div><div class="battle-history">Go! <strong>Beheeyem</strong>!<br></div><div class="spacer battle-history"><br></div><h2 class="battle-history">Turn 2</h2><div class="spacer battle-history"><br></div><div class="battle-history">The opposing Meowstic used <strong>Light Screen</strong>!<br></div><div class="battle-history"><small>Light Screen made the opposing team stronger against special moves!</small><br></div><div class="spacer battle-history"><br></div><div class="battle-history">Beheeyem used <strong>Shadow Ball</strong>!<br></div><div class="battle-history"><small>It's super effective!</small><br></div><div class="battle-history"><small>(The opposing Meowstic lost <abbr title="−237/289">82.0%</abbr> of its health!)</small><br></div><div class="spacer battle-history"><br></div><h2 class="battle-history">Turn 3</h2><div class="spacer battle-history"><br></div><div class="battle-history">275p withdrew Meowstic!<br></div><div class="battle-history">275p sent out <strong>Leavanny</strong>!<br></div><div class="spacer battle-history"><br></div><div class="battle-history">Beheeyem used <strong>Shadow Ball</strong>!<br></div><div class="battle-history"><small>(The opposing Leavanny lost <abbr title="−111/291">38.1%</abbr> of its health!)</small><br></div><div class="spacer battle-history"><br></div><h2 class="battle-history">Turn 4</h2><div class="spacer battle-history"><br></div><div class="battle-history">Beheeyem, come back!<br></div><div class="battle-history">Go! <strong>Armaldo</strong>!<br></div><div class="spacer battle-history"><br></div><div class="battle-history">The opposing Leavanny used <strong>X-Scissor</strong>!<br></div><div class="battle-history"><small>(Armaldo lost <abbr title="−130/291">44.7%</abbr> of its health!)</small><br></div><div class="spacer battle-history"><br></div><h2 class="battle-history">Turn 5</h2><div class="chat message-error">Battle timer is ON: inactive players will automatically lose when time's up. (requested by 275p)</div><div class="spacer battle-history"><br></div><div class="battle-history">275p withdrew Leavanny!<br></div><div class="battle-history">275p sent out <strong>Whiscash</strong>!<br></div><div class="spacer battle-history"><br></div><div class="battle-history">Armaldo used <strong>Stealth Rock</strong>!<br></div><div class="battle-history"><small>Pointed stones float in the air around the opposing team!</small><br></div><div class="spacer battle-history"><br></div><h2 class="battle-history">Turn 6</h2><div class="spacer battle-history"><br></div><div class="battle-history">Armaldo, come back!<br></div><div class="battle-history">Go! <strong>Beheeyem</strong>!<br></div><div class="spacer battle-history"><br></div><div class="battle-history">The opposing Whiscash used <strong>Waterfall</strong>!<br></div><div class="battle-history"><small>(Beheeyem lost <abbr title="−195/354">55.1%</abbr> of its health!)</small><br></div><div class="battle-history"><small>The opposing Whiscash lost some of its HP!</small><br></div><div class="spacer battle-history"><br></div><h2 class="battle-history">Turn 7</h2><div class="spacer battle-history"><br></div><div class="battle-history">275p withdrew Whiscash!<br></div><div class="battle-history">275p sent out <strong>Armaldo</strong>!<br></div><div class="battle-history"><small>Pointed stones dug into the opposing Armaldo!</small><br></div><div class="spacer battle-history"><br></div><div class="battle-history">Beheeyem used <strong>Energy Ball</strong>!<br></div><div class="battle-history"><small>(The opposing Armaldo lost <abbr title="−129/354">36.4%</abbr> of its health!)</small><br></div><div class="spacer battle-history"><br></div><h2 class="battle-history">Turn 8</h2><div class="spacer battle-history"><br></div><div class="battle-history">The opposing Armaldo used <strong>X-Scissor</strong>!<br></div><div class="battle-history"><small>It's super effective!</small><br></div><div class="battle-history"><small>A critical hit!</small><br></div><div class="battle-history"><small>(Beheeyem lost <abbr title="−159/354">44.9%</abbr> of its health!)</small><br></div><div class="spacer battle-history"><br></div><div class="battle-history">Beheeyem fainted!<br></div><div class="spacer battle-history"><br></div><div class="battle-history">Go! <strong>Ampharos</strong>!<br></div><div class="spacer battle-history"><br></div><h2 class="battle-history">Turn 9</h2><div class="spacer battle-history"><br></div><div class="battle-history">Ampharos used <strong>Focus Blast</strong>!<br></div><div class="battle-history"><small>(The opposing Armaldo lost <abbr title="−126/354">35.6%</abbr> of its health!)</small><br></div><div class="spacer battle-history"><br></div><div class="battle-history">The opposing Armaldo used <strong>Stealth Rock</strong>!<br></div><div class="battle-history"><small>Pointed stones float in the air around your team!</small><br></div><div class="spacer battle-history"><br></div><div class="battle-history"><small>The opposing team's Light Screen wore off!</small><br></div><div class="spacer battle-history"><br></div><h2 class="battle-history">Turn 10</h2><div class="spacer battle-history"><br></div><div class="battle-history">Ampharos used <strong>Focus Blast</strong>!<br></div><div class="battle-history"><small>(The opposing Armaldo lost <abbr title="−11/354">3.1%</abbr> of its health!)</small><br></div><div class="spacer battle-history"><br></div><div class="battle-history">The opposing Armaldo fainted!<br></div><div class="spacer battle-history"><br></div><div class="battle-history">275p sent out <strong>Whiscash</strong>!<br></div><div class="battle-history"><small>Pointed stones dug into the opposing Whiscash!</small><br></div><div class="spacer battle-history"><br></div><h2 class="battle-history">Turn 11</h2><div class="spacer battle-history"><br></div><div class="battle-history">Ampharos, come back!<br></div><div class="battle-history">Go! <strong>Armaldo</strong>!<br></div><div class="battle-history"><small>Pointed stones dug into Armaldo!</small><br></div><div class="spacer battle-history"><br></div><div class="battle-history">The opposing Whiscash used <strong>Dragon Dance</strong>!<br></div><div class="battle-history"><small>The opposing Whiscash's Attack rose!</small><br></div><div class="battle-history"><small>The opposing Whiscash's Speed rose!</small><br></div><div class="spacer battle-history"><br></div><h2 class="battle-history">Turn 12</h2><div class="spacer battle-history"><br></div><div class="battle-history">The opposing Whiscash used <strong>Waterfall</strong>!<br></div><div class="battle-history"><small>It's super effective!</small><br></div><div class="battle-history"><small>(Armaldo lost <abbr title="−89/291">30.6%</abbr> of its health!)</small><br></div><div class="battle-history"><small>The opposing Whiscash lost some of its HP!</small><br></div><div class="spacer battle-history"><br></div><div class="battle-history">Armaldo fainted!<br></div><div class="spacer battle-history"><br></div><div class="battle-history">Go! <strong>Beartic</strong>!<br></div><div class="battle-history"><small>Pointed stones dug into Beartic!</small><br></div><div class="spacer battle-history"><br></div><h2 class="battle-history">Turn 13</h2><div class="spacer battle-history"><br></div><div class="battle-history">The opposing Whiscash used <strong>Rock Slide</strong>!<br></div><div class="battle-history"><small>It's super effective!</small><br></div><div class="battle-history"><small>(Beartic lost <abbr title="−296/394">75.1%</abbr> of its health!)</small><br></div><div class="battle-history"><small>The opposing Whiscash lost some of its HP!</small><br></div><div class="spacer battle-history"><br></div><div class="battle-history">Beartic fainted!<br></div><div class="spacer battle-history"><br></div><div class="battle-history">Go! <strong>Ampharos</strong>!<br></div><div class="battle-history"><small>Pointed stones dug into Ampharos!</small><br></div><div class="spacer battle-history"><br></div><h2 class="battle-history">Turn 14</h2><div class="spacer battle-history"><br></div><div class="battle-history">The opposing Whiscash used <strong>Earthquake</strong>!<br></div><div class="battle-history"><small>It's super effective!</small><br></div><div class="battle-history"><small>(Ampharos lost <abbr title="−336/383">87.7%</abbr> of its health!)</small><br></div><div class="battle-history"><small>The opposing Whiscash lost some of its HP!</small><br></div><div class="spacer battle-history"><br></div><div class="battle-history">Ampharos fainted!<br></div><div class="spacer battle-history"><br></div><div class="battle-history">Go! <strong>Gorebyss</strong>!<br></div><div class="battle-history"><small>Pointed stones dug into Gorebyss!</small><br></div><div class="spacer battle-history"><br></div><h2 class="battle-history">Turn 15</h2><div class="spacer battle-history"><br></div><div class="battle-history">The opposing Whiscash used <strong>Earthquake</strong>!<br></div><div class="battle-history"><small>(Gorebyss lost <abbr title="−220/251">87.6%</abbr> of its health!)</small><br></div><div class="battle-history"><small>The opposing Whiscash lost some of its HP!</small><br></div><div class="spacer battle-history"><br></div><div class="battle-history">Gorebyss fainted!<br></div><div class="spacer battle-history"><br></div><div class="battle-history"><strong>275p</strong> won the battle!<br></div><div class="chat chatmessage-275p"><strong style="color:hsl(274,54%,55.25357618933063%)"><small>☆</small><span class="username" data-name="275p">275p</span>:</strong> <em>gg</em></div><div class="chat"><small>Mpiaty left.</small></div><div class="chat"><small>275p left.</small></div><div class="chat"><small>275p joined.</small></div></div><div class="inner-preempt"></div></div></div>
</div>
<script>
let daily = Math.floor(Date.now()/1000/60/60/24);document.write('<script src="https://play.pokemonshowdown.com/js/replay-embed.js?version'+daily+'"></'+'script>');
</script>
