<!DOCTYPE html>
<meta charset="utf-8" />
<!-- version 1 -->
<title>PU replay: Pookies vs. lcezasfuck</title>
<style>
html,body {font-family:Verdana, sans-serif;font-size:10pt;margin:0;padding:0;}body{padding:12px 0;} .battle-log {font-family:Verdana, sans-serif;font-size:10pt;} .battle-log-inline {border:1px solid #AAAAAA;background:#EEF2F5;color:black;max-width:640px;margin:0 auto 80px;padding-bottom:5px;} .battle-log .inner {padding:4px 8px 0px 8px;} .battle-log .inner-preempt {padding:0 8px 4px 8px;} .battle-log .inner-after {margin-top:0.5em;} .battle-log h2 {margin:0.5em -8px;padding:4px 8px;border:1px solid #AAAAAA;background:#E0E7EA;border-left:0;border-right:0;font-family:Verdana, sans-serif;font-size:13pt;} .battle-log .chat {vertical-align:middle;padding:3px 0 3px 0;font-size:8pt;} .battle-log .chat strong {color:#40576A;} .battle-log .chat em {padding:1px 4px 1px 3px;color:#000000;font-style:normal;} .chat.mine {background:rgba(0,0,0,0.05);margin-left:-8px;margin-right:-8px;padding-left:8px;padding-right:8px;} .spoiler {color:#BBBBBB;background:#BBBBBB;padding:0px 3px;} .spoiler:hover, .spoiler:active, .spoiler-shown {color:#000000;background:#E2E2E2;padding:0px 3px;} .spoiler a {color:#BBBBBB;} .spoiler:hover a, .spoiler:active a, .spoiler-shown a {color:#2288CC;} .chat code, .chat .spoiler:hover code, .chat .spoiler:active code, .chat .spoiler-shown code {border:1px solid #C0C0C0;background:#EEEEEE;color:black;padding:0 2px;} .chat .spoiler code {border:1px solid #CCCCCC;background:#CCCCCC;color:#CCCCCC;} .battle-log .rated {padding:3px 4px;} .battle-log .rated strong {color:white;background:#89A;padding:1px 4px;border-radius:4px;} .spacer {margin-top:0.5em;} .message-announce {background:#6688AA;color:white;padding:1px 4px 2px;} .message-announce a, .broadcast-green a, .broadcast-blue a, .broadcast-red a {color:#DDEEFF;} .broadcast-green {background-color:#559955;color:white;padding:2px 4px;} .broadcast-blue {background-color:#6688AA;color:white;padding:2px 4px;} .infobox {border:1px solid #6688AA;padding:2px 4px;} .infobox-limited {max-height:200px;overflow:auto;overflow-x:hidden;} .broadcast-red {background-color:#AA5544;color:white;padding:2px 4px;} .message-learn-canlearn {font-weight:bold;color:#228822;text-decoration:underline;} .message-learn-cannotlearn {font-weight:bold;color:#CC2222;text-decoration:underline;} .message-effect-weak {font-weight:bold;color:#CC2222;} .message-effect-resist {font-weight:bold;color:#6688AA;} .message-effect-immune {font-weight:bold;color:#666666;} .message-learn-list {margin-top:0;margin-bottom:0;} .message-throttle-notice, .message-error {color:#992222;} .message-overflow, .chat small.message-overflow {font-size:0pt;} .message-overflow::before {font-size:9pt;content:'...';} .subtle {color:#3A4A66;}
</style>
<div class="wrapper replay-wrapper" style="max-width:1180px;margin:0 auto">
<input type="hidden" name="replayid" value="pu-559155810" />
<div class="battle"></div><div class="battle-log"></div><div class="replay-controls"></div><div class="replay-controls-2"></div>
<h1 style="font-weight:normal;text-align:center"><strong>PU</strong><br /><a href="http://pokemonshowdown.com/users/pookies" class="subtle" target="_blank">Pookies</a> vs. <a href="http://pokemonshowdown.com/users/lcezasfuck" class="subtle" target="_blank">lcezasfuck</a></h1>
<script type="text/plain" class="battle-log-data">|j|Pookies
|j|lcezasfuck
|player|p1|Pookies|226
|player|p2|lcezasfuck|1
|gametype|singles
|gen|6
|tier|PU
|rated
|seed|38653,29531,52674,15260
|rule|Sleep Clause Mod: Limit one foe put to sleep
|rule|Species Clause: Limit one of each Pokémon
|rule|OHKO Clause: OHKO moves are banned
|rule|Moody Clause: Moody is banned
|rule|Evasion Moves Clause: Evasion moves are banned
|rule|Endless Battle Clause: Forcing endless battles is banned
|rule|HP Percentage Mod: HP is shown in percentages
|clearpoke
|poke|p1|Mothim, M, shiny|item
|poke|p1|Basculin, M|item
|poke|p1|Magcargo, M|item
|poke|p1|Maractus, M|item
|poke|p1|Slowpoke, M|item
|poke|p1|Cryogonal|item
|poke|p2|Natu, F|item
|poke|p2|Clefairy, M|item
|poke|p2|Avalugg, M|item
|poke|p2|Politoed, M|item
|poke|p2|Marowak, F|item
|poke|p2|Raichu, M|item
|rule|Swagger Clause: Swagger is banned
|rule|Baton Pass Clause: Limit one Baton Passer, can't pass Spe and other stats simultaneously
|teampreview
|choice|team 1, team 2, team 3, team 4, team 5, team 6|team 1, team 2, team 3, team 4, team 5, team 6
|
|start
|switch|p1a: Mothim|Mothim, M, shiny|281\/281
|switch|p2a: Natu|Natu, F|283\/283
|turn|1
|choice|move bugbuzz|move thunderwave
|
|move|p1a: Mothim|Bug Buzz|p2a: Natu
|-damage|p2a: Natu|42\/283
|move|p2a: Natu|Thunder Wave|p1a: Mothim
|-status|p1a: Mothim|par
|
|upkeep
|turn|2
|choice|move bugbuzz|move uturn
|
|move|p2a: Natu|U-turn|p1a: Mothim
|-resisted|p1a: Mothim
|-damage|p1a: Mothim|258\/281 par
|choice||switch 2
|
|switch|p2a: Clefairy|Clefairy, M|344\/344
|move|p1a: Mothim|Bug Buzz|p2a: Clefairy
|-resisted|p2a: Clefairy
|-damage|p2a: Clefairy|216\/344
|
|upkeep
|turn|3
|choice|move bugbuzz|move knockoff
|
|move|p2a: Clefairy|Knock Off|p1a: Mothim
|-damage|p1a: Mothim|181\/281 par
|-enditem|p1a: Mothim|Choice Specs|[from] move: Knock Off|[of] p2a: Clefairy
|move|p1a: Mothim|Bug Buzz|p2a: Clefairy
|-resisted|p2a: Clefairy
|-damage|p2a: Clefairy|132\/344
|
|upkeep
|turn|4
|choice|move uturn|move softboiled
|
|move|p2a: Clefairy|Soft-Boiled|p2a: Clefairy
|-heal|p2a: Clefairy|304\/344
|cant|p1a: Mothim|par
|
|upkeep
|turn|5
|choice|move uturn|move moonblast
|
|move|p2a: Clefairy|Moonblast|p1a: Mothim
|-damage|p1a: Mothim|37\/281 par
|cant|p1a: Mothim|par
|
|upkeep
|turn|6
|choice|move uturn|move moonblast
|
|move|p2a: Clefairy|Moonblast|p1a: Mothim
|-damage|p1a: Mothim|0 fnt
|faint|p1a: Mothim
|
|upkeep
|choice|switch 2|
|
|switch|p1a: Basculin|Basculin, M|281\/281
|turn|7
|choice|move waterfall|switch 4
|
|switch|p2a: Come on Fire|Politoed, M|384\/384
|move|p1a: Basculin|Waterfall|p2a: Come on Fire
|-immune|p2a: Come on Fire|[msg]|[from] ability: Water Absorb
|
|upkeep
|turn|8
|choice|move superpower|move scald
|
|move|p1a: Basculin|Superpower|p2a: Come on Fire
|-damage|p2a: Come on Fire|237\/384
|-unboost|p1a: Basculin|atk|1
|-unboost|p1a: Basculin|def|1
|-damage|p1a: Basculin|253\/281|[from] item: Life Orb
|move|p2a: Come on Fire|Scald|p1a: Basculin
|-resisted|p1a: Basculin
|-damage|p1a: Basculin|171\/281
|
|-heal|p2a: Come on Fire|261\/384|[from] item: Leftovers
|upkeep
|turn|9
|choice|switch 4|move scald
|
|switch|p1a: Maractus|Maractus, M|342\/342
|move|p2a: Come on Fire|Scald|p1a: Maractus
|-ability|p1a: Maractus|Storm Drain|boost
|-boost|p1a: Maractus|spa|1
|
|-heal|p2a: Come on Fire|285\/384|[from] item: Leftovers
|upkeep
|turn|10
|c|☆Pookies|holy crap why is it so bulky
|c|☆lcezasfuck|ัำห
|c|☆lcezasfuck|yes
|c|☆lcezasfuck|Full investment at def and HP
|c|☆Pookies|dang
|choice|move spikes|switch 3
|
|switch|p2a: Avalugg|Avalugg, M|394\/394
|move|p1a: Maractus|Spikes|p2a: Avalugg
|-sidestart|p2: lcezasfuck|Spikes
|
|upkeep
|turn|11
|choice|move spikyshield|move avalanche
|
|move|p1a: Maractus|Spiky Shield|p1a: Maractus
|-singleturn|p1a: Maractus|move: Protect
|move|p2a: Avalugg|Avalanche|p1a: Maractus
|-activate|p1a: Maractus|move: Protect
|-damage|p2a: Avalugg|345\/394|[from] Spiky Shield|[of] p1a: Maractus
|
|upkeep
|turn|12
|choice|move gigadrain|move rapidspin
|
|move|p1a: Maractus|Giga Drain|p2a: Avalugg
|-damage|p2a: Avalugg|0 fnt
|-damage|p1a: Maractus|308\/342|[from] item: Life Orb
|faint|p2a: Avalugg
|
|upkeep
|c|☆lcezasfuck|.......
|choice||switch 4
|
|switch|p2a: Clefairy|Clefairy, M|304\/344
|turn|13
|choice|move gigadrain|move knockoff
|
|move|p1a: Maractus|Giga Drain|p2a: Clefairy
|-damage|p2a: Clefairy|156\/344
|-heal|p1a: Maractus|342\/342|[from] drain|[of] p2a: Clefairy
|-damage|p1a: Maractus|308\/342|[from] item: Life Orb
|move|p2a: Clefairy|Knock Off|p1a: Maractus
|-damage|p1a: Maractus|248\/342
|-enditem|p1a: Maractus|Life Orb|[from] move: Knock Off|[of] p2a: Clefairy
|
|upkeep
|turn|14
|choice|move spikes|switch 2
|
|switch|p2a: Natu|Natu, F|42\/283
|move|p1a: Maractus|Spikes|p2a: Natu
|move|p2a: Natu|Spikes|p1a: Maractus|[from]Magic Bounce
|-sidestart|p1: Pookies|Spikes
|
|upkeep
|turn|15
|choice|move gigadrain|switch 2
|
|switch|p2a: Clefairy|Clefairy, M|156\/344
|move|p1a: Maractus|Giga Drain|p2a: Clefairy
|-damage|p2a: Clefairy|36\/344
|-heal|p1a: Maractus|308\/342|[from] drain|[of] p2a: Clefairy
|
|upkeep
|turn|16
|c|☆lcezasfuck|holy crap
|choice|move gigadrain|move softboiled
|
|move|p1a: Maractus|Giga Drain|p2a: Clefairy
|-damage|p2a: Clefairy|0 fnt
|-heal|p1a: Maractus|326\/342|[from] drain|[of] p2a: Clefairy
|faint|p2a: Clefairy
|
|upkeep
|choice||switch 2
|
|switch|p2a: Natu|Natu, F|42\/283
|turn|17
|choice|move gigadrain|move thunderwave
|
|move|p2a: Natu|Thunder Wave|p1a: Maractus
|-status|p1a: Maractus|par
|move|p1a: Maractus|Giga Drain|p2a: Natu
|-resisted|p2a: Natu
|-damage|p2a: Natu|0 fnt
|-heal|p1a: Maractus|342\/342 par|[from] drain|[of] p2a: Natu
|faint|p2a: Natu
|
|upkeep
|choice||switch 5
|
|switch|p2a: Marowak|Marowak, F|261\/261
|-damage|p2a: Marowak|229\/261|[from] Spikes
|turn|18
|choice|move gigadrain|move knockoff
|
|move|p2a: Marowak|Knock Off|p1a: Maractus
|-damage|p1a: Maractus|166\/342 par
|move|p1a: Maractus|Giga Drain|p2a: Marowak
|-supereffective|p2a: Marowak
|-damage|p2a: Marowak|0 fnt
|-heal|p1a: Maractus|281\/342 par|[from] drain|[of] p2a: Marowak
|faint|p2a: Marowak
|
|upkeep
|c|☆lcezasfuck|I'm careless
|choice||switch 3
|
|switch|p2a: Come on Fire|Politoed, M|285\/384
|-damage|p2a: Come on Fire|237\/384|[from] Spikes
|turn|19
|choice|move gigadrain|move icebeam
|
|move|p2a: Come on Fire|Ice Beam|p1a: Maractus
|-supereffective|p1a: Maractus
|-damage|p1a: Maractus|99\/342 par
|cant|p1a: Maractus|par
|
|-heal|p2a: Come on Fire|261\/384|[from] item: Leftovers
|upkeep
|turn|20
|choice|move gigadrain|move icebeam
|
|move|p2a: Come on Fire|Ice Beam|p1a: Maractus
|-supereffective|p1a: Maractus
|-damage|p1a: Maractus|0 fnt
|faint|p1a: Maractus
|
|-heal|p2a: Come on Fire|285\/384|[from] item: Leftovers
|upkeep
|choice|switch 6|
|
|switch|p1a: Cryogonal|Cryogonal|281\/281
|turn|21
|choice|move freezedry|move scald
|
|move|p1a: Cryogonal|Freeze-Dry|p2a: Come on Fire
|-supereffective|p2a: Come on Fire
|-damage|p2a: Come on Fire|33\/384
|move|p2a: Come on Fire|Scald|p1a: Cryogonal
|-damage|p1a: Cryogonal|212\/281
|
|-heal|p2a: Come on Fire|57\/384|[from] item: Leftovers
|upkeep
|turn|22
|choice|move freezedry|move scald
|
|move|p1a: Cryogonal|Freeze-Dry|p2a: Come on Fire
|-supereffective|p2a: Come on Fire
|-damage|p2a: Come on Fire|0 fnt
|faint|p2a: Come on Fire
|
|upkeep
|choice||switch 6
|
|switch|p2a: Raichu|Raichu, M|261\/261
|-damage|p2a: Raichu|229\/261|[from] Spikes
|turn|23
|choice|move hiddenpower|move nastyplot
|
|move|p2a: Raichu|Nasty Plot|p2a: Raichu
|-boost|p2a: Raichu|spa|2
|move|p1a: Cryogonal|Hidden Power|p2a: Raichu
|-supereffective|p2a: Raichu
|-damage|p2a: Raichu|61\/261
|
|upkeep
|turn|24
|choice|move hiddenpower|move focusblast
|
|move|p2a: Raichu|Focus Blast|p1a: Cryogonal
|-supereffective|p1a: Cryogonal
|-damage|p1a: Cryogonal|0 fnt
|-damage|p2a: Raichu|35\/261|[from] item: Life Orb
|faint|p1a: Cryogonal
|
|upkeep
|choice|switch 4|
|
|switch|p1a: Basculin|Basculin, M|171\/281
|-damage|p1a: Basculin|136\/281|[from] Spikes
|turn|25
|c|☆lcezasfuck|gg...
|c|☆Pookies|gg
|choice|switch 5|move thunderbolt
|
|switch|p1a: Slowpoke|Slowpoke, M|370\/370
|-damage|p1a: Slowpoke|324\/370|[from] Spikes
|move|p2a: Raichu|Thunderbolt|p1a: Slowpoke
|-supereffective|p1a: Slowpoke
|-damage|p1a: Slowpoke|0 fnt
|-damage|p2a: Raichu|9\/261|[from] item: Life Orb
|faint|p1a: Slowpoke
|
|upkeep
|choice|switch 3|
|
|switch|p1a: Magcargo|Magcargo, M|303\/303
|-damage|p1a: Magcargo|266\/303|[from] Spikes
|turn|26
|c|☆lcezasfuck|life orb kills me
|choice|move recover|move surf
|
|move|p2a: Raichu|Surf|p1a: Magcargo
|-supereffective|p1a: Magcargo
|-damage|p1a: Magcargo|0 fnt
|-damage|p2a: Raichu|0 fnt|[from] item: Life Orb
|faint|p1a: Magcargo
|faint|p2a: Raichu
|
|win|Pookies
|raw|Pookies's rating: 1295 &rarr; <strong>1332<\/strong><br \/>(+37 for winning)
|raw|lcezasfuck's rating: 1471 &rarr; <strong>1442<\/strong><br \/>(-29 for losing)</script>
</div>
<div class="battle-log battle-log-inline"><div class="inner"><div class="battle-options"></div><div class="inner"><div class="chat"><small>Pookies joined.</small></div><div class="chat"><small>lcezasfuck joined.</small></div><div class=""><small>Format:</small> <br><strong>PU</strong></div><div class="rated"><strong>Rated battle</strong></div><div class=""><small><em>Sleep Clause Mod:</em> Limit one foe put to sleep</small></div><div class=""><small><em>Species Clause:</em> Limit one of each Pokémon</small></div><div class=""><small><em>OHKO Clause:</em> OHKO moves are banned</small></div><div class=""><small><em>Moody Clause:</em> Moody is banned</small></div><div class=""><small><em>Evasion Moves Clause:</em> Evasion moves are banned</small></div><div class=""><small><em>Endless Battle Clause:</em> Forcing endless battles is banned</small></div><div class=""><small><em>HP Percentage Mod:</em> HP is shown in percentages</small></div><div class=""><small><em>Swagger Clause:</em> Swagger is banned</small></div><div class=""><small><em>Baton Pass Clause:</em> Limit one Baton Passer, can't pass Spe and other stats simultaneously</small></div><div class="chat battle-history"><strong>Pookies's team:</strong> <em style="color:#445566;display:block;">Mothim / Basculin / Magcargo / Maractus / Slowpoke / Cryogonal</em></div><div class="chat battle-history"><strong>lcezasfuck's team:</strong> <em style="color:#445566;display:block;">Natu / Clefairy / Avalugg / Politoed / Marowak / Raichu</em></div><div class="spacer battle-history"><br></div><div class="battle-history">Battle started between Pookies and lcezasfuck!<br></div><div class="spacer battle-history"><br></div><div class="battle-history">Go! <strong>Mothim</strong>!<br></div><div class="spacer battle-history"><br></div><div class="battle-history">lcezasfuck sent out <strong>Natu</strong>!<br></div><div class="spacer battle-history"><br></div><h2 class="battle-history">Turn 1</h2><div class="spacer battle-history"><br></div><div class="battle-history">Mothim used <strong>Bug Buzz</strong>!<br></div><div class="battle-history"><small>(The opposing Natu lost <abbr title="−241/283">85.2%</abbr> of its health!)</small><br></div><div class="spacer battle-history"><br></div><div class="battle-history">The opposing Natu used <strong>Thunder Wave</strong>!<br></div><div class="battle-history"><small>Mothim is paralyzed! It may be unable to move!</small><br></div><div class="spacer battle-history"><br></div><h2 class="battle-history">Turn 2</h2><div class="spacer battle-history"><br></div><div class="battle-history">The opposing Natu used <strong>U-turn</strong>!<br></div><div class="battle-history"><small>It's not very effective...</small><br></div><div class="battle-history"><small>(Mothim lost <abbr title="−23/281">8.2%</abbr> of its health!)</small><br></div><div class="spacer battle-history"><br></div><div class="battle-history">The opposing Natu went back to lcezasfuck!<br></div><div class="battle-history">lcezasfuck sent out <strong>Clefairy</strong>!<br></div><div class="spacer battle-history"><br></div><div class="battle-history">Mothim used <strong>Bug Buzz</strong>!<br></div><div class="battle-history"><small>It's not very effective...</small><br></div><div class="battle-history"><small>(The opposing Clefairy lost <abbr title="−128/344">37.2%</abbr> of its health!)</small><br></div><div class="spacer battle-history"><br></div><h2 class="battle-history">Turn 3</h2><div class="spacer battle-history"><br></div><div class="battle-history">The opposing Clefairy used <strong>Knock Off</strong>!<br></div><div class="battle-history"><small>(Mothim lost <abbr title="−77/281">27.4%</abbr> of its health!)</small><br></div><div class="battle-history"><small>The opposing Clefairy knocked off Mothim's Choice Specs!</small><br></div><div class="spacer battle-history"><br></div><div class="battle-history">Mothim used <strong>Bug Buzz</strong>!<br></div><div class="battle-history"><small>It's not very effective...</small><br></div><div class="battle-history"><small>(The opposing Clefairy lost <abbr title="−84/344">24.4%</abbr> of its health!)</small><br></div><div class="spacer battle-history"><br></div><h2 class="battle-history">Turn 4</h2><div class="spacer battle-history"><br></div><div class="battle-history">The opposing Clefairy used <strong>Soft-Boiled</strong>!<br></div><div class="battle-history"><small>The opposing Clefairy restored its HP.</small><br></div><div class="spacer battle-history"><br></div><div class="battle-history">Mothim is paralyzed! It can't move!<br></div><div class="spacer battle-history"><br></div><h2 class="battle-history">Turn 5</h2><div class="spacer battle-history"><br></div><div class="battle-history">The opposing Clefairy used <strong>Moonblast</strong>!<br></div><div class="battle-history"><small>(Mothim lost <abbr title="−144/281">51.2%</abbr> of its health!)</small><br></div><div class="spacer battle-history"><br></div><div class="battle-history">Mothim is paralyzed! It can't move!<br></div><div class="spacer battle-history"><br></div><h2 class="battle-history">Turn 6</h2><div class="spacer battle-history"><br></div><div class="battle-history">The opposing Clefairy used <strong>Moonblast</strong>!<br></div><div class="battle-history"><small>(Mothim lost <abbr title="−37/281">13.2%</abbr> of its health!)</small><br></div><div class="spacer battle-history"><br></div><div class="battle-history">Mothim fainted!<br></div><div class="spacer battle-history"><br></div><div class="battle-history">Go! <strong>Basculin</strong>!<br></div><div class="spacer battle-history"><br></div><h2 class="battle-history">Turn 7</h2><div class="spacer battle-history"><br></div><div class="battle-history">lcezasfuck withdrew Clefairy!<br></div><div class="battle-history">lcezasfuck sent out Come on Fire (<strong>Politoed</strong>)!<br></div><div class="spacer battle-history"><br></div><div class="battle-history">Basculin used <strong>Waterfall</strong>!<br></div><div class="battle-history"><small>[The opposing Come on Fire's Water Absorb]</small><br><small>It doesn't affect the opposing Come on Fire...</small><br></div><div class="spacer battle-history"><br></div><h2 class="battle-history">Turn 8</h2><div class="spacer battle-history"><br></div><div class="battle-history">Basculin used <strong>Superpower</strong>!<br></div><div class="battle-history"><small>(The opposing Come on Fire lost <abbr title="−147/384">38.3%</abbr> of its health!)</small><br></div><div class="battle-history"><small>Basculin's Attack fell!</small><br></div><div class="battle-history"><small>Basculin's Defense fell!</small><br></div><div class="battle-history"><small>Basculin lost some of its HP!</small><br></div><div class="spacer battle-history"><br></div><div class="battle-history">The opposing Come on Fire used <strong>Scald</strong>!<br></div><div class="battle-history"><small>It's not very effective...</small><br></div><div class="battle-history"><small>(Basculin lost <abbr title="−82/281">29.2%</abbr> of its health!)</small><br></div><div class="spacer battle-history"><br></div><div class="battle-history"><small>The opposing Come on Fire restored a little HP using its Leftovers!</small><br></div><div class="spacer battle-history"><br></div><h2 class="battle-history">Turn 9</h2><div class="spacer battle-history"><br></div><div class="battle-history">Basculin, come back!<br></div><div class="battle-history">Go! <strong>Maractus</strong>!<br></div><div class="spacer battle-history"><br></div><div class="battle-history">The opposing Come on Fire used <strong>Scald</strong>!<br></div><div class="battle-history"><small>[Maractus's Storm Drain]</small><br></div><div class="battle-history"><small>Maractus's Special Attack rose!</small><br></div><div class="spacer battle-history"><br></div><div class="battle-history"><small>The opposing Come on Fire restored a little HP using its Leftovers!</small><br></div><div class="spacer battle-history"><br></div><h2 class="battle-history">Turn 10</h2><div class="chat chatmessage-pookies"><strong style="color:hsl(343,75%,47.19513637203398%)"><small>☆</small><span class="username" data-name="Pookies">Pookies</span>:</strong> <em>holy crap why is it so bulky</em></div><div class="chat chatmessage-lcezasfuck"><strong style="color:hsl(63,60%,38.09380051909%)"><small>☆</small><span class="username" data-name="lcezasfuck">lcezasfuck</span>:</strong> <em>ัำห</em></div><div class="chat chatmessage-lcezasfuck"><strong style="color:hsl(63,60%,38.09380051909%)"><small>☆</small><span class="username" data-name="lcezasfuck">lcezasfuck</span>:</strong> <em>yes</em></div><div class="chat chatmessage-lcezasfuck"><strong style="color:hsl(63,60%,38.09380051909%)"><small>☆</small><span class="username" data-name="lcezasfuck">lcezasfuck</span>:</strong> <em>Full investment at def and HP</em></div><div class="chat chatmessage-pookies"><strong style="color:hsl(343,75%,47.19513637203398%)"><small>☆</small><span class="username" data-name="Pookies">Pookies</span>:</strong> <em>dang</em></div><div class="spacer battle-history"><br></div><div class="battle-history">lcezasfuck withdrew Come on Fire!<br></div><div class="battle-history">lcezasfuck sent out <strong>Avalugg</strong>!<br></div><div class="spacer battle-history"><br></div><div class="battle-history">Maractus used <strong>Spikes</strong>!<br></div><div class="battle-history"><small>Spikes were scattered on the ground all around the opposing team!</small><br></div><div class="spacer battle-history"><br></div><h2 class="battle-history">Turn 11</h2><div class="spacer battle-history"><br></div><div class="battle-history">Maractus used <strong>Spiky Shield</strong>!<br></div><div class="battle-history"><small>Maractus protected itself!</small><br></div><div class="spacer battle-history"><br></div><div class="battle-history">The opposing Avalugg used <strong>Avalanche</strong>!<br></div><div class="battle-history"><small>Maractus protected itself!</small><br></div><div class="battle-history"><small>The opposing Avalugg was hurt!</small><br></div><div class="spacer battle-history"><br></div><h2 class="battle-history">Turn 12</h2><div class="spacer battle-history"><br></div><div class="battle-history">Maractus used <strong>Giga Drain</strong>!<br></div><div class="battle-history"><small>(The opposing Avalugg lost <abbr title="−345/394">87.6%</abbr> of its health!)</small><br></div><div class="battle-history"><small>Maractus lost some of its HP!</small><br></div><div class="spacer battle-history"><br></div><div class="battle-history">The opposing Avalugg fainted!<br></div><div class="chat chatmessage-lcezasfuck"><strong style="color:hsl(63,60%,38.09380051909%)"><small>☆</small><span class="username" data-name="lcezasfuck">lcezasfuck</span>:</strong> <em>.......</em></div><div class="spacer battle-history"><br></div><div class="battle-history">lcezasfuck sent out <strong>Clefairy</strong>!<br></div><div class="spacer battle-history"><br></div><h2 class="battle-history">Turn 13</h2><div class="spacer battle-history"><br></div><div class="battle-history">Maractus used <strong>Giga Drain</strong>!<br></div><div class="battle-history"><small>(The opposing Clefairy lost <abbr title="−148/344">43.0%</abbr> of its health!)</small><br></div><div class="battle-history"><small>The opposing Clefairy had its energy drained!</small><br></div><div class="battle-history"><small>Maractus lost some of its HP!</small><br></div><div class="spacer battle-history"><br></div><div class="battle-history">The opposing Clefairy used <strong>Knock Off</strong>!<br></div><div class="battle-history"><small>(Maractus lost <abbr title="−60/342">17.5%</abbr> of its health!)</small><br></div><div class="battle-history"><small>The opposing Clefairy knocked off Maractus's Life Orb!</small><br></div><div class="spacer battle-history"><br></div><h2 class="battle-history">Turn 14</h2><div class="spacer battle-history"><br></div><div class="battle-history">lcezasfuck withdrew Clefairy!<br></div><div class="battle-history">lcezasfuck sent out <strong>Natu</strong>!<br></div><div class="spacer battle-history"><br></div><div class="battle-history">Maractus used <strong>Spikes</strong>!<br></div><div class="spacer battle-history"><br></div><div class="battle-history"><small>[The opposing Natu's Magic Bounce]</small><br>The opposing Natu bounced the Spikes back!<br></div><div class="battle-history"><small>Spikes were scattered on the ground all around your team!</small><br></div><div class="spacer battle-history"><br></div><h2 class="battle-history">Turn 15</h2><div class="spacer battle-history"><br></div><div class="battle-history">lcezasfuck withdrew Natu!<br></div><div class="battle-history">lcezasfuck sent out <strong>Clefairy</strong>!<br></div><div class="spacer battle-history"><br></div><div class="battle-history">Maractus used <strong>Giga Drain</strong>!<br></div><div class="battle-history"><small>(The opposing Clefairy lost <abbr title="−120/344">34.9%</abbr> of its health!)</small><br></div><div class="battle-history"><small>The opposing Clefairy had its energy drained!</small><br></div><div class="spacer battle-history"><br></div><h2 class="battle-history">Turn 16</h2><div class="chat chatmessage-lcezasfuck"><strong style="color:hsl(63,60%,38.09380051909%)"><small>☆</small><span class="username" data-name="lcezasfuck">lcezasfuck</span>:</strong> <em>holy crap</em></div><div class="spacer battle-history"><br></div><div class="battle-history">Maractus used <strong>Giga Drain</strong>!<br></div><div class="battle-history"><small>(The opposing Clefairy lost <abbr title="−36/344">10.5%</abbr> of its health!)</small><br></div><div class="battle-history"><small>The opposing Clefairy had its energy drained!</small><br></div><div class="spacer battle-history"><br></div><div class="battle-history">The opposing Clefairy fainted!<br></div><div class="spacer battle-history"><br></div><div class="battle-history">lcezasfuck sent out <strong>Natu</strong>!<br></div><div class="spacer battle-history"><br></div><h2 class="battle-history">Turn 17</h2><div class="spacer battle-history"><br></div><div class="battle-history">The opposing Natu used <strong>Thunder Wave</strong>!<br></div><div class="battle-history"><small>Maractus is paralyzed! It may be unable to move!</small><br></div><div class="spacer battle-history"><br></div><div class="battle-history">Maractus used <strong>Giga Drain</strong>!<br></div><div class="battle-history"><small>It's not very effective...</small><br></div><div class="battle-history"><small>(The opposing Natu lost <abbr title="−42/283">14.8%</abbr> of its health!)</small><br></div><div class="battle-history"><small>The opposing Natu had its energy drained!</small><br></div><div class="spacer battle-history"><br></div><div class="battle-history">The opposing Natu fainted!<br></div><div class="spacer battle-history"><br></div><div class="battle-history">lcezasfuck sent out <strong>Marowak</strong>!<br></div><div class="battle-history"><small>The opposing Marowak is hurt by the spikes!</small><br></div><div class="spacer battle-history"><br></div><h2 class="battle-history">Turn 18</h2><div class="spacer battle-history"><br></div><div class="battle-history">The opposing Marowak used <strong>Knock Off</strong>!<br></div><div class="battle-history"><small>(Maractus lost <abbr title="−176/342">51.5%</abbr> of its health!)</small><br></div><div class="spacer battle-history"><br></div><div class="battle-history">Maractus used <strong>Giga Drain</strong>!<br></div><div class="battle-history"><small>It's super effective!</small><br></div><div class="battle-history"><small>(The opposing Marowak lost <abbr title="−229/261">87.7%</abbr> of its health!)</small><br></div><div class="battle-history"><small>The opposing Marowak had its energy drained!</small><br></div><div class="spacer battle-history"><br></div><div class="battle-history">The opposing Marowak fainted!<br></div><div class="chat chatmessage-lcezasfuck"><strong style="color:hsl(63,60%,38.09380051909%)"><small>☆</small><span class="username" data-name="lcezasfuck">lcezasfuck</span>:</strong> <em>I'm careless</em></div><div class="spacer battle-history"><br></div><div class="battle-history">lcezasfuck sent out Come on Fire (<strong>Politoed</strong>)!<br></div><div class="battle-history"><small>The opposing Come on Fire is hurt by the spikes!</small><br></div><div class="spacer battle-history"><br></div><h2 class="battle-history">Turn 19</h2><div class="spacer battle-history"><br></div><div class="battle-history">The opposing Come on Fire used <strong>Ice Beam</strong>!<br></div><div class="battle-history"><small>It's super effective!</small><br></div><div class="battle-history"><small>(Maractus lost <abbr title="−182/342">53.2%</abbr> of its health!)</small><br></div><div class="spacer battle-history"><br></div><div class="battle-history">Maractus is paralyzed! It can't move!<br></div><div class="spacer battle-history"><br></div><div class="battle-history"><small>The opposing Come on Fire restored a little HP using its Leftovers!</small><br></div><div class="spacer battle-history"><br></div><h2 class="battle-history">Turn 20</h2><div class="spacer battle-history"><br></div><div class="battle-history">The opposing Come on Fire used <strong>Ice Beam</strong>!<br></div><div class="battle-history"><small>It's super effective!</small><br></div><div class="battle-history"><small>(Maractus lost <abbr title="−99/342">28.9%</abbr> of its health!)</small><br></div><div class="spacer battle-history"><br></div><div class="battle-history">Maractus fainted!<br></div><div class="spacer battle-history"><br></div><div class="battle-history"><small>The opposing Come on Fire restored a little HP using its Leftovers!</small><br></div><div class="spacer battle-history"><br></div><div class="battle-history">Go! <strong>Cryogonal</strong>!<br></div><div class="spacer battle-history"><br></div><h2 class="battle-history">Turn 21</h2><div class="spacer battle-history"><br></div><div class="battle-history">Cryogonal used <strong>Freeze-Dry</strong>!<br></div><div class="battle-history"><small>It's super effective!</small><br></div><div class="battle-history"><small>(The opposing Come on Fire lost <abbr title="−252/384">65.6%</abbr> of its health!)</small><br></div><div class="spacer battle-history"><br></div><div class="battle-history">The opposing Come on Fire used <strong>Scald</strong>!<br></div><div class="battle-history"><small>(Cryogonal lost <abbr title="−69/281">24.6%</abbr> of its health!)</small><br></div><div class="spacer battle-history"><br></div><div class="battle-history"><small>The opposing Come on Fire restored a little HP using its Leftovers!</small><br></div><div class="spacer battle-history"><br></div><h2 class="battle-history">Turn 22</h2><div class="spacer battle-history"><br></div><div class="battle-history">Cryogonal used <strong>Freeze-Dry</strong>!<br></div><div class="battle-history"><small>It's super effective!</small><br></div><div class="battle-history"><small>(The opposing Come on Fire lost <abbr title="−57/384">14.8%</abbr> of its health!)</small><br></div><div class="spacer battle-history"><br></div><div class="battle-history">The opposing Come on Fire fainted!<br></div><div class="spacer battle-history"><br></div><div class="battle-history">lcezasfuck sent out <strong>Raichu</strong>!<br></div><div class="battle-history"><small>The opposing Raichu is hurt by the spikes!</small><br></div><div class="spacer battle-history"><br></div><h2 class="battle-history">Turn 23</h2><div class="spacer battle-history"><br></div><div class="battle-history">The opposing Raichu used <strong>Nasty Plot</strong>!<br></div><div class="battle-history"><small>The opposing Raichu's Special Attack rose sharply!</small><br></div><div class="spacer battle-history"><br></div><div class="battle-history">Cryogonal used <strong>Hidden Power</strong>!<br></div><div class="battle-history"><small>It's super effective!</small><br></div><div class="battle-history"><small>(The opposing Raichu lost <abbr title="−168/261">64.4%</abbr> of its health!)</small><br></div><div class="spacer battle-history"><br></div><h2 class="battle-history">Turn 24</h2><div class="spacer battle-history"><br></div><div class="battle-history">The opposing Raichu used <strong>Focus Blast</strong>!<br></div><div class="battle-history"><small>It's super effective!</small><br></div><div class="battle-history"><small>(Cryogonal lost <abbr title="−212/281">75.4%</abbr> of its health!)</small><br></div><div class="battle-history"><small>The opposing Raichu lost some of its HP!</small><br></div><div class="spacer battle-history"><br></div><div class="battle-history">Cryogonal fainted!<br></div><div class="spacer battle-history"><br></div><div class="battle-history">Go! <strong>Basculin</strong>!<br></div><div class="battle-history"><small>Basculin is hurt by the spikes!</small><br></div><div class="spacer battle-history"><br></div><h2 class="battle-history">Turn 25</h2><div class="chat chatmessage-lcezasfuck"><strong style="color:hsl(63,60%,38.09380051909%)"><small>☆</small><span class="username" data-name="lcezasfuck">lcezasfuck</span>:</strong> <em>gg...</em></div><div class="chat chatmessage-pookies"><strong style="color:hsl(343,75%,47.19513637203398%)"><small>☆</small><span class="username" data-name="Pookies">Pookies</span>:</strong> <em>gg</em></div><div class="spacer battle-history"><br></div><div class="battle-history">Basculin, come back!<br></div><div class="battle-history">Go! <strong>Slowpoke</strong>!<br></div><div class="battle-history"><small>Slowpoke is hurt by the spikes!</small><br></div><div class="spacer battle-history"><br></div><div class="battle-history">The opposing Raichu used <strong>Thunderbolt</strong>!<br></div><div class="battle-history"><small>It's super effective!</small><br></div><div class="battle-history"><small>(Slowpoke lost <abbr title="−324/370">87.6%</abbr> of its health!)</small><br></div><div class="battle-history"><small>The opposing Raichu lost some of its HP!</small><br></div><div class="spacer battle-history"><br></div><div class="battle-history">Slowpoke fainted!<br></div><div class="spacer battle-history"><br></div><div class="battle-history">Go! <strong>Magcargo</strong>!<br></div><div class="battle-history"><small>Magcargo is hurt by the spikes!</small><br></div><div class="spacer battle-history"><br></div><h2 class="battle-history">Turn 26</h2><div class="chat chatmessage-lcezasfuck"><strong style="color:hsl(63,60%,38.09380051909%)"><small>☆</small><span class="username" data-name="lcezasfuck">lcezasfuck</span>:</strong> <em>life orb kills me</em></div><div class="spacer battle-history"><br></div><div class="battle-history">The opposing Raichu used <strong>Surf</strong>!<br></div><div class="battle-history"><small>It's super effective!</small><br></div><div class="battle-history"><small>(Magcargo lost <abbr title="−266/303">87.8%</abbr> of its health!)</small><br></div><div class="battle-history"><small>The opposing Raichu lost some of its HP!</small><br></div><div class="spacer battle-history"><br></div><div class="battle-history">Magcargo fainted!<br></div><div class="battle-history">The opposing Raichu fainted!<br></div><div class="spacer battle-history"><br></div><div class="battle-history"><strong>Pookies</strong> won the battle!<br></div><div class="chat">Pookies's rating: 1295 → <strong>1332</strong><br>(+37 for winning)</div><div class="chat">lcezasfuck's rating: 1471 → <strong>1442</strong><br>(-29 for losing)</div></div><div class="inner-preempt"></div></div></div>
</div>
<script>
let daily = Math.floor(Date.now()/1000/60/60/24);document.write('<script src="https://play.pokemonshowdown.com/js/replay-embed.js?version'+daily+'"></'+'script>');
</script>
