<!DOCTYPE html>
<meta charset="utf-8" />
<!-- version 1 -->
<title>PU replay: PokemonMasterTJ vs. UBERSkitty</title>
<style>
html,body {font-family:Verdana, sans-serif;font-size:10pt;margin:0;padding:0;}body{padding:12px 0;} .battle-log {font-family:Verdana, sans-serif;font-size:10pt;} .battle-log-inline {border:1px solid #AAAAAA;background:#EEF2F5;color:black;max-width:640px;margin:0 auto 80px;padding-bottom:5px;} .battle-log .inner {padding:4px 8px 0px 8px;} .battle-log .inner-preempt {padding:0 8px 4px 8px;} .battle-log .inner-after {margin-top:0.5em;} .battle-log h2 {margin:0.5em -8px;padding:4px 8px;border:1px solid #AAAAAA;background:#E0E7EA;border-left:0;border-right:0;font-family:Verdana, sans-serif;font-size:13pt;} .battle-log .chat {vertical-align:middle;padding:3px 0 3px 0;font-size:8pt;} .battle-log .chat strong {color:#40576A;} .battle-log .chat em {padding:1px 4px 1px 3px;color:#000000;font-style:normal;} .chat.mine {background:rgba(0,0,0,0.05);margin-left:-8px;margin-right:-8px;padding-left:8px;padding-right:8px;} .spoiler {color:#BBBBBB;background:#BBBBBB;padding:0px 3px;} .spoiler:hover, .spoiler:active, .spoiler-shown {color:#000000;background:#E2E2E2;padding:0px 3px;} .spoiler a {color:#BBBBBB;} .spoiler:hover a, .spoiler:active a, .spoiler-shown a {color:#2288CC;} .chat code, .chat .spoiler:hover code, .chat .spoiler:active code, .chat .spoiler-shown code {border:1px solid #C0C0C0;background:#EEEEEE;color:black;padding:0 2px;} .chat .spoiler code {border:1px solid #CCCCCC;background:#CCCCCC;color:#CCCCCC;} .battle-log .rated {padding:3px 4px;} .battle-log .rated strong {color:white;background:#89A;padding:1px 4px;border-radius:4px;} .spacer {margin-top:0.5em;} .message-announce {background:#6688AA;color:white;padding:1px 4px 2px;} .message-announce a, .broadcast-green a, .broadcast-blue a, .broadcast-red a {color:#DDEEFF;} .broadcast-green {background-color:#559955;color:white;padding:2px 4px;} .broadcast-blue {background-color:#6688AA;color:white;padding:2px 4px;} .infobox {border:1px solid #6688AA;padding:2px 4px;} .infobox-limited {max-height:200px;overflow:auto;overflow-x:hidden;} .broadcast-red {background-color:#AA5544;color:white;padding:2px 4px;} .message-learn-canlearn {font-weight:bold;color:#228822;text-decoration:underline;} .message-learn-cannotlearn {font-weight:bold;color:#CC2222;text-decoration:underline;} .message-effect-weak {font-weight:bold;color:#CC2222;} .message-effect-resist {font-weight:bold;color:#6688AA;} .message-effect-immune {font-weight:bold;color:#666666;} .message-learn-list {margin-top:0;margin-bottom:0;} .message-throttle-notice, .message-error {color:#992222;} .message-overflow, .chat small.message-overflow {font-size:0pt;} .message-overflow::before {font-size:9pt;content:'...';} .subtle {color:#3A4A66;}
</style>
<div class="wrapper replay-wrapper" style="max-width:1180px;margin:0 auto">
<input type="hidden" name="replayid" value="pu-545912181" />
<div class="battle"></div><div class="battle-log"></div><div class="replay-controls"></div><div class="replay-controls-2"></div>
<h1 style="font-weight:normal;text-align:center"><strong>PU</strong><br /><a href="http://pokemonshowdown.com/users/pokemonmastertj" class="subtle" target="_blank">PokemonMasterTJ</a> vs. <a href="http://pokemonshowdown.com/users/uberskitty" class="subtle" target="_blank">UBERSkitty</a></h1>
<script type="text/plain" class="battle-log-data">|j|PokemonMasterTJ
|j|UBERSkitty
|player|p1|PokemonMasterTJ|287
|player|p2|UBERSkitty|183
|gametype|singles
|gen|6
|tier|PU
|seed|60599,32746,12079,58305
|rule|Sleep Clause Mod: Limit one foe put to sleep
|rule|Species Clause: Limit one of each Pokémon
|rule|OHKO Clause: OHKO moves are banned
|rule|Moody Clause: Moody is banned
|rule|Evasion Moves Clause: Evasion moves are banned
|rule|Endless Battle Clause: Forcing endless battles is banned
|rule|HP Percentage Mod: HP is shown in percentages
|clearpoke
|poke|p1|Regigigas|item
|poke|p1|Clefairy, M|item
|poke|p1|Vullaby, F|item
|poke|p1|Gourgeist-*, F|item
|poke|p1|Dodrio, F|item
|poke|p1|Mr. Mime, M|item
|poke|p2|Murkrow, F|item
|poke|p2|Tangela, M|item
|poke|p2|Probopass, M|item
|poke|p2|Lumineon, M|item
|poke|p2|Zebstrika, M|item
|poke|p2|Stoutland, F|item
|rule|Swagger Clause: Swagger is banned
|rule|Baton Pass Clause: Limit one Baton Passer, can't pass Spe and other stats simultaneously
|teampreview
|c|☆UBERSkitty|we meet again
|c|☆PokemonMasterTJ|lol
|c|☆PokemonMasterTJ|hf
|j|quagsgone
|c|☆UBERSkitty|u2
|choice|team 5, team 2, team 3, team 4, team 1, team 6|team 5, team 2, team 3, team 4, team 1, team 6
|
|start
|switch|p1a: Dodrio|Dodrio, F|323\/323
|switch|p2a: ZEBRAAA|Zebstrika, M|291\/291
|turn|1
|choice|switch 2|switch 3
|
|switch|p2a: Shave Me|Probopass, M|286\/286
|switch|p1a: Clefairy|Clefairy, M|344\/344
|
|upkeep
|turn|2
|choice|move stealthrock|move flashcannon
|
|move|p2a: Shave Me|Flash Cannon|p1a: Clefairy
|-supereffective|p1a: Clefairy
|-damage|p1a: Clefairy|206\/344
|move|p1a: Clefairy|Stealth Rock|p2a: Shave Me
|-sidestart|p2: UBERSkitty|move: Stealth Rock
|
|upkeep
|turn|3
|choice|move softboiled|move flashcannon
|
|move|p2a: Shave Me|Flash Cannon|p1a: Clefairy
|-supereffective|p1a: Clefairy
|-damage|p1a: Clefairy|62\/344
|move|p1a: Clefairy|Soft-Boiled|p1a: Clefairy
|-heal|p1a: Clefairy|234\/344
|
|upkeep
|turn|4
|j|Specs Jigglypuff
|choice|switch 5|move flashcannon
|
|switch|p1a: Regigigas|Regigigas|405\/405
|-start|p1a: Regigigas|ability: Slow Start
|move|p2a: Shave Me|Flash Cannon|p1a: Regigigas
|-damage|p1a: Regigigas|309\/405
|
|-heal|p1a: Regigigas|334\/405|[from] item: Leftovers
|upkeep
|turn|5
|choice|move knockoff|switch 2
|
|switch|p2a: Noodlez|Tangela, M|333\/333
|-damage|p2a: Noodlez|292\/333|[from] Stealth Rock
|move|p1a: Regigigas|Knock Off|p2a: Noodlez
|-damage|p2a: Noodlez|254\/333
|-enditem|p2a: Noodlez|Eviolite|[from] move: Knock Off|[of] p1a: Regigigas
|
|-heal|p1a: Regigigas|359\/405|[from] item: Leftovers
|upkeep
|turn|6
|choice|move substitute|switch 5
|
|switch|p2a: Kaw-Kaw|Murkrow, F|261\/261
|-damage|p2a: Kaw-Kaw|196\/261|[from] Stealth Rock
|move|p1a: Regigigas|Substitute|p1a: Regigigas
|-start|p1a: Regigigas|Substitute
|-damage|p1a: Regigigas|258\/405
|
|-heal|p1a: Regigigas|283\/405|[from] item: Leftovers
|upkeep
|turn|7
|choice|move frustration|move hiddenpower
|
|move|p2a: Kaw-Kaw|Hidden Power|p1a: Regigigas
|-supereffective|p1a: Regigigas
|-activate|p1a: Regigigas|move: Substitute|[damage]
|-damage|p2a: Kaw-Kaw|170\/261|[from] item: Life Orb
|move|p1a: Regigigas|Frustration|p2a: Kaw-Kaw
|-damage|p2a: Kaw-Kaw|0 fnt
|faint|p2a: Kaw-Kaw
|
|-heal|p1a: Regigigas|308\/405|[from] item: Leftovers
|upkeep
|choice||switch 3
|
|switch|p2a: ZEBRAAA|Zebstrika, M|291\/291
|-damage|p2a: ZEBRAAA|255\/291|[from] Stealth Rock
|turn|8
|choice|move frustration|move voltswitch
|
|move|p2a: ZEBRAAA|Volt Switch|p1a: Regigigas
|-end|p1a: Regigigas|Substitute
|-damage|p2a: ZEBRAAA|226\/291|[from] item: Life Orb
|choice||switch 6
|
|switch|p2a: Skitty?|Stoutland, F|311\/311
|-damage|p2a: Skitty?|273\/311|[from] Stealth Rock
|move|p1a: Regigigas|Frustration|p2a: Skitty?
|-damage|p2a: Skitty?|173\/311
|
|-end|p1a: Regigigas|Slow Start
|-heal|p1a: Regigigas|333\/405|[from] item: Leftovers
|upkeep
|turn|9
|choice|move frustration|move superpower
|
|move|p1a: Regigigas|Frustration|p2a: Skitty?
|-damage|p2a: Skitty?|0 fnt
|faint|p2a: Skitty?
|
|-heal|p1a: Regigigas|358\/405|[from] item: Leftovers
|upkeep
|c|☆UBERSkitty|jdcugtj vdfkbkjv dckytbmgf cyhjtykhtbrvdrcb jkyt ybvrtf ctkyhgnvedjfuk,yi
|choice||switch 5
|
|switch|p2a: Noodlez|Tangela, M|333\/333
|-damage|p2a: Noodlez|292\/333|[from] Stealth Rock
|turn|10
|choice|move substitute|move sleeppowder
|
|move|p1a: Regigigas|Substitute|p1a: Regigigas
|-start|p1a: Regigigas|Substitute
|-damage|p1a: Regigigas|257\/405
|move|p2a: Noodlez|Sleep Powder|p1a: Regigigas
|-fail|p1a: Regigigas
|
|-heal|p1a: Regigigas|282\/405|[from] item: Leftovers
|upkeep
|turn|11
|choice|move poweruppunch|move gigadrain
|
|move|p1a: Regigigas|Power-Up Punch|p2a: Noodlez
|-damage|p2a: Noodlez|249\/333
|-boost|p1a: Regigigas|atk|1
|move|p2a: Noodlez|Giga Drain|p1a: Regigigas
|-end|p1a: Regigigas|Substitute
|-heal|p2a: Noodlez|300\/333|[from] drain|[of] p1a: Regigigas
|
|-heal|p1a: Regigigas|307\/405|[from] item: Leftovers
|upkeep
|turn|12
|choice|move frustration|move gigadrain
|
|move|p1a: Regigigas|Frustration|p2a: Noodlez
|-damage|p2a: Noodlez|23\/333
|move|p2a: Noodlez|Giga Drain|p1a: Regigigas
|-damage|p1a: Regigigas|199\/405
|-heal|p2a: Noodlez|77\/333|[from] drain|[of] p1a: Regigigas
|
|-heal|p1a: Regigigas|224\/405|[from] item: Leftovers
|upkeep
|turn|13
|l|Specs Jigglypuff
|choice|move frustration|move gigadrain
|
|move|p1a: Regigigas|Frustration|p2a: Noodlez
|-crit|p2a: Noodlez
|-damage|p2a: Noodlez|0 fnt
|faint|p2a: Noodlez
|
|-heal|p1a: Regigigas|249\/405|[from] item: Leftovers
|upkeep
|choice||switch 2
|
|switch|p2a: Shave Me|Probopass, M|286\/286
|-damage|p2a: Shave Me|269\/286|[from] Stealth Rock
|turn|14
|choice|move poweruppunch|move flashcannon
|
|move|p1a: Regigigas|Power-Up Punch|p2a: Shave Me
|-supereffective|p2a: Shave Me
|-damage|p2a: Shave Me|65\/286
|-boost|p1a: Regigigas|atk|1
|move|p2a: Shave Me|Flash Cannon|p1a: Regigigas
|-damage|p1a: Regigigas|150\/405
|
|-heal|p1a: Regigigas|175\/405|[from] item: Leftovers
|-heal|p2a: Shave Me|82\/286|[from] item: Leftovers
|upkeep
|turn|15
|choice|move poweruppunch|move flashcannon
|
|move|p1a: Regigigas|Power-Up Punch|p2a: Shave Me
|-supereffective|p2a: Shave Me
|-damage|p2a: Shave Me|0 fnt
|-boost|p1a: Regigigas|atk|1
|faint|p2a: Shave Me
|
|-heal|p1a: Regigigas|200\/405|[from] item: Leftovers
|upkeep
|choice||switch 6
|
|switch|p2a: ZEBRAAA|Zebstrika, M|226\/291
|-damage|p2a: ZEBRAAA|190\/291|[from] Stealth Rock
|turn|16
|choice|move frustration|move voltswitch
|
|move|p2a: ZEBRAAA|Volt Switch|p1a: Regigigas
|-damage|p1a: Regigigas|97\/405
|-damage|p2a: ZEBRAAA|161\/291|[from] item: Life Orb
|l|quagsgone
|choice||switch 4
|
|switch|p2a: Beautifish|Lumineon, M|342\/342
|-damage|p2a: Beautifish|300\/342|[from] Stealth Rock
|move|p1a: Regigigas|Frustration|p2a: Beautifish
|-damage|p2a: Beautifish|0 fnt
|faint|p2a: Beautifish
|
|-heal|p1a: Regigigas|122\/405|[from] item: Leftovers
|upkeep
|choice||switch 4
|
|switch|p2a: ZEBRAAA|Zebstrika, M|161\/291
|-damage|p2a: ZEBRAAA|125\/291|[from] Stealth Rock
|turn|17
|choice|switch 5|move thunderbolt
|
|-end|p1a: Regigigas|Slow Start|[silent]
|switch|p1a: Clefairy|Clefairy, M|234\/344
|move|p2a: ZEBRAAA|Thunderbolt|p1a: Clefairy
|-damage|p1a: Clefairy|137\/344
|-damage|p2a: ZEBRAAA|96\/291|[from] item: Life Orb
|
|upkeep
|turn|18
|c|☆UBERSkitty|crit
|choice|move softboiled|move thunderbolt
|
|move|p2a: ZEBRAAA|Thunderbolt|p1a: Clefairy
|-damage|p1a: Clefairy|47\/344
|-damage|p2a: ZEBRAAA|67\/291|[from] item: Life Orb
|move|p1a: Clefairy|Soft-Boiled|p1a: Clefairy
|-heal|p1a: Clefairy|219\/344
|
|upkeep
|turn|19
|choice|move softboiled|move thunderbolt
|
|move|p2a: ZEBRAAA|Thunderbolt|p1a: Clefairy
|-damage|p1a: Clefairy|132\/344
|-damage|p2a: ZEBRAAA|38\/291|[from] item: Life Orb
|move|p1a: Clefairy|Soft-Boiled|p1a: Clefairy
|-heal|p1a: Clefairy|304\/344
|
|upkeep
|turn|20
|c|☆UBERSkitty|u aint gonna 6-0 me
|c|☆PokemonMasterTJ|gg
|c|☆UBERSkitty|gg
|-message|UBERSkitty forfeited.
|
|win|PokemonMasterTJ
|player|p1
|player|p2
|l|UBERSkitty</script>
</div>
<div class="battle-log battle-log-inline"><div class="inner"><div class="battle-options"></div><div class="inner"><div class="chat"><small>PokemonMasterTJ joined.</small></div><div class="chat"><small>UBERSkitty joined.</small></div><div class=""><small>Format:</small> <br><strong>PU</strong></div><div class=""><small><em>Sleep Clause Mod:</em> Limit one foe put to sleep</small></div><div class=""><small><em>Species Clause:</em> Limit one of each Pokémon</small></div><div class=""><small><em>OHKO Clause:</em> OHKO moves are banned</small></div><div class=""><small><em>Moody Clause:</em> Moody is banned</small></div><div class=""><small><em>Evasion Moves Clause:</em> Evasion moves are banned</small></div><div class=""><small><em>Endless Battle Clause:</em> Forcing endless battles is banned</small></div><div class=""><small><em>HP Percentage Mod:</em> HP is shown in percentages</small></div><div class=""><small><em>Swagger Clause:</em> Swagger is banned</small></div><div class=""><small><em>Baton Pass Clause:</em> Limit one Baton Passer, can't pass Spe and other stats simultaneously</small></div><div class="chat battle-history"><strong>PokemonMasterTJ's team:</strong> <em style="color:#445566;display:block;">Regigigas / Clefairy / Vullaby / Gourgeist-* / Dodrio / Mr. Mime</em></div><div class="chat battle-history"><strong>UBERSkitty's team:</strong> <em style="color:#445566;display:block;">Murkrow / Tangela / Probopass / Lumineon / Zebstrika / Stoutland</em></div><div class="chat chatmessage-uberskitty"><strong style="color:hsl(74,64%,33%)"><small>☆</small><span class="username" data-name="UBERSkitty">UBERSkitty</span>:</strong> <em>we meet again</em></div><div class="chat chatmessage-pokemonmastertj"><strong style="color:hsl(26,75%,48%)"><small>☆</small><span class="username" data-name="PokemonMasterTJ">PokemonMasterTJ</span>:</strong> <em>lol</em></div><div class="chat chatmessage-pokemonmastertj"><strong style="color:hsl(26,75%,48%)"><small>☆</small><span class="username" data-name="PokemonMasterTJ">PokemonMasterTJ</span>:</strong> <em>hf</em></div><div class="chat"><small>quagsgone joined.</small></div><div class="chat chatmessage-uberskitty"><strong style="color:hsl(74,64%,33%)"><small>☆</small><span class="username" data-name="UBERSkitty">UBERSkitty</span>:</strong> <em>u2</em></div><div class="spacer battle-history"><br></div><div class="battle-history">Battle started between PokemonMasterTJ and UBERSkitty!<br></div><div class="spacer battle-history"><br></div><div class="battle-history">Go! <strong>Dodrio</strong>!<br></div><div class="spacer battle-history"><br></div><div class="battle-history">UBERSkitty sent out ZEBRAAA (<strong>Zebstrika</strong>)!<br></div><div class="spacer battle-history"><br></div><h2 class="battle-history">Turn 1</h2><div class="spacer battle-history"><br></div><div class="battle-history">UBERSkitty withdrew ZEBRAAA!<br></div><div class="battle-history">UBERSkitty sent out Shave Me (<strong>Probopass</strong>)!<br></div><div class="spacer battle-history"><br></div><div class="battle-history">Dodrio, come back!<br></div><div class="battle-history">Go! <strong>Clefairy</strong>!<br></div><div class="spacer battle-history"><br></div><h2 class="battle-history">Turn 2</h2><div class="spacer battle-history"><br></div><div class="battle-history">The opposing Shave Me used <strong>Flash Cannon</strong>!<br></div><div class="battle-history"><small>It's super effective!</small><br></div><div class="battle-history"><small>(Clefairy lost <abbr title="−138/344">40.1%</abbr> of its health!)</small><br></div><div class="spacer battle-history"><br></div><div class="battle-history">Clefairy used <strong>Stealth Rock</strong>!<br></div><div class="battle-history"><small>Pointed stones float in the air around the opposing team!</small><br></div><div class="spacer battle-history"><br></div><h2 class="battle-history">Turn 3</h2><div class="spacer battle-history"><br></div><div class="battle-history">The opposing Shave Me used <strong>Flash Cannon</strong>!<br></div><div class="battle-history"><small>It's super effective!</small><br></div><div class="battle-history"><small>(Clefairy lost <abbr title="−144/344">41.9%</abbr> of its health!)</small><br></div><div class="spacer battle-history"><br></div><div class="battle-history">Clefairy used <strong>Soft-Boiled</strong>!<br></div><div class="battle-history"><small>Clefairy restored its HP.</small><br></div><div class="spacer battle-history"><br></div><h2 class="battle-history">Turn 4</h2><div class="chat"><small>Specs Jigglypuff joined.</small></div><div class="spacer battle-history"><br></div><div class="battle-history">Clefairy, come back!<br></div><div class="battle-history">Go! <strong>Regigigas</strong>!<br></div><div class="battle-history"><small>[Regigigas's Slow Start]</small><br><small>Regigigas can't get it going!</small><br></div><div class="spacer battle-history"><br></div><div class="battle-history">The opposing Shave Me used <strong>Flash Cannon</strong>!<br></div><div class="battle-history"><small>(Regigigas lost <abbr title="−96/405">23.7%</abbr> of its health!)</small><br></div><div class="spacer battle-history"><br></div><div class="battle-history"><small>Regigigas restored a little HP using its Leftovers!</small><br></div><div class="spacer battle-history"><br></div><h2 class="battle-history">Turn 5</h2><div class="spacer battle-history"><br></div><div class="battle-history">UBERSkitty withdrew Shave Me!<br></div><div class="battle-history">UBERSkitty sent out Noodlez (<strong>Tangela</strong>)!<br></div><div class="battle-history"><small>Pointed stones dug into the opposing Noodlez!</small><br></div><div class="spacer battle-history"><br></div><div class="battle-history">Regigigas used <strong>Knock Off</strong>!<br></div><div class="battle-history"><small>(The opposing Noodlez lost <abbr title="−38/333">11.4%</abbr> of its health!)</small><br></div><div class="battle-history"><small>Regigigas knocked off the opposing Noodlez's Eviolite!</small><br></div><div class="spacer battle-history"><br></div><div class="battle-history"><small>Regigigas restored a little HP using its Leftovers!</small><br></div><div class="spacer battle-history"><br></div><h2 class="battle-history">Turn 6</h2><div class="spacer battle-history"><br></div><div class="battle-history">UBERSkitty withdrew Noodlez!<br></div><div class="battle-history">UBERSkitty sent out Kaw-Kaw (<strong>Murkrow</strong>)!<br></div><div class="battle-history"><small>Pointed stones dug into the opposing Kaw-Kaw!</small><br></div><div class="spacer battle-history"><br></div><div class="battle-history">Regigigas used <strong>Substitute</strong>!<br></div><div class="battle-history"><small>Regigigas put in a substitute!</small><br></div><div class="battle-history"><small>(Regigigas lost <abbr title="−101/405">24.9%</abbr> of its health!)</small><br></div><div class="spacer battle-history"><br></div><div class="battle-history"><small>Regigigas restored a little HP using its Leftovers!</small><br></div><div class="spacer battle-history"><br></div><h2 class="battle-history">Turn 7</h2><div class="spacer battle-history"><br></div><div class="battle-history">The opposing Kaw-Kaw used <strong>Hidden Power</strong>!<br></div><div class="battle-history"><small>It's super effective!</small><br></div><div class="battle-history"><small>The substitute took damage for Regigigas!</small><br></div><div class="battle-history"><small>The opposing Kaw-Kaw lost some of its HP!</small><br></div><div class="spacer battle-history"><br></div><div class="battle-history">Regigigas used <strong>Frustration</strong>!<br></div><div class="battle-history"><small>(The opposing Kaw-Kaw lost <abbr title="−170/261">65.1%</abbr> of its health!)</small><br></div><div class="spacer battle-history"><br></div><div class="battle-history">The opposing Kaw-Kaw fainted!<br></div><div class="spacer battle-history"><br></div><div class="battle-history"><small>Regigigas restored a little HP using its Leftovers!</small><br></div><div class="spacer battle-history"><br></div><div class="battle-history">UBERSkitty sent out ZEBRAAA (<strong>Zebstrika</strong>)!<br></div><div class="battle-history"><small>Pointed stones dug into the opposing ZEBRAAA!</small><br></div><div class="spacer battle-history"><br></div><h2 class="battle-history">Turn 8</h2><div class="spacer battle-history"><br></div><div class="battle-history">The opposing ZEBRAAA used <strong>Volt Switch</strong>!<br></div><div class="battle-history"><small>Regigigas's substitute faded!</small><br></div><div class="battle-history"><small>The opposing ZEBRAAA lost some of its HP!</small><br></div><div class="spacer battle-history"><br></div><div class="battle-history">The opposing ZEBRAAA went back to UBERSkitty!<br></div><div class="battle-history">UBERSkitty sent out Skitty? (<strong>Stoutland</strong>)!<br></div><div class="battle-history"><small>Pointed stones dug into the opposing Skitty?!</small><br></div><div class="spacer battle-history"><br></div><div class="battle-history">Regigigas used <strong>Frustration</strong>!<br></div><div class="battle-history"><small>(The opposing Skitty? lost <abbr title="−100/311">32.2%</abbr> of its health!)</small><br></div><div class="spacer battle-history"><br></div><div class="battle-history"><small>Regigigas finally got its act together!</small><br></div><div class="battle-history"><small>Regigigas restored a little HP using its Leftovers!</small><br></div><div class="spacer battle-history"><br></div><h2 class="battle-history">Turn 9</h2><div class="spacer battle-history"><br></div><div class="battle-history">Regigigas used <strong>Frustration</strong>!<br></div><div class="battle-history"><small>(The opposing Skitty? lost <abbr title="−173/311">55.6%</abbr> of its health!)</small><br></div><div class="spacer battle-history"><br></div><div class="battle-history">The opposing Skitty? fainted!<br></div><div class="spacer battle-history"><br></div><div class="battle-history"><small>Regigigas restored a little HP using its Leftovers!</small><br></div><div class="chat chatmessage-uberskitty"><strong style="color:hsl(74,64%,33%)"><small>☆</small><span class="username" data-name="UBERSkitty">UBERSkitty</span>:</strong> <em>jdcugtj vdfkbkjv dckytbmgf cyhjtykhtbrvdrcb jkyt ybvrtf ctkyhgnvedjfuk,yi</em></div><div class="spacer battle-history"><br></div><div class="battle-history">UBERSkitty sent out Noodlez (<strong>Tangela</strong>)!<br></div><div class="battle-history"><small>Pointed stones dug into the opposing Noodlez!</small><br></div><div class="spacer battle-history"><br></div><h2 class="battle-history">Turn 10</h2><div class="spacer battle-history"><br></div><div class="battle-history">Regigigas used <strong>Substitute</strong>!<br></div><div class="battle-history"><small>Regigigas put in a substitute!</small><br></div><div class="battle-history"><small>(Regigigas lost <abbr title="−101/405">24.9%</abbr> of its health!)</small><br></div><div class="spacer battle-history"><br></div><div class="battle-history">The opposing Noodlez used <strong>Sleep Powder</strong>!<br></div><div class="battle-history"><small>But it failed!</small><br></div><div class="spacer battle-history"><br></div><div class="battle-history"><small>Regigigas restored a little HP using its Leftovers!</small><br></div><div class="spacer battle-history"><br></div><h2 class="battle-history">Turn 11</h2><div class="spacer battle-history"><br></div><div class="battle-history">Regigigas used <strong>Power-Up Punch</strong>!<br></div><div class="battle-history"><small>(The opposing Noodlez lost <abbr title="−43/333">12.9%</abbr> of its health!)</small><br></div><div class="battle-history"><small>Regigigas's Attack rose!</small><br></div><div class="spacer battle-history"><br></div><div class="battle-history">The opposing Noodlez used <strong>Giga Drain</strong>!<br></div><div class="battle-history"><small>Regigigas's substitute faded!</small><br></div><div class="battle-history"><small>Regigigas had its energy drained!</small><br></div><div class="spacer battle-history"><br></div><div class="battle-history"><small>Regigigas restored a little HP using its Leftovers!</small><br></div><div class="spacer battle-history"><br></div><h2 class="battle-history">Turn 12</h2><div class="spacer battle-history"><br></div><div class="battle-history">Regigigas used <strong>Frustration</strong>!<br></div><div class="battle-history"><small>(The opposing Noodlez lost <abbr title="−277/333">83.2%</abbr> of its health!)</small><br></div><div class="spacer battle-history"><br></div><div class="battle-history">The opposing Noodlez used <strong>Giga Drain</strong>!<br></div><div class="battle-history"><small>(Regigigas lost <abbr title="−108/405">26.7%</abbr> of its health!)</small><br></div><div class="battle-history"><small>Regigigas had its energy drained!</small><br></div><div class="spacer battle-history"><br></div><div class="battle-history"><small>Regigigas restored a little HP using its Leftovers!</small><br></div><div class="spacer battle-history"><br></div><h2 class="battle-history">Turn 13</h2><div class="chat"><small>Specs Jigglypuff left.</small></div><div class="spacer battle-history"><br></div><div class="battle-history">Regigigas used <strong>Frustration</strong>!<br></div><div class="battle-history"><small>A critical hit!</small><br></div><div class="battle-history"><small>(The opposing Noodlez lost <abbr title="−77/333">23.1%</abbr> of its health!)</small><br></div><div class="spacer battle-history"><br></div><div class="battle-history">The opposing Noodlez fainted!<br></div><div class="spacer battle-history"><br></div><div class="battle-history"><small>Regigigas restored a little HP using its Leftovers!</small><br></div><div class="spacer battle-history"><br></div><div class="battle-history">UBERSkitty sent out Shave Me (<strong>Probopass</strong>)!<br></div><div class="battle-history"><small>Pointed stones dug into the opposing Shave Me!</small><br></div><div class="spacer battle-history"><br></div><h2 class="battle-history">Turn 14</h2><div class="spacer battle-history"><br></div><div class="battle-history">Regigigas used <strong>Power-Up Punch</strong>!<br></div><div class="battle-history"><small>It's super effective!</small><br></div><div class="battle-history"><small>(The opposing Shave Me lost <abbr title="−204/286">71.3%</abbr> of its health!)</small><br></div><div class="battle-history"><small>Regigigas's Attack rose!</small><br></div><div class="spacer battle-history"><br></div><div class="battle-history">The opposing Shave Me used <strong>Flash Cannon</strong>!<br></div><div class="battle-history"><small>(Regigigas lost <abbr title="−99/405">24.4%</abbr> of its health!)</small><br></div><div class="spacer battle-history"><br></div><div class="battle-history"><small>Regigigas restored a little HP using its Leftovers!</small><br></div><div class="battle-history"><small>The opposing Shave Me restored a little HP using its Leftovers!</small><br></div><div class="spacer battle-history"><br></div><h2 class="battle-history">Turn 15</h2><div class="spacer battle-history"><br></div><div class="battle-history">Regigigas used <strong>Power-Up Punch</strong>!<br></div><div class="battle-history"><small>It's super effective!</small><br></div><div class="battle-history"><small>(The opposing Shave Me lost <abbr title="−82/286">28.7%</abbr> of its health!)</small><br></div><div class="battle-history"><small>Regigigas's Attack rose!</small><br></div><div class="spacer battle-history"><br></div><div class="battle-history">The opposing Shave Me fainted!<br></div><div class="spacer battle-history"><br></div><div class="battle-history"><small>Regigigas restored a little HP using its Leftovers!</small><br></div><div class="spacer battle-history"><br></div><div class="battle-history">UBERSkitty sent out ZEBRAAA (<strong>Zebstrika</strong>)!<br></div><div class="battle-history"><small>Pointed stones dug into the opposing ZEBRAAA!</small><br></div><div class="spacer battle-history"><br></div><h2 class="battle-history">Turn 16</h2><div class="spacer battle-history"><br></div><div class="battle-history">The opposing ZEBRAAA used <strong>Volt Switch</strong>!<br></div><div class="battle-history"><small>(Regigigas lost <abbr title="−103/405">25.4%</abbr> of its health!)</small><br></div><div class="battle-history"><small>The opposing ZEBRAAA lost some of its HP!</small><br></div><div class="chat"><small>quagsgone left.</small></div><div class="spacer battle-history"><br></div><div class="battle-history">The opposing ZEBRAAA went back to UBERSkitty!<br></div><div class="battle-history">UBERSkitty sent out Beautifish (<strong>Lumineon</strong>)!<br></div><div class="battle-history"><small>Pointed stones dug into the opposing Beautifish!</small><br></div><div class="spacer battle-history"><br></div><div class="battle-history">Regigigas used <strong>Frustration</strong>!<br></div><div class="battle-history"><small>(The opposing Beautifish lost <abbr title="−300/342">87.7%</abbr> of its health!)</small><br></div><div class="spacer battle-history"><br></div><div class="battle-history">The opposing Beautifish fainted!<br></div><div class="spacer battle-history"><br></div><div class="battle-history"><small>Regigigas restored a little HP using its Leftovers!</small><br></div><div class="spacer battle-history"><br></div><div class="battle-history">UBERSkitty sent out ZEBRAAA (<strong>Zebstrika</strong>)!<br></div><div class="battle-history"><small>Pointed stones dug into the opposing ZEBRAAA!</small><br></div><div class="spacer battle-history"><br></div><h2 class="battle-history">Turn 17</h2><div class="spacer battle-history"><br></div><div class="battle-history">Regigigas, come back!<br></div><div class="battle-history">Go! <strong>Clefairy</strong>!<br></div><div class="spacer battle-history"><br></div><div class="battle-history">The opposing ZEBRAAA used <strong>Thunderbolt</strong>!<br></div><div class="battle-history"><small>(Clefairy lost <abbr title="−97/344">28.2%</abbr> of its health!)</small><br></div><div class="battle-history"><small>The opposing ZEBRAAA lost some of its HP!</small><br></div><div class="spacer battle-history"><br></div><h2 class="battle-history">Turn 18</h2><div class="chat chatmessage-uberskitty"><strong style="color:hsl(74,64%,33%)"><small>☆</small><span class="username" data-name="UBERSkitty">UBERSkitty</span>:</strong> <em>crit</em></div><div class="spacer battle-history"><br></div><div class="battle-history">The opposing ZEBRAAA used <strong>Thunderbolt</strong>!<br></div><div class="battle-history"><small>(Clefairy lost <abbr title="−90/344">26.2%</abbr> of its health!)</small><br></div><div class="battle-history"><small>The opposing ZEBRAAA lost some of its HP!</small><br></div><div class="spacer battle-history"><br></div><div class="battle-history">Clefairy used <strong>Soft-Boiled</strong>!<br></div><div class="battle-history"><small>Clefairy restored its HP.</small><br></div><div class="spacer battle-history"><br></div><h2 class="battle-history">Turn 19</h2><div class="spacer battle-history"><br></div><div class="battle-history">The opposing ZEBRAAA used <strong>Thunderbolt</strong>!<br></div><div class="battle-history"><small>(Clefairy lost <abbr title="−87/344">25.3%</abbr> of its health!)</small><br></div><div class="battle-history"><small>The opposing ZEBRAAA lost some of its HP!</small><br></div><div class="spacer battle-history"><br></div><div class="battle-history">Clefairy used <strong>Soft-Boiled</strong>!<br></div><div class="battle-history"><small>Clefairy restored its HP.</small><br></div><div class="spacer battle-history"><br></div><h2 class="battle-history">Turn 20</h2><div class="chat chatmessage-uberskitty"><strong style="color:hsl(74,64%,33%)"><small>☆</small><span class="username" data-name="UBERSkitty">UBERSkitty</span>:</strong> <em>u aint gonna 6-0 me</em></div><div class="chat chatmessage-pokemonmastertj"><strong style="color:hsl(26,75%,48%)"><small>☆</small><span class="username" data-name="PokemonMasterTJ">PokemonMasterTJ</span>:</strong> <em>gg</em></div><div class="chat chatmessage-uberskitty"><strong style="color:hsl(74,64%,33%)"><small>☆</small><span class="username" data-name="UBERSkitty">UBERSkitty</span>:</strong> <em>gg</em></div><div class="spacer battle-history"><br></div><div class="battle-history"><small>UBERSkitty forfeited.</small><br></div><div class="spacer battle-history"><br></div><div class="battle-history"><strong>PokemonMasterTJ</strong> won the battle!<br></div><div class="chat"><small>UBERSkitty left.</small></div></div><div class="inner-preempt"></div></div></div>
</div>
<script>
let daily = Math.floor(Date.now()/1000/60/60/24);document.write('<script src="https://play.pokemonshowdown.com/js/replay-embed.js?version'+daily+'"></'+'script>');
</script>
