<!DOCTYPE html>
<meta charset="utf-8" />
<!-- version 1 -->
<title>PU replay: Sableye♥My♥Bae vs. iAruban</title>
<style>
html,body {font-family:Verdana, sans-serif;font-size:10pt;margin:0;padding:0;}body{padding:12px 0;} .battle-log {font-family:Verdana, sans-serif;font-size:10pt;} .battle-log-inline {border:1px solid #AAAAAA;background:#EEF2F5;color:black;max-width:640px;margin:0 auto 80px;padding-bottom:5px;} .battle-log .inner {padding:4px 8px 0px 8px;} .battle-log .inner-preempt {padding:0 8px 4px 8px;} .battle-log .inner-after {margin-top:0.5em;} .battle-log h2 {margin:0.5em -8px;padding:4px 8px;border:1px solid #AAAAAA;background:#E0E7EA;border-left:0;border-right:0;font-family:Verdana, sans-serif;font-size:13pt;} .battle-log .chat {vertical-align:middle;padding:3px 0 3px 0;font-size:8pt;} .battle-log .chat strong {color:#40576A;} .battle-log .chat em {padding:1px 4px 1px 3px;color:#000000;font-style:normal;} .chat.mine {background:rgba(0,0,0,0.05);margin-left:-8px;margin-right:-8px;padding-left:8px;padding-right:8px;} .spoiler {color:#BBBBBB;background:#BBBBBB;padding:0px 3px;} .spoiler:hover, .spoiler:active, .spoiler-shown {color:#000000;background:#E2E2E2;padding:0px 3px;} .spoiler a {color:#BBBBBB;} .spoiler:hover a, .spoiler:active a, .spoiler-shown a {color:#2288CC;} .chat code, .chat .spoiler:hover code, .chat .spoiler:active code, .chat .spoiler-shown code {border:1px solid #C0C0C0;background:#EEEEEE;color:black;padding:0 2px;} .chat .spoiler code {border:1px solid #CCCCCC;background:#CCCCCC;color:#CCCCCC;} .battle-log .rated {padding:3px 4px;} .battle-log .rated strong {color:white;background:#89A;padding:1px 4px;border-radius:4px;} .spacer {margin-top:0.5em;} .message-announce {background:#6688AA;color:white;padding:1px 4px 2px;} .message-announce a, .broadcast-green a, .broadcast-blue a, .broadcast-red a {color:#DDEEFF;} .broadcast-green {background-color:#559955;color:white;padding:2px 4px;} .broadcast-blue {background-color:#6688AA;color:white;padding:2px 4px;} .infobox {border:1px solid #6688AA;padding:2px 4px;} .infobox-limited {max-height:200px;overflow:auto;overflow-x:hidden;} .broadcast-red {background-color:#AA5544;color:white;padding:2px 4px;} .message-learn-canlearn {font-weight:bold;color:#228822;text-decoration:underline;} .message-learn-cannotlearn {font-weight:bold;color:#CC2222;text-decoration:underline;} .message-effect-weak {font-weight:bold;color:#CC2222;} .message-effect-resist {font-weight:bold;color:#6688AA;} .message-effect-immune {font-weight:bold;color:#666666;} .message-learn-list {margin-top:0;margin-bottom:0;} .message-throttle-notice, .message-error {color:#992222;} .message-overflow, .chat small.message-overflow {font-size:0pt;} .message-overflow::before {font-size:9pt;content:'...';} .subtle {color:#3A4A66;}
</style>
<div class="wrapper replay-wrapper" style="max-width:1180px;margin:0 auto">
<input type="hidden" name="replayid" value="pu-561681217" />
<div class="battle"></div><div class="battle-log"></div><div class="replay-controls"></div><div class="replay-controls-2"></div>
<h1 style="font-weight:normal;text-align:center"><strong>PU</strong><br /><a href="http://pokemonshowdown.com/users/sableyemybae" class="subtle" target="_blank">Sableye♥My♥Bae</a> vs. <a href="http://pokemonshowdown.com/users/iaruban" class="subtle" target="_blank">iAruban</a></h1>
<script type="text/plain" class="battle-log-data">|j|Sableye♥My♥Bae
|j|iAruban
|player|p1|Sableye♥My♥Bae|70
|player|p2|iAruban|290
|gametype|singles
|gen|6
|tier|PU
|seed|56485,23987,58773,49946
|rule|Sleep Clause Mod: Limit one foe put to sleep
|rule|Species Clause: Limit one of each Pokémon
|rule|OHKO Clause: OHKO moves are banned
|rule|Moody Clause: Moody is banned
|rule|Evasion Moves Clause: Evasion moves are banned
|rule|Endless Battle Clause: Forcing endless battles is banned
|rule|HP Percentage Mod: HP is shown in percentages
|clearpoke
|poke|p1|Golem, M|item
|poke|p1|Prinplup, F|item
|poke|p1|Combusken, M|item
|poke|p1|Servine, F|item
|poke|p1|Rotom-Frost|item
|poke|p1|Beheeyem, F|item
|poke|p2|Monferno, F|item
|poke|p2|Pawniard, F|item
|poke|p2|Rotom-Frost|item
|poke|p2|Golem, M|item
|poke|p2|Dodrio, M|item
|poke|p2|Gorebyss, F|item
|rule|Swagger Clause: Swagger is banned
|rule|Baton Pass Clause: Limit one Baton Passer, can't pass Spe and other stats simultaneously
|teampreview
|j|Stats Bot
|l|Stats Bot
|j|KCstar
|j|Sab moh maya h
|j|GigaTalonflame
|j|Ninjadog13
|c| Sab moh maya h|Nice teddehs team sableye
|j|Jrsmash9
|c|☆Sableye♥My♥Bae|yeah
|j|AuroraFish
|l|Ninjadog13
|c|☆Sableye♥My♥Bae|it's one of the best pu teams so far
|J|GaryAjax
|c|☆iAruban|no one cares
|c|☆iAruban|click a mon
|j|zivani
|c|☆Sableye♥My♥Bae|i do :<
|c| Sab moh maya h|Not really the best
|c| Jrsmash9|win this iAruban
|c| Sab moh maya h|but yh it's pretty solid
|j|rafooa11
|c|☆iAruban|unlikely Jrsmash9
|j|TheBossKuroro
|c| zivani|poop
|c|☆iAruban|also since when are you rooting for me
|j|jari03
|c| Jrsmash9|he is approaching me on leaderboard :<
|c|☆iAruban|ah
|c| Sab moh maya h|Wins most of the time unless ur opponent is a real god
|l|zivani
|j|zivani
|choice|team 2, team 1, team 3, team 4, team 5, team 6|team 4, team 2, team 3, team 1, team 5, team 6
|
|start
|switch|p1a: Prinplup|Prinplup, F|331\/331
|switch|p2a: Golem|Golem, M|301\/301
|turn|1
|c|☆iAruban|lmfao
|l|rafooa11
|c|☆iAruban|and this took you 60 seconds
|j|Roseybear
|c|☆Sableye♥My♥Bae|y :D
|l|zivani
|choice|move stealthrock|move earthquake
|
|move|p2a: Golem|Earthquake|p1a: Prinplup
|-damage|p1a: Prinplup|222\/331
|move|p1a: Prinplup|Stealth Rock|p2a: Golem
|-sidestart|p2: iAruban|move: Stealth Rock
|
|upkeep
|turn|2
|l|Roseybear
|j|Pie <is> Cancer
|choice|move toxic|move stealthrock
|
|move|p2a: Golem|Stealth Rock|p1a: Prinplup
|-sidestart|p1: Sableye♥My♥Bae|move: Stealth Rock
|move|p1a: Prinplup|Toxic|p2a: Golem
|-status|p2a: Golem|tox
|
|-damage|p2a: Golem|283\/301 tox|[from] psn
|upkeep
|turn|3
|l|GigaTalonflame
|choice|move scald|move earthquake
|
|move|p2a: Golem|Earthquake|p1a: Prinplup
|-damage|p1a: Prinplup|105\/331
|move|p1a: Prinplup|Scald|p2a: Golem
|-supereffective|p2a: Golem
|-damage|p2a: Golem|0 fnt
|faint|p2a: Golem
|
|upkeep
|j|FauxFire
|choice||switch 6
|
|switch|p2a: Gorebyss|Gorebyss, F|251\/251
|-damage|p2a: Gorebyss|220\/251|[from] Stealth Rock
|turn|4
|choice|move defog|move shellsmash
|
|move|p2a: Gorebyss|Shell Smash|p2a: Gorebyss
|-unboost|p2a: Gorebyss|def|1
|-unboost|p2a: Gorebyss|spd|1
|-boost|p2a: Gorebyss|atk|2
|-boost|p2a: Gorebyss|spa|2
|-boost|p2a: Gorebyss|spe|2
|-enditem|p2a: Gorebyss|White Herb
|-clearnegativeboost|p2a: Gorebyss|[silent]
|move|p1a: Prinplup|Defog|p2a: Gorebyss
|-unboost|p2a: Gorebyss|evasion|1
|-sideend|p2: iAruban|Stealth Rock|[from] move: Defog|[of] p2a: Gorebyss
|-sideend|p1: Sableye♥My♥Bae|Stealth Rock|[from] move: Defog|[of] p1a: Prinplup
|
|upkeep
|turn|5
|c|☆iAruban|appreciate that
|choice|move scald|move hiddenpower
|
|move|p2a: Gorebyss|Hidden Power|p1a: Prinplup
|-supereffective|p1a: Prinplup
|-damage|p1a: Prinplup|0 fnt
|faint|p1a: Prinplup
|
|upkeep
|j|Chrus is nub
|choice|switch 2|
|
|switch|p1a: Golem|Golem, M|301\/301
|turn|6
|choice|move earthquake|move surf
|
|move|p2a: Gorebyss|Surf|p1a: Golem
|-supereffective|p1a: Golem
|-ability|p1a: Golem|Sturdy
|-damage|p1a: Golem|1\/301
|move|p1a: Golem|Earthquake|p2a: Gorebyss
|-damage|p2a: Gorebyss|0 fnt
|faint|p2a: Gorebyss
|
|upkeep
|j|rafooa11
|c|☆Sableye♥My♥Bae|me too
|choice||switch 4
|
|switch|p2a: Monferno|Monferno, F|269\/269
|turn|7
|l|Sab moh maya h
|choice|move earthquake|move machpunch
|
|move|p2a: Monferno|Mach Punch|p1a: Golem
|-supereffective|p1a: Golem
|-damage|p1a: Golem|0 fnt
|faint|p1a: Golem
|
|upkeep
|choice|switch 3|
|
|switch|p1a: Combusken|Combusken, M|323\/323
|turn|8
|choice|move protect|move swordsdance
|
|move|p1a: Combusken|Protect|p1a: Combusken
|-singleturn|p1a: Combusken|Protect
|move|p2a: Monferno|Swords Dance|p2a: Monferno
|-boost|p2a: Monferno|atk|2
|
|-ability|p1a: Combusken|Speed Boost|boost
|-boost|p1a: Combusken|spe|1
|upkeep
|turn|9
|choice|move substitute|move machpunch
|
|move|p2a: Monferno|Mach Punch|p1a: Combusken
|-damage|p1a: Combusken|179\/323
|move|p1a: Combusken|Substitute|p1a: Combusken
|-start|p1a: Combusken|Substitute
|-damage|p1a: Combusken|99\/323
|
|-ability|p1a: Combusken|Speed Boost|boost
|-boost|p1a: Combusken|spe|1
|upkeep
|turn|10
|choice|move batonpass|move machpunch
|
|move|p2a: Monferno|Mach Punch|p1a: Combusken
|-end|p1a: Combusken|Substitute
|move|p1a: Combusken|Baton Pass|p1a: Combusken
|choice|switch 6|
|
|switch|p1a: Beheeyem|Beheeyem, F|353\/353
|
|upkeep
|turn|11
|choice|move nastyplot|switch 2
|
|switch|p2a: Pawniard|Pawniard, F|231\/231
|move|p1a: Beheeyem|Nasty Plot|p1a: Beheeyem
|-boost|p1a: Beheeyem|spa|2
|
|upkeep
|turn|12
|c|☆iAruban|oh
|c|☆iAruban|if i flare blitzed there i won....
|l|Pie <is> Cancer
|c| Chrus is nub|"if"
|c| Chrus is nub|if my aunt had a penis it'd be my uncle
|c|☆Sableye♥My♥Bae|lol
|c|☆iAruban|no it be a transgender aunt
|choice|move thunderbolt|move suckerpunch
|
|move|p2a: Pawniard|Sucker Punch|p1a: Beheeyem
|-supereffective|p1a: Beheeyem
|-damage|p1a: Beheeyem|65\/353
|move|p1a: Beheeyem|Thunderbolt|p2a: Pawniard
|-damage|p2a: Pawniard|0 fnt
|faint|p2a: Pawniard
|
|-heal|p1a: Beheeyem|87\/353|[from] item: Leftovers
|upkeep
|choice||switch 3
|
|switch|p2a: Rotom|Rotom-Frost|241\/241
|turn|13
|choice|move psychic|move voltswitch
|
|move|p2a: Rotom|Volt Switch|p1a: Beheeyem
|-damage|p1a: Beheeyem|0 fnt
|faint|p1a: Beheeyem
|choice||switch 2
|
|switch|p2a: Monferno|Monferno, F|269\/269
|
|upkeep
|choice|switch 6|
|
|switch|p1a: Combusken|Combusken, M|99\/323
|turn|14
|choice|move protect|move swordsdance
|
|move|p1a: Combusken|Protect|p1a: Combusken
|-singleturn|p1a: Combusken|Protect
|move|p2a: Monferno|Swords Dance|p2a: Monferno
|-boost|p2a: Monferno|atk|2
|
|-ability|p1a: Combusken|Speed Boost|boost
|-boost|p1a: Combusken|spe|1
|upkeep
|turn|15
|c|☆iAruban|dude
|c| Jrsmash9|lol
|choice|move fireblast|move machpunch
|
|move|p2a: Monferno|Mach Punch|p1a: Combusken
|-damage|p1a: Combusken|0 fnt
|faint|p1a: Combusken
|
|upkeep
|c| rafooa11|gg
|choice|switch 4|
|
|switch|p1a: Servine|Servine, F|323\/323
|turn|16
|c| Jrsmash9|aruban ftw
|c|☆iAruban|ye boi
|choice|move leafstorm|move flareblitz
|
|move|p2a: Monferno|Flare Blitz|p1a: Servine
|-supereffective|p1a: Servine
|-damage|p1a: Servine|0 fnt
|-damage|p2a: Monferno|162\/269|[from] recoil|[of] p1a: Servine
|faint|p1a: Servine
|
|upkeep
|choice|switch 5|
|
|switch|p1a: Rotom|Rotom-Frost|241\/241
|turn|17
|choice|move thunderbolt|move machpunch
|
|move|p2a: Monferno|Mach Punch|p1a: Rotom
|-supereffective|p1a: Rotom
|-damage|p1a: Rotom|1\/241
|move|p1a: Rotom|Thunderbolt|p2a: Monferno
|-damage|p2a: Monferno|20\/269
|-status|p2a: Monferno|par
|
|-heal|p1a: Rotom|16\/241|[from] item: Leftovers
|upkeep
|turn|18
|c| rafooa11|ouch
|choice|move thunderbolt|move machpunch
|
|move|p2a: Monferno|Mach Punch|p1a: Rotom
|-supereffective|p1a: Rotom
|-damage|p1a: Rotom|0 fnt
|faint|p1a: Rotom
|
|win|iAruban
|c|☆iAruban|gg
|l|rafooa11
|c|☆Sableye♥My♥Bae|gg
|l|Chrus is nub
|j|WomanInTheLadder
|l|Jrsmash9
|l|iAruban
|l|Sableye♥My♥Bae
|L|GaryAjax
|l|WomanInTheLadder
|l|AuroraFish
|l|KCstar
|l|FauxFire
|l|jari03
|j|Sab moh maya h</script>
</div>
<div class="battle-log battle-log-inline"><div class="inner"><div class="battle-options"></div><div class="inner"><div class="chat"><small>Sableye♥My♥Bae joined.</small></div><div class="chat"><small>iAruban joined.</small></div><div class=""><small>Format:</small> <br><strong>PU</strong></div><div class=""><small><em>Sleep Clause Mod:</em> Limit one foe put to sleep</small></div><div class=""><small><em>Species Clause:</em> Limit one of each Pokémon</small></div><div class=""><small><em>OHKO Clause:</em> OHKO moves are banned</small></div><div class=""><small><em>Moody Clause:</em> Moody is banned</small></div><div class=""><small><em>Evasion Moves Clause:</em> Evasion moves are banned</small></div><div class=""><small><em>Endless Battle Clause:</em> Forcing endless battles is banned</small></div><div class=""><small><em>HP Percentage Mod:</em> HP is shown in percentages</small></div><div class=""><small><em>Swagger Clause:</em> Swagger is banned</small></div><div class=""><small><em>Baton Pass Clause:</em> Limit one Baton Passer, can't pass Spe and other stats simultaneously</small></div><div class="chat battle-history"><strong>Sableye♥My♥Bae's team:</strong> <em style="color:#445566;display:block;">Golem / Prinplup / Combusken / Servine / Rotom-Frost / Beheeyem</em></div><div class="chat battle-history"><strong>iAruban's team:</strong> <em style="color:#445566;display:block;">Monferno / Pawniard / Rotom-Frost / Golem / Dodrio / Gorebyss</em></div><div class="chat"><small>Stats Bot joined.</small></div><div class="chat"><small>Stats Bot left.</small></div><div class="chat"><small>KCstar joined.</small></div><div class="chat"><small>Sab moh maya h joined.</small></div><div class="chat"><small>GigaTalonflame joined.</small></div><div class="chat"><small>Ninjadog13 joined.</small></div><div class="chat chatmessage-sabmohmayah"><strong style="color:hsl(202,45%,49%)"><small> </small><span class="username" data-name="Sab moh maya h">Sab moh maya h</span>:</strong> <em>Nice teddehs team sableye</em></div><div class="chat"><small>Jrsmash9 joined.</small></div><div class="chat chatmessage-sableyemybae"><strong style="color:hsl(63,53%,39.786338788226445%)"><small>☆</small><span class="username" data-name="Sableye♥My♥Bae">Sableye♥My♥Bae</span>:</strong> <em>yeah</em></div><div class="chat"><small>AuroraFish joined.</small></div><div class="chat"><small>Ninjadog13 left.</small></div><div class="chat chatmessage-sableyemybae"><strong style="color:hsl(63,53%,39.786338788226445%)"><small>☆</small><span class="username" data-name="Sableye♥My♥Bae">Sableye♥My♥Bae</span>:</strong> <em>it's one of the best pu teams so far</em></div><div class="chat chatmessage-iaruban"><strong style="color:hsl(298,87%,46%)"><small>☆</small><span class="username" data-name="iAruban">iAruban</span>:</strong> <em>no one cares</em></div><div class="chat chatmessage-iaruban"><strong style="color:hsl(298,87%,46%)"><small>☆</small><span class="username" data-name="iAruban">iAruban</span>:</strong> <em>click a mon</em></div><div class="chat"><small>zivani joined.</small></div><div class="chat chatmessage-sableyemybae"><strong style="color:hsl(63,53%,39.786338788226445%)"><small>☆</small><span class="username" data-name="Sableye♥My♥Bae">Sableye♥My♥Bae</span>:</strong> <em>i do :&lt;</em></div><div class="chat chatmessage-sabmohmayah"><strong style="color:hsl(202,45%,49%)"><small> </small><span class="username" data-name="Sab moh maya h">Sab moh maya h</span>:</strong> <em>Not really the best</em></div><div class="chat chatmessage-jrsmash9"><strong style="color:hsl(30,46%,41.711895084057616%)"><small> </small><span class="username" data-name="Jrsmash9">Jrsmash9</span>:</strong> <em>win this iAruban</em></div><div class="chat chatmessage-sabmohmayah"><strong style="color:hsl(202,45%,49%)"><small> </small><span class="username" data-name="Sab moh maya h">Sab moh maya h</span>:</strong> <em>but yh it's pretty solid</em></div><div class="chat"><small>rafooa11 joined.</small></div><div class="chat chatmessage-iaruban"><strong style="color:hsl(298,87%,46%)"><small>☆</small><span class="username" data-name="iAruban">iAruban</span>:</strong> <em>unlikely Jrsmash9</em></div><div class="chat"><small>TheBossKuroro joined.</small></div><div class="chat chatmessage-zivani"><strong style="color:hsl(117,68%,39.262756284857296%)"><small> </small><span class="username" data-name="zivani">zivani</span>:</strong> <em>poop</em></div><div class="chat chatmessage-iaruban"><strong style="color:hsl(298,87%,46%)"><small>☆</small><span class="username" data-name="iAruban">iAruban</span>:</strong> <em>also since when are you rooting for me</em></div><div class="chat"><small>jari03 joined.</small></div><div class="chat chatmessage-jrsmash9"><strong style="color:hsl(30,46%,41.711895084057616%)"><small> </small><span class="username" data-name="Jrsmash9">Jrsmash9</span>:</strong> <em>he is approaching me on leaderboard :&lt;</em></div><div class="chat chatmessage-iaruban"><strong style="color:hsl(298,87%,46%)"><small>☆</small><span class="username" data-name="iAruban">iAruban</span>:</strong> <em>ah</em></div><div class="chat chatmessage-sabmohmayah"><strong style="color:hsl(202,45%,49%)"><small> </small><span class="username" data-name="Sab moh maya h">Sab moh maya h</span>:</strong> <em>Wins most of the time unless ur opponent is a real god</em></div><div class="chat"><small>zivani left.</small></div><div class="chat"><small>zivani joined.</small></div><div class="spacer battle-history"><br></div><div class="battle-history">Battle started between Sableye♥My♥Bae and iAruban!<br></div><div class="spacer battle-history"><br></div><div class="battle-history">Go! <strong>Prinplup</strong>!<br></div><div class="spacer battle-history"><br></div><div class="battle-history">iAruban sent out <strong>Golem</strong>!<br></div><div class="spacer battle-history"><br></div><h2 class="battle-history">Turn 1</h2><div class="chat chatmessage-iaruban"><strong style="color:hsl(298,87%,46%)"><small>☆</small><span class="username" data-name="iAruban">iAruban</span>:</strong> <em>lmfao</em></div><div class="chat"><small>rafooa11 left.</small></div><div class="chat chatmessage-iaruban"><strong style="color:hsl(298,87%,46%)"><small>☆</small><span class="username" data-name="iAruban">iAruban</span>:</strong> <em>and this took you 60 seconds</em></div><div class="chat"><small>Roseybear joined.</small></div><div class="chat chatmessage-sableyemybae"><strong style="color:hsl(63,53%,39.786338788226445%)"><small>☆</small><span class="username" data-name="Sableye♥My♥Bae">Sableye♥My♥Bae</span>:</strong> <em>y :D</em></div><div class="chat"><small>zivani left.</small></div><div class="spacer battle-history"><br></div><div class="battle-history">The opposing Golem used <strong>Earthquake</strong>!<br></div><div class="battle-history"><small>(Prinplup lost <abbr title="−109/331">32.9%</abbr> of its health!)</small><br></div><div class="spacer battle-history"><br></div><div class="battle-history">Prinplup used <strong>Stealth Rock</strong>!<br></div><div class="battle-history"><small>Pointed stones float in the air around the opposing team!</small><br></div><div class="spacer battle-history"><br></div><h2 class="battle-history">Turn 2</h2><div class="chat"><small>Roseybear left.</small></div><div class="chat"><small>Pie &lt;is&gt; Cancer joined.</small></div><div class="spacer battle-history"><br></div><div class="battle-history">The opposing Golem used <strong>Stealth Rock</strong>!<br></div><div class="battle-history"><small>Pointed stones float in the air around your team!</small><br></div><div class="spacer battle-history"><br></div><div class="battle-history">Prinplup used <strong>Toxic</strong>!<br></div><div class="battle-history"><small>The opposing Golem was badly poisoned!</small><br></div><div class="spacer battle-history"><br></div><div class="battle-history"><small>The opposing Golem was hurt by poison!</small><br></div><div class="spacer battle-history"><br></div><h2 class="battle-history">Turn 3</h2><div class="chat"><small>GigaTalonflame left.</small></div><div class="spacer battle-history"><br></div><div class="battle-history">The opposing Golem used <strong>Earthquake</strong>!<br></div><div class="battle-history"><small>(Prinplup lost <abbr title="−117/331">35.3%</abbr> of its health!)</small><br></div><div class="spacer battle-history"><br></div><div class="battle-history">Prinplup used <strong>Scald</strong>!<br></div><div class="battle-history"><small>It's super effective!</small><br></div><div class="battle-history"><small>(The opposing Golem lost <abbr title="−283/301">94.0%</abbr> of its health!)</small><br></div><div class="spacer battle-history"><br></div><div class="battle-history">The opposing Golem fainted!<br></div><div class="chat"><small>FauxFire joined.</small></div><div class="spacer battle-history"><br></div><div class="battle-history">iAruban sent out <strong>Gorebyss</strong>!<br></div><div class="battle-history"><small>Pointed stones dug into the opposing Gorebyss!</small><br></div><div class="spacer battle-history"><br></div><h2 class="battle-history">Turn 4</h2><div class="spacer battle-history"><br></div><div class="battle-history">The opposing Gorebyss used <strong>Shell Smash</strong>!<br></div><div class="battle-history"><small>The opposing Gorebyss's Defense fell!</small><br></div><div class="battle-history"><small>The opposing Gorebyss's Special Defense fell!</small><br></div><div class="battle-history"><small>The opposing Gorebyss's Attack rose sharply!</small><br></div><div class="battle-history"><small>The opposing Gorebyss's Special Attack rose sharply!</small><br></div><div class="battle-history"><small>The opposing Gorebyss's Speed rose sharply!</small><br></div><div class="battle-history"><small>The opposing Gorebyss returned its status to normal using its White Herb!</small><br></div><div class="spacer battle-history"><br></div><div class="battle-history">Prinplup used <strong>Defog</strong>!<br></div><div class="battle-history"><small>The opposing Gorebyss's evasiveness fell!</small><br></div><div class="battle-history"><small>The pointed stones disappeared from around the opposing team!</small><br></div><div class="battle-history"><small>The pointed stones disappeared from around your team!</small><br></div><div class="spacer battle-history"><br></div><h2 class="battle-history">Turn 5</h2><div class="chat chatmessage-iaruban"><strong style="color:hsl(298,87%,46%)"><small>☆</small><span class="username" data-name="iAruban">iAruban</span>:</strong> <em>appreciate that</em></div><div class="spacer battle-history"><br></div><div class="battle-history">The opposing Gorebyss used <strong>Hidden Power</strong>!<br></div><div class="battle-history"><small>It's super effective!</small><br></div><div class="battle-history"><small>(Prinplup lost <abbr title="−105/331">31.7%</abbr> of its health!)</small><br></div><div class="spacer battle-history"><br></div><div class="battle-history">Prinplup fainted!<br></div><div class="chat"><small>Chrus is nub joined.</small></div><div class="spacer battle-history"><br></div><div class="battle-history">Go! <strong>Golem</strong>!<br></div><div class="spacer battle-history"><br></div><h2 class="battle-history">Turn 6</h2><div class="spacer battle-history"><br></div><div class="battle-history">The opposing Gorebyss used <strong>Surf</strong>!<br></div><div class="battle-history"><small>It's super effective!</small><br></div><div class="battle-history"><small>[Golem's Sturdy]</small><br><small>Golem endured the hit!</small><br></div><div class="battle-history"><small>(Golem lost <abbr title="−300/301">99.7%</abbr> of its health!)</small><br></div><div class="spacer battle-history"><br></div><div class="battle-history">Golem used <strong>Earthquake</strong>!<br></div><div class="battle-history"><small>(The opposing Gorebyss lost <abbr title="−220/251">87.6%</abbr> of its health!)</small><br></div><div class="spacer battle-history"><br></div><div class="battle-history">The opposing Gorebyss fainted!<br></div><div class="chat"><small>rafooa11 joined.</small></div><div class="chat chatmessage-sableyemybae"><strong style="color:hsl(63,53%,39.786338788226445%)"><small>☆</small><span class="username" data-name="Sableye♥My♥Bae">Sableye♥My♥Bae</span>:</strong> <em>me too</em></div><div class="spacer battle-history"><br></div><div class="battle-history">iAruban sent out <strong>Monferno</strong>!<br></div><div class="spacer battle-history"><br></div><h2 class="battle-history">Turn 7</h2><div class="chat"><small>Sab moh maya h left.</small></div><div class="spacer battle-history"><br></div><div class="battle-history">The opposing Monferno used <strong>Mach Punch</strong>!<br></div><div class="battle-history"><small>It's super effective!</small><br></div><div class="battle-history"><small>(Golem lost <abbr title="−1/301">0.3%</abbr> of its health!)</small><br></div><div class="spacer battle-history"><br></div><div class="battle-history">Golem fainted!<br></div><div class="spacer battle-history"><br></div><div class="battle-history">Go! <strong>Combusken</strong>!<br></div><div class="spacer battle-history"><br></div><h2 class="battle-history">Turn 8</h2><div class="spacer battle-history"><br></div><div class="battle-history">Combusken used <strong>Protect</strong>!<br></div><div class="battle-history"><small>Combusken protected itself!</small><br></div><div class="spacer battle-history"><br></div><div class="battle-history">The opposing Monferno used <strong>Swords Dance</strong>!<br></div><div class="battle-history"><small>The opposing Monferno's Attack rose sharply!</small><br></div><div class="spacer battle-history"><br></div><div class="battle-history"><small>[Combusken's Speed Boost]</small><br></div><div class="battle-history"><small>Combusken's Speed rose!</small><br></div><div class="spacer battle-history"><br></div><h2 class="battle-history">Turn 9</h2><div class="spacer battle-history"><br></div><div class="battle-history">The opposing Monferno used <strong>Mach Punch</strong>!<br></div><div class="battle-history"><small>(Combusken lost <abbr title="−144/323">44.6%</abbr> of its health!)</small><br></div><div class="spacer battle-history"><br></div><div class="battle-history">Combusken used <strong>Substitute</strong>!<br></div><div class="battle-history"><small>Combusken put in a substitute!</small><br></div><div class="battle-history"><small>(Combusken lost <abbr title="−80/323">24.8%</abbr> of its health!)</small><br></div><div class="spacer battle-history"><br></div><div class="battle-history"><small>[Combusken's Speed Boost]</small><br></div><div class="battle-history"><small>Combusken's Speed rose!</small><br></div><div class="spacer battle-history"><br></div><h2 class="battle-history">Turn 10</h2><div class="spacer battle-history"><br></div><div class="battle-history">The opposing Monferno used <strong>Mach Punch</strong>!<br></div><div class="battle-history"><small>Combusken's substitute faded!</small><br></div><div class="spacer battle-history"><br></div><div class="battle-history">Combusken used <strong>Baton Pass</strong>!<br></div><div class="spacer battle-history"><br></div><div class="battle-history">Go! <strong>Beheeyem</strong>!<br></div><div class="spacer battle-history"><br></div><h2 class="battle-history">Turn 11</h2><div class="spacer battle-history"><br></div><div class="battle-history">iAruban withdrew Monferno!<br></div><div class="battle-history">iAruban sent out <strong>Pawniard</strong>!<br></div><div class="spacer battle-history"><br></div><div class="battle-history">Beheeyem used <strong>Nasty Plot</strong>!<br></div><div class="battle-history"><small>Beheeyem's Special Attack rose sharply!</small><br></div><div class="spacer battle-history"><br></div><h2 class="battle-history">Turn 12</h2><div class="chat chatmessage-iaruban"><strong style="color:hsl(298,87%,46%)"><small>☆</small><span class="username" data-name="iAruban">iAruban</span>:</strong> <em>oh</em></div><div class="chat chatmessage-iaruban"><strong style="color:hsl(298,87%,46%)"><small>☆</small><span class="username" data-name="iAruban">iAruban</span>:</strong> <em>if i flare blitzed there i won....</em></div><div class="chat"><small>Pie &lt;is&gt; Cancer left.</small></div><div class="chat chatmessage-chrusisnub"><strong style="color:hsl(64,63%,37.336752301997336%)"><small> </small><span class="username" data-name="Chrus is nub">Chrus is nub</span>:</strong> <em>"if"</em></div><div class="chat chatmessage-chrusisnub"><strong style="color:hsl(64,63%,37.336752301997336%)"><small> </small><span class="username" data-name="Chrus is nub">Chrus is nub</span>:</strong> <em>if my aunt had a penis it'd be my uncle</em></div><div class="chat chatmessage-sableyemybae"><strong style="color:hsl(63,53%,39.786338788226445%)"><small>☆</small><span class="username" data-name="Sableye♥My♥Bae">Sableye♥My♥Bae</span>:</strong> <em>lol</em></div><div class="chat chatmessage-iaruban"><strong style="color:hsl(298,87%,46%)"><small>☆</small><span class="username" data-name="iAruban">iAruban</span>:</strong> <em>no it be a transgender aunt</em></div><div class="spacer battle-history"><br></div><div class="battle-history">The opposing Pawniard used <strong>Sucker Punch</strong>!<br></div><div class="battle-history"><small>It's super effective!</small><br></div><div class="battle-history"><small>(Beheeyem lost <abbr title="−288/353">81.6%</abbr> of its health!)</small><br></div><div class="spacer battle-history"><br></div><div class="battle-history">Beheeyem used <strong>Thunderbolt</strong>!<br></div><div class="battle-history"><small>(The opposing Pawniard lost <abbr title="−231/231">100%</abbr> of its health!)</small><br></div><div class="spacer battle-history"><br></div><div class="battle-history">The opposing Pawniard fainted!<br></div><div class="spacer battle-history"><br></div><div class="battle-history"><small>Beheeyem restored a little HP using its Leftovers!</small><br></div><div class="spacer battle-history"><br></div><div class="battle-history">iAruban sent out Rotom (<strong>Rotom-Frost</strong>)!<br></div><div class="spacer battle-history"><br></div><h2 class="battle-history">Turn 13</h2><div class="spacer battle-history"><br></div><div class="battle-history">The opposing Rotom used <strong>Volt Switch</strong>!<br></div><div class="battle-history"><small>(Beheeyem lost <abbr title="−87/353">24.6%</abbr> of its health!)</small><br></div><div class="spacer battle-history"><br></div><div class="battle-history">Beheeyem fainted!<br></div><div class="spacer battle-history"><br></div><div class="battle-history">The opposing Rotom went back to iAruban!<br></div><div class="battle-history">iAruban sent out <strong>Monferno</strong>!<br></div><div class="spacer battle-history"><br></div><div class="battle-history">Go! <strong>Combusken</strong>!<br></div><div class="spacer battle-history"><br></div><h2 class="battle-history">Turn 14</h2><div class="spacer battle-history"><br></div><div class="battle-history">Combusken used <strong>Protect</strong>!<br></div><div class="battle-history"><small>Combusken protected itself!</small><br></div><div class="spacer battle-history"><br></div><div class="battle-history">The opposing Monferno used <strong>Swords Dance</strong>!<br></div><div class="battle-history"><small>The opposing Monferno's Attack rose sharply!</small><br></div><div class="spacer battle-history"><br></div><div class="battle-history"><small>[Combusken's Speed Boost]</small><br></div><div class="battle-history"><small>Combusken's Speed rose!</small><br></div><div class="spacer battle-history"><br></div><h2 class="battle-history">Turn 15</h2><div class="chat chatmessage-iaruban"><strong style="color:hsl(298,87%,46%)"><small>☆</small><span class="username" data-name="iAruban">iAruban</span>:</strong> <em>dude</em></div><div class="chat chatmessage-jrsmash9"><strong style="color:hsl(30,46%,41.711895084057616%)"><small> </small><span class="username" data-name="Jrsmash9">Jrsmash9</span>:</strong> <em>lol</em></div><div class="spacer battle-history"><br></div><div class="battle-history">The opposing Monferno used <strong>Mach Punch</strong>!<br></div><div class="battle-history"><small>(Combusken lost <abbr title="−99/323">30.7%</abbr> of its health!)</small><br></div><div class="spacer battle-history"><br></div><div class="battle-history">Combusken fainted!<br></div><div class="chat chatmessage-rafooa11"><strong style="color:hsl(11,48%,44.95920034731152%)"><small> </small><span class="username" data-name="rafooa11">rafooa11</span>:</strong> <em>gg</em></div><div class="spacer battle-history"><br></div><div class="battle-history">Go! <strong>Servine</strong>!<br></div><div class="spacer battle-history"><br></div><h2 class="battle-history">Turn 16</h2><div class="chat chatmessage-jrsmash9"><strong style="color:hsl(30,46%,41.711895084057616%)"><small> </small><span class="username" data-name="Jrsmash9">Jrsmash9</span>:</strong> <em>aruban ftw</em></div><div class="chat chatmessage-iaruban"><strong style="color:hsl(298,87%,46%)"><small>☆</small><span class="username" data-name="iAruban">iAruban</span>:</strong> <em>ye boi</em></div><div class="spacer battle-history"><br></div><div class="battle-history">The opposing Monferno used <strong>Flare Blitz</strong>!<br></div><div class="battle-history"><small>It's super effective!</small><br></div><div class="battle-history"><small>(Servine lost <abbr title="−323/323">100%</abbr> of its health!)</small><br></div><div class="battle-history"><small>The opposing Monferno is damaged by the recoil!</small><br></div><div class="spacer battle-history"><br></div><div class="battle-history">Servine fainted!<br></div><div class="spacer battle-history"><br></div><div class="battle-history">Go! Rotom (<strong>Rotom-Frost</strong>)!<br></div><div class="spacer battle-history"><br></div><h2 class="battle-history">Turn 17</h2><div class="spacer battle-history"><br></div><div class="battle-history">The opposing Monferno used <strong>Mach Punch</strong>!<br></div><div class="battle-history"><small>It's super effective!</small><br></div><div class="battle-history"><small>(Rotom lost <abbr title="−240/241">99.6%</abbr> of its health!)</small><br></div><div class="spacer battle-history"><br></div><div class="battle-history">Rotom used <strong>Thunderbolt</strong>!<br></div><div class="battle-history"><small>(The opposing Monferno lost <abbr title="−142/269">52.8%</abbr> of its health!)</small><br></div><div class="battle-history"><small>The opposing Monferno is paralyzed! It may be unable to move!</small><br></div><div class="spacer battle-history"><br></div><div class="battle-history"><small>Rotom restored a little HP using its Leftovers!</small><br></div><div class="spacer battle-history"><br></div><h2 class="battle-history">Turn 18</h2><div class="chat chatmessage-rafooa11"><strong style="color:hsl(11,48%,44.95920034731152%)"><small> </small><span class="username" data-name="rafooa11">rafooa11</span>:</strong> <em>ouch</em></div><div class="spacer battle-history"><br></div><div class="battle-history">The opposing Monferno used <strong>Mach Punch</strong>!<br></div><div class="battle-history"><small>It's super effective!</small><br></div><div class="battle-history"><small>(Rotom lost <abbr title="−16/241">6.6%</abbr> of its health!)</small><br></div><div class="spacer battle-history"><br></div><div class="battle-history">Rotom fainted!<br></div><div class="spacer battle-history"><br></div><div class="battle-history"><strong>iAruban</strong> won the battle!<br></div><div class="chat chatmessage-iaruban"><strong style="color:hsl(298,87%,46%)"><small>☆</small><span class="username" data-name="iAruban">iAruban</span>:</strong> <em>gg</em></div><div class="chat"><small>rafooa11 left.</small></div><div class="chat chatmessage-sableyemybae"><strong style="color:hsl(63,53%,39.786338788226445%)"><small>☆</small><span class="username" data-name="Sableye♥My♥Bae">Sableye♥My♥Bae</span>:</strong> <em>gg</em></div><div class="chat"><small>Chrus is nub left.</small></div><div class="chat"><small>WomanInTheLadder joined.</small></div><div class="chat"><small>Jrsmash9 left.</small></div><div class="chat"><small>iAruban left.</small></div><div class="chat"><small>Sableye♥My♥Bae left.</small></div><div class="chat"><small>WomanInTheLadder left.</small></div><div class="chat"><small>AuroraFish left.</small></div><div class="chat"><small>KCstar left.</small></div><div class="chat"><small>FauxFire left.</small></div><div class="chat"><small>jari03 left.</small></div><div class="chat"><small>Sab moh maya h joined.</small></div></div><div class="inner-preempt"></div></div></div>
</div>
<script>
let daily = Math.floor(Date.now()/1000/60/60/24);document.write('<script src="https://play.pokemonshowdown.com/js/replay-embed.js?version'+daily+'"></'+'script>');
</script>
