<!DOCTYPE html>
<meta charset="utf-8" />
<!-- version 1 -->
<title>PU replay: Chrisloudツ vs. Volcano Badge</title>
<style>
html,body {font-family:Verdana, sans-serif;font-size:10pt;margin:0;padding:0;}body{padding:12px 0;} .battle-log {font-family:Verdana, sans-serif;font-size:10pt;} .battle-log-inline {border:1px solid #AAAAAA;background:#EEF2F5;color:black;max-width:640px;margin:0 auto 80px;padding-bottom:5px;} .battle-log .inner {padding:4px 8px 0px 8px;} .battle-log .inner-preempt {padding:0 8px 4px 8px;} .battle-log .inner-after {margin-top:0.5em;} .battle-log h2 {margin:0.5em -8px;padding:4px 8px;border:1px solid #AAAAAA;background:#E0E7EA;border-left:0;border-right:0;font-family:Verdana, sans-serif;font-size:13pt;} .battle-log .chat {vertical-align:middle;padding:3px 0 3px 0;font-size:8pt;} .battle-log .chat strong {color:#40576A;} .battle-log .chat em {padding:1px 4px 1px 3px;color:#000000;font-style:normal;} .chat.mine {background:rgba(0,0,0,0.05);margin-left:-8px;margin-right:-8px;padding-left:8px;padding-right:8px;} .spoiler {color:#BBBBBB;background:#BBBBBB;padding:0px 3px;} .spoiler:hover, .spoiler:active, .spoiler-shown {color:#000000;background:#E2E2E2;padding:0px 3px;} .spoiler a {color:#BBBBBB;} .spoiler:hover a, .spoiler:active a, .spoiler-shown a {color:#2288CC;} .chat code, .chat .spoiler:hover code, .chat .spoiler:active code, .chat .spoiler-shown code {border:1px solid #C0C0C0;background:#EEEEEE;color:black;padding:0 2px;} .chat .spoiler code {border:1px solid #CCCCCC;background:#CCCCCC;color:#CCCCCC;} .battle-log .rated {padding:3px 4px;} .battle-log .rated strong {color:white;background:#89A;padding:1px 4px;border-radius:4px;} .spacer {margin-top:0.5em;} .message-announce {background:#6688AA;color:white;padding:1px 4px 2px;} .message-announce a, .broadcast-green a, .broadcast-blue a, .broadcast-red a {color:#DDEEFF;} .broadcast-green {background-color:#559955;color:white;padding:2px 4px;} .broadcast-blue {background-color:#6688AA;color:white;padding:2px 4px;} .infobox {border:1px solid #6688AA;padding:2px 4px;} .infobox-limited {max-height:200px;overflow:auto;overflow-x:hidden;} .broadcast-red {background-color:#AA5544;color:white;padding:2px 4px;} .message-learn-canlearn {font-weight:bold;color:#228822;text-decoration:underline;} .message-learn-cannotlearn {font-weight:bold;color:#CC2222;text-decoration:underline;} .message-effect-weak {font-weight:bold;color:#CC2222;} .message-effect-resist {font-weight:bold;color:#6688AA;} .message-effect-immune {font-weight:bold;color:#666666;} .message-learn-list {margin-top:0;margin-bottom:0;} .message-throttle-notice, .message-error {color:#992222;} .message-overflow, .chat small.message-overflow {font-size:0pt;} .message-overflow::before {font-size:9pt;content:'...';} .subtle {color:#3A4A66;}
</style>
<div class="wrapper replay-wrapper" style="max-width:1180px;margin:0 auto">
<input type="hidden" name="replayid" value="pu-585930699" />
<div class="battle"></div><div class="battle-log"></div><div class="replay-controls"></div><div class="replay-controls-2"></div>
<h1 style="font-weight:normal;text-align:center"><strong>PU</strong><br /><a href="http://pokemonshowdown.com/users/chrisloud" class="subtle" target="_blank">Chrisloudツ</a> vs. <a href="http://pokemonshowdown.com/users/volcanobadge" class="subtle" target="_blank">Volcano Badge</a></h1>
<script type="text/plain" class="battle-log-data">|j|Chrisloudツ
|j|Volcano Badge
|player|p1|Chrisloudツ|4
|teamsize|p1|6
|player|p2|Volcano Badge|1
|teamsize|p2|6
|gametype|singles
|gen|6
|tier|PU
|seed|18908,65031,65159,12881
|rule|Sleep Clause Mod: Limit one foe put to sleep
|rule|Species Clause: Limit one of each Pokémon
|rule|OHKO Clause: OHKO moves are banned
|rule|Moody Clause: Moody is banned
|rule|Evasion Moves Clause: Evasion moves are banned
|rule|Endless Battle Clause: Forcing endless battles is banned
|rule|HP Percentage Mod: HP is shown in percentages
|clearpoke
|poke|p1|Murkrow, F|item
|poke|p1|Roselia, F|item
|poke|p1|Relicanth, M|item
|poke|p1|Misdreavus, F|item
|poke|p1|Mr. Mime, M|item
|poke|p1|Avalugg, M|item
|poke|p2|Rotom-Fan|item
|poke|p2|Tentacool, M|item
|poke|p2|Audino, M|item
|poke|p2|Gourgeist-*, M|item
|poke|p2|Metang|item
|poke|p2|Camerupt, M|item
|rule|Swagger Clause: Swagger is banned
|rule|Baton Pass Clause: Limit one Baton Passer, can't pass Spe and other stats simultaneously
|teampreview
|c|☆Chrisloudツ|i meant
|c|☆Chrisloudツ|np simipour
|c|☆Volcano Badge|np simi? eats all the hits
|choice|team 2, team 1, team 3, team 4, team 5, team 6|team 2, team 1, team 3, team 4, team 5, team 6
|
|start
|switch|p1a: Roselia|Roselia, F|304\/304
|switch|p2a: Tentacool|Tentacool, M|283\/283
|turn|1
|choice|switch 4|move toxicspikes
|
|switch|p1a: Misdreavus|Misdreavus, F|324\/324
|move|p2a: Tentacool|Toxic Spikes|p1a: Misdreavus
|-sidestart|p1: Chrisloudツ|move: Toxic Spikes
|
|upkeep
|turn|2
|choice|move thunderwave|move scald
|
|move|p1a: Misdreavus|Thunder Wave|p2a: Tentacool
|-status|p2a: Tentacool|par
|cant|p2a: Tentacool|par
|
|upkeep
|turn|3
|choice|move hex|switch 3
|
|switch|p2a: Audino|Audino, M|409\/409
|move|p1a: Misdreavus|Hex|p2a: Audino
|-immune|p2a: Audino|[msg]
|
|upkeep
|turn|4
|choice|move thunderwave|move knockoff
|
|move|p1a: Misdreavus|Thunder Wave|p2a: Audino
|-status|p2a: Audino|par
|move|p2a: Audino|Knock Off|p1a: Misdreavus
|-supereffective|p1a: Misdreavus
|-damage|p1a: Misdreavus|254\/324
|-enditem|p1a: Misdreavus|Eviolite|[from] move: Knock Off|[of] p2a: Audino
|
|upkeep
|turn|5
|choice|move taunt|move healbell
|
|move|p1a: Misdreavus|Taunt|p2a: Audino
|-start|p2a: Audino|move: Taunt
|cant|p2a: Audino|move: Taunt|Heal Bell
|
|upkeep
|turn|6
|c|☆Chrisloudツ|eh
|choice|switch 6|move knockoff
|
|switch|p1a: Avalugg|Avalugg, M|394\/394
|-status|p1a: Avalugg|psn
|cant|p2a: Audino|par
|
|-damage|p1a: Avalugg|345\/394 psn|[from] psn
|upkeep
|turn|7
|choice|move roar|switch 4
|
|switch|p2a: Gourgeist|Gourgeist-Super, M|373\/373
|move|p1a: Avalugg|Roar|p2a: Gourgeist
|drag|p2a: Tentacool|Tentacool, M|283\/283 par
|
|-heal|p1a: Avalugg|369\/394 psn|[from] item: Leftovers
|-damage|p1a: Avalugg|320\/394 psn|[from] psn
|upkeep
|turn|8
|choice|move avalanche|move scald
|
|move|p2a: Tentacool|Scald|p1a: Avalugg
|-damage|p1a: Avalugg|205\/394 psn
|move|p1a: Avalugg|Avalanche|p2a: Tentacool
|-resisted|p2a: Tentacool
|-damage|p2a: Tentacool|168\/283 par
|
|-heal|p1a: Avalugg|229\/394 psn|[from] item: Leftovers
|-damage|p1a: Avalugg|180\/394 psn|[from] psn
|upkeep
|turn|9
|choice|move recover|move rest
|
|move|p1a: Avalugg|Recover|p1a: Avalugg
|-heal|p1a: Avalugg|377\/394 psn
|move|p2a: Tentacool|Rest|p2a: Tentacool
|-status|p2a: Tentacool|slp
|-heal|p2a: Tentacool|283\/283 slp|[silent]
|-status|p2a: Tentacool|slp|[from] move: Rest
|
|-heal|p1a: Avalugg|394\/394 psn|[from] item: Leftovers
|-damage|p1a: Avalugg|345\/394 psn|[from] psn
|upkeep
|turn|10
|c|☆Chrisloudツ|why u outspeef
|c|☆Chrisloudツ|oh nvm
|choice|switch 4|switch 4
|
|switch|p2a: Audino|Audino, M|409\/409 par
|switch|p1a: Roselia|Roselia, F|304\/304
|-sideend|p1: Chrisloudツ|move: Toxic Spikes|[of] p1a: Roselia
|
|upkeep
|turn|11
|choice|move spikes|move healbell
|
|move|p1a: Roselia|Spikes|p2a: Audino
|-sidestart|p2: Volcano Badge|Spikes
|move|p2a: Audino|Heal Bell|p2a: Audino
|-activate|p2a: Audino|move: Heal Bell
|-curestatus|p2a: Audino|par|[msg]
|-curestatus|p2: Tentacool|slp|[msg]
|
|upkeep
|turn|12
|choice|move spikes|move knockoff
|
|move|p1a: Roselia|Spikes|p2a: Audino
|-sidestart|p2: Volcano Badge|Spikes
|move|p2a: Audino|Knock Off|p1a: Roselia
|-damage|p1a: Roselia|246\/304
|-enditem|p1a: Roselia|Eviolite|[from] move: Knock Off|[of] p2a: Audino
|
|upkeep
|turn|13
|choice|move spikes|switch 4
|
|switch|p2a: Tentacool|Tentacool, M|283\/283
|-damage|p2a: Tentacool|236\/283|[from] Spikes
|move|p1a: Roselia|Spikes|p2a: Tentacool
|-sidestart|p2: Volcano Badge|Spikes
|
|upkeep
|turn|14
|choice|switch 3|move scald
|
|switch|p1a: Relicanth|Relicanth, M|367\/367
|move|p2a: Tentacool|Scald|p1a: Relicanth
|-damage|p1a: Relicanth|279\/367
|
|upkeep
|turn|15
|choice|move headsmash|switch 5
|
|switch|p2a: Metang|Metang|323\/323
|-damage|p2a: Metang|243\/323|[from] Spikes
|move|p1a: Relicanth|Head Smash|p2a: Metang|[miss]
|-miss|p1a: Relicanth|p2a: Metang
|
|upkeep
|turn|16
|choice|move stealthrock|switch 3
|
|switch|p2a: Gourgeist|Gourgeist-Super, M|373\/373
|-damage|p2a: Gourgeist|280\/373|[from] Spikes
|move|p1a: Relicanth|Stealth Rock|p2a: Gourgeist
|-sidestart|p2: Volcano Badge|move: Stealth Rock
|
|upkeep
|turn|17
|choice|switch 6|move willowisp
|
|switch|p1a: Misdreavus|Misdreavus, F|254\/324
|move|p2a: Gourgeist|Will-O-Wisp|p1a: Misdreavus
|-status|p1a: Misdreavus|brn
|
|-damage|p1a: Misdreavus|214\/324 brn|[from] brn
|upkeep
|turn|18
|choice|move willowisp|switch 4
|
|switch|p2a: Audino|Audino, M|409\/409
|-damage|p2a: Audino|307\/409|[from] Spikes
|-damage|p2a: Audino|256\/409|[from] Stealth Rock
|move|p1a: Misdreavus|Will-O-Wisp|p2a: Audino
|-status|p2a: Audino|brn
|
|-heal|p2a: Audino|281\/409 brn|[from] item: Leftovers
|-damage|p1a: Misdreavus|174\/324 brn|[from] brn
|-damage|p2a: Audino|230\/409 brn|[from] brn
|upkeep
|turn|19
|choice|switch 2|move knockoff
|
|switch|p1a: Murkrow|Murkrow, F|261\/261
|move|p2a: Audino|Knock Off|p1a: Murkrow
|-resisted|p1a: Murkrow
|-damage|p1a: Murkrow|235\/261
|-enditem|p1a: Murkrow|Life Orb|[from] move: Knock Off|[of] p2a: Audino
|
|-heal|p2a: Audino|255\/409 brn|[from] item: Leftovers
|-damage|p2a: Audino|204\/409 brn|[from] brn
|upkeep
|turn|20
|choice|move bravebird|move wish
|
|move|p1a: Murkrow|Brave Bird|p2a: Audino
|-damage|p2a: Audino|18\/409 brn
|-damage|p1a: Murkrow|174\/261|[from] Recoil|[of] p2a: Audino
|move|p2a: Audino|Wish|p2a: Audino
|
|-heal|p2a: Audino|43\/409 brn|[from] item: Leftovers
|-damage|p2a: Audino|0 fnt|[from] brn
|upkeep
|faint|p2a: Audino
|choice||switch 5
|
|switch|p2a: Tentacool|Tentacool, M|236\/283
|-damage|p2a: Tentacool|166\/283|[from] Spikes
|-damage|p2a: Tentacool|131\/283|[from] Stealth Rock
|turn|21
|choice|move bravebird|switch 2
|
|switch|p2a: Rotom|Rotom-Fan|303\/303
|-damage|p2a: Rotom|228\/303|[from] Stealth Rock
|move|p1a: Murkrow|Brave Bird|p2a: Rotom
|-resisted|p2a: Rotom
|-damage|p2a: Rotom|174\/303
|-damage|p1a: Murkrow|156\/261|[from] Recoil|[of] p2a: Rotom
|
|-heal|p2a: Rotom|303\/303|[from] move: Wish|[wisher] Audino
|upkeep
|turn|22
|choice|switch 5|move voltswitch
|
|switch|p1a: Mr. Mime|Mr. Mime, M|221\/221
|move|p2a: Rotom|Volt Switch|p1a: Mr. Mime
|-damage|p1a: Mr. Mime|140\/221
|choice||switch 3
|
|switch|p2a: Metang|Metang|243\/323
|-damage|p2a: Metang|223\/323|[from] Stealth Rock
|-damage|p2a: Metang|143\/323|[from] Spikes
|
|upkeep
|turn|23
|choice|switch 4|move rest
|
|switch|p1a: Avalugg|Avalugg, M|345\/394 psn
|move|p2a: Metang|Rest|p2a: Metang
|-status|p2a: Metang|slp
|-heal|p2a: Metang|323\/323 slp|[silent]
|-status|p2a: Metang|slp|[from] move: Rest
|
|-heal|p1a: Avalugg|369\/394 psn|[from] item: Leftovers
|-damage|p1a: Avalugg|320\/394 psn|[from] psn
|upkeep
|turn|24
|choice|move roar|move sleeptalk
|
|cant|p2a: Metang|slp
|move|p2a: Metang|Sleep Talk|p2a: Metang
|move|p2a: Metang|Rest|p2a: Metang|[from]Sleep Talk
|-fail|p2a: Metang
|move|p1a: Avalugg|Roar|p2a: Metang
|drag|p2a: Rotom|Rotom-Fan|303\/303
|-damage|p2a: Rotom|228\/303|[from] Stealth Rock
|
|-heal|p2a: Rotom|246\/303|[from] item: Leftovers
|-heal|p1a: Avalugg|344\/394 psn|[from] item: Leftovers
|-damage|p1a: Avalugg|295\/394 psn|[from] psn
|upkeep
|turn|25
|choice|switch 3|move airslash
|
|switch|p1a: Roselia|Roselia, F|246\/304
|move|p2a: Rotom|Air Slash|p1a: Roselia
|-supereffective|p1a: Roselia
|-damage|p1a: Roselia|76\/304
|
|-heal|p2a: Rotom|264\/303|[from] item: Leftovers
|upkeep
|turn|26
|c|☆Chrisloudツ|that did
|c|☆Chrisloudツ|oh no eviolite
|c|☆Chrisloudツ|nvm
|choice|switch 5|move airslash
|
|switch|p1a: Murkrow|Murkrow, F|156\/261
|move|p2a: Rotom|Air Slash|p1a: Murkrow
|-damage|p1a: Murkrow|0 fnt
|faint|p1a: Murkrow
|
|-heal|p2a: Rotom|282\/303|[from] item: Leftovers
|upkeep
|choice|switch 6|
|
|switch|p1a: Relicanth|Relicanth, M|279\/367
|turn|27
|choice|move headsmash|move voltswitch
|
|move|p2a: Rotom|Volt Switch|p1a: Relicanth
|-supereffective|p1a: Relicanth
|-crit|p1a: Relicanth
|-damage|p1a: Relicanth|0 fnt
|faint|p1a: Relicanth
|choice||switch 3
|
|switch|p2a: Metang|Metang|323\/323 slp
|-damage|p2a: Metang|243\/323 slp|[from] Spikes
|-damage|p2a: Metang|223\/323 slp|[from] Stealth Rock
|
|upkeep
|choice|switch 2|
|
|switch|p1a: Misdreavus|Misdreavus, F|174\/324 brn
|turn|28
|choice|move hex|switch 6
|
|switch|p2a: Camerupt|Camerupt, M|343\/343
|-damage|p2a: Camerupt|301\/343|[from] Stealth Rock
|-damage|p2a: Camerupt|216\/343|[from] Spikes
|move|p1a: Misdreavus|Hex|p2a: Camerupt
|-damage|p2a: Camerupt|149\/343
|
|-heal|p2a: Camerupt|170\/343|[from] item: Leftovers
|-damage|p1a: Misdreavus|134\/324 brn|[from] brn
|upkeep
|turn|29
|choice|switch 5|move stealthrock
|
|switch|p1a: Roselia|Roselia, F|76\/304
|move|p2a: Camerupt|Stealth Rock|p1a: Roselia
|-sidestart|p1: Chrisloudツ|move: Stealth Rock
|
|-heal|p2a: Camerupt|191\/343|[from] item: Leftovers
|upkeep
|turn|30
|choice|move gigadrain|move lavaplume
|
|move|p1a: Roselia|Giga Drain|p2a: Camerupt
|-damage|p2a: Camerupt|106\/343
|-heal|p1a: Roselia|119\/304|[from] drain|[of] p2a: Camerupt
|move|p2a: Camerupt|Lava Plume|p1a: Roselia
|-supereffective|p1a: Roselia
|-crit|p1a: Roselia
|-damage|p1a: Roselia|0 fnt
|faint|p1a: Roselia
|
|-heal|p2a: Camerupt|127\/343|[from] item: Leftovers
|upkeep
|choice|switch 4|
|
|switch|p1a: Mr. Mime|Mr. Mime, M|140\/221
|-damage|p1a: Mr. Mime|113\/221|[from] Stealth Rock
|turn|31
|choice|move psychic|move lavaplume
|
|move|p1a: Mr. Mime|Psychic|p2a: Camerupt
|-crit|p2a: Camerupt
|-damage|p2a: Camerupt|0 fnt
|faint|p2a: Camerupt
|
|upkeep
|choice||switch 6
|
|switch|p2a: Metang|Metang|223\/323 slp
|-damage|p2a: Metang|203\/323 slp|[from] Stealth Rock
|-damage|p2a: Metang|123\/323 slp|[from] Spikes
|turn|32
|choice|switch 3|move sleeptalk
|
|switch|p1a: Avalugg|Avalugg, M|295\/394 psn
|-damage|p1a: Avalugg|197\/394 psn|[from] Stealth Rock
|cant|p2a: Metang|slp
|move|p2a: Metang|Sleep Talk|p2a: Metang
|move|p2a: Metang|Rest|p2a: Metang|[from]Sleep Talk
|-fail|p2a: Metang
|
|-heal|p1a: Avalugg|221\/394 psn|[from] item: Leftovers
|-damage|p1a: Avalugg|172\/394 psn|[from] psn
|upkeep
|turn|33
|choice|move recover|move rest
|
|-curestatus|p2a: Metang|slp|[msg]
|move|p2a: Metang|Rest|p2a: Metang
|-status|p2a: Metang|slp
|-heal|p2a: Metang|323\/323 slp|[silent]
|-status|p2a: Metang|slp|[from] move: Rest
|move|p1a: Avalugg|Recover|p1a: Avalugg
|-heal|p1a: Avalugg|369\/394 psn
|
|-heal|p1a: Avalugg|393\/394 psn|[from] item: Leftovers
|-damage|p1a: Avalugg|344\/394 psn|[from] psn
|upkeep
|turn|34
|choice|move roar|move sleeptalk
|
|cant|p2a: Metang|slp
|move|p2a: Metang|Sleep Talk|p2a: Metang
|move|p2a: Metang|Rest|p2a: Metang|[from]Sleep Talk
|-fail|p2a: Metang
|move|p1a: Avalugg|Roar|p2a: Metang
|drag|p2a: Tentacool|Tentacool, M|131\/283
|-damage|p2a: Tentacool|61\/283|[from] Spikes
|-damage|p2a: Tentacool|26\/283|[from] Stealth Rock
|
|-heal|p1a: Avalugg|368\/394 psn|[from] item: Leftovers
|-damage|p1a: Avalugg|319\/394 psn|[from] psn
|upkeep
|turn|35
|choice|switch 5|move rest
|
|switch|p1a: Misdreavus|Misdreavus, F|134\/324 brn
|-damage|p1a: Misdreavus|94\/324 brn|[from] Stealth Rock
|move|p2a: Tentacool|Rest|p2a: Tentacool
|-status|p2a: Tentacool|slp
|-heal|p2a: Tentacool|283\/283 slp|[silent]
|-status|p2a: Tentacool|slp|[from] move: Rest
|
|-damage|p1a: Misdreavus|54\/324 brn|[from] brn
|upkeep
|turn|36
|choice|move hex|switch 3
|
|switch|p2a: Rotom|Rotom-Fan|282\/303
|-damage|p2a: Rotom|207\/303|[from] Stealth Rock
|move|p1a: Misdreavus|Hex|p2a: Rotom
|-damage|p2a: Rotom|141\/303
|
|-heal|p2a: Rotom|159\/303|[from] item: Leftovers
|-damage|p1a: Misdreavus|14\/324 brn|[from] brn
|upkeep
|turn|37
|choice|move hex|move voltswitch
|
|move|p1a: Misdreavus|Hex|p2a: Rotom
|-damage|p2a: Rotom|99\/303
|move|p2a: Rotom|Volt Switch|p1a: Misdreavus
|-damage|p1a: Misdreavus|0 fnt
|faint|p1a: Misdreavus
|c|☆Chrisloudツ|yeah gg
|choice||switch 4
|
|switch|p2a: Gourgeist|Gourgeist-Super, M|280\/373
|-damage|p2a: Gourgeist|234\/373|[from] Stealth Rock
|-damage|p2a: Gourgeist|141\/373|[from] Spikes
|
|upkeep
|c|☆Chrisloudツ|its 5 am so im gonna leave
|c|☆Volcano Badge|this team cant get rid of hazards lol
|c|☆Volcano Badge|gg
|choice|switch 5|
|
|switch|p1a: Avalugg|Avalugg, M|319\/394 psn
|-damage|p1a: Avalugg|221\/394 psn|[from] Stealth Rock
|turn|38
|choice|move recover|move synthesis
|
|move|p2a: Gourgeist|Synthesis|p2a: Gourgeist
|-heal|p2a: Gourgeist|327\/373
|move|p1a: Avalugg|Recover|p1a: Avalugg
|-heal|p1a: Avalugg|394\/394 psn
|
|-damage|p1a: Avalugg|345\/394 psn|[from] psn
|upkeep
|turn|39
|choice|move roar|move skillswap
|
|move|p2a: Gourgeist|Skill Swap|p1a: Avalugg
|-activate|p2a: Gourgeist|move: Skill Swap|Sturdy|Insomnia|[of] p1a: Avalugg
|move|p1a: Avalugg|Roar|p2a: Gourgeist
|drag|p2a: Metang|Metang|323\/323 slp
|-damage|p2a: Metang|303\/323 slp|[from] Stealth Rock
|-damage|p2a: Metang|223\/323 slp|[from] Spikes
|
|-heal|p1a: Avalugg|369\/394 psn|[from] item: Leftovers
|-damage|p1a: Avalugg|320\/394 psn|[from] psn
|upkeep
|turn|40
|choice|move roar|move sleeptalk
|
|cant|p2a: Metang|slp
|move|p2a: Metang|Sleep Talk|p2a: Metang
|move|p2a: Metang|Toxic|p1a: Avalugg|[from]Sleep Talk
|-fail|p1a: Avalugg
|move|p1a: Avalugg|Roar|p2a: Metang
|drag|p2a: Rotom|Rotom-Fan|99\/303
|-damage|p2a: Rotom|24\/303|[from] Stealth Rock
|
|-heal|p2a: Rotom|42\/303|[from] item: Leftovers
|-heal|p1a: Avalugg|344\/394 psn|[from] item: Leftovers
|-damage|p1a: Avalugg|295\/394 psn|[from] psn
|upkeep
|turn|41
|c|☆Chrisloudツ|can u kill this tho
|choice|move roar|move painsplit
|
|move|p2a: Rotom|Pain Split|p1a: Avalugg
|-sethp|p1a: Avalugg|168\/394 psn|p2a: Rotom|168\/303|[from] move: Pain Split
|move|p1a: Avalugg|Roar|p2a: Rotom
|drag|p2a: Metang|Metang|223\/323 slp
|-damage|p2a: Metang|143\/323 slp|[from] Spikes
|-damage|p2a: Metang|123\/323 slp|[from] Stealth Rock
|
|-heal|p1a: Avalugg|192\/394 psn|[from] item: Leftovers
|-damage|p1a: Avalugg|143\/394 psn|[from] psn
|upkeep
|turn|42
|c|☆Chrisloudツ|yeah u can
|c|☆Chrisloudツ|lol
|choice|move recover|move rest
|
|-curestatus|p2a: Metang|slp|[msg]
|move|p2a: Metang|Rest|p2a: Metang
|-status|p2a: Metang|slp
|-heal|p2a: Metang|323\/323 slp|[silent]
|-status|p2a: Metang|slp|[from] move: Rest
|move|p1a: Avalugg|Recover|p1a: Avalugg
|-heal|p1a: Avalugg|340\/394 psn
|
|-heal|p1a: Avalugg|364\/394 psn|[from] item: Leftovers
|-damage|p1a: Avalugg|315\/394 psn|[from] psn
|upkeep
|turn|43
|choice|move roar|move sleeptalk
|
|cant|p2a: Metang|slp
|move|p2a: Metang|Sleep Talk|p2a: Metang
|move|p2a: Metang|Rest|p2a: Metang|[from]Sleep Talk
|-fail|p2a: Metang
|move|p1a: Avalugg|Roar|p2a: Metang
|drag|p2a: Tentacool|Tentacool, M|283\/283 slp
|-damage|p2a: Tentacool|213\/283 slp|[from] Spikes
|-damage|p2a: Tentacool|178\/283 slp|[from] Stealth Rock
|
|-heal|p1a: Avalugg|339\/394 psn|[from] item: Leftovers
|-damage|p1a: Avalugg|290\/394 psn|[from] psn
|upkeep
|turn|44
|choice|move roar|move rapidspin
|
|cant|p2a: Tentacool|slp
|move|p1a: Avalugg|Roar|p2a: Tentacool
|drag|p2a: Gourgeist|Gourgeist-Super, M|327\/373
|-damage|p2a: Gourgeist|281\/373|[from] Stealth Rock
|-damage|p2a: Gourgeist|188\/373|[from] Spikes
|
|-heal|p1a: Avalugg|314\/394 psn|[from] item: Leftovers
|-damage|p1a: Avalugg|265\/394 psn|[from] psn
|upkeep
|turn|45
|choice|move avalanche|move synthesis
|
|move|p2a: Gourgeist|Synthesis|p2a: Gourgeist
|-heal|p2a: Gourgeist|373\/373
|move|p1a: Avalugg|Avalanche|p2a: Gourgeist
|-supereffective|p2a: Gourgeist
|-damage|p2a: Gourgeist|275\/373
|
|-heal|p1a: Avalugg|289\/394 psn|[from] item: Leftovers
|-damage|p1a: Avalugg|240\/394 psn|[from] psn
|upkeep
|turn|46
|choice|move recover|move foulplay
|
|move|p2a: Gourgeist|Foul Play|p1a: Avalugg
|-damage|p1a: Avalugg|196\/394 psn
|move|p1a: Avalugg|Recover|p1a: Avalugg
|-heal|p1a: Avalugg|393\/394 psn
|
|-heal|p1a: Avalugg|394\/394 psn|[from] item: Leftovers
|-damage|p1a: Avalugg|345\/394 psn|[from] psn
|upkeep
|turn|47
|choice|move roar|move synthesis
|
|move|p2a: Gourgeist|Synthesis|p2a: Gourgeist
|-heal|p2a: Gourgeist|373\/373
|move|p1a: Avalugg|Roar|p2a: Gourgeist
|drag|p2a: Tentacool|Tentacool, M|178\/283 slp
|-damage|p2a: Tentacool|108\/283 slp|[from] Spikes
|-damage|p2a: Tentacool|73\/283 slp|[from] Stealth Rock
|
|-heal|p1a: Avalugg|369\/394 psn|[from] item: Leftovers
|-damage|p1a: Avalugg|320\/394 psn|[from] psn
|upkeep
|turn|48
|c|☆Chrisloudツ|do u wake up
|choice|move roar|move rapidspin
|
|cant|p2a: Tentacool|slp
|move|p1a: Avalugg|Roar|p2a: Tentacool
|drag|p2a: Metang|Metang|323\/323 slp
|-damage|p2a: Metang|243\/323 slp|[from] Spikes
|-damage|p2a: Metang|223\/323 slp|[from] Stealth Rock
|
|-heal|p1a: Avalugg|344\/394 psn|[from] item: Leftovers
|-damage|p1a: Avalugg|295\/394 psn|[from] psn
|upkeep
|turn|49
|choice|move roar|move meteormash
|
|cant|p2a: Metang|slp
|move|p1a: Avalugg|Roar|p2a: Metang
|drag|p2a: Gourgeist|Gourgeist-Super, M|373\/373
|-damage|p2a: Gourgeist|327\/373|[from] Stealth Rock
|-damage|p2a: Gourgeist|234\/373|[from] Spikes
|
|-heal|p1a: Avalugg|319\/394 psn|[from] item: Leftovers
|-damage|p1a: Avalugg|270\/394 psn|[from] psn
|upkeep
|turn|50
|c|☆Chrisloudツ|can i win
|choice|move recover|move foulplay
|
|move|p2a: Gourgeist|Foul Play|p1a: Avalugg
|-damage|p1a: Avalugg|230\/394 psn
|move|p1a: Avalugg|Recover|p1a: Avalugg
|-heal|p1a: Avalugg|394\/394 psn
|
|-damage|p1a: Avalugg|345\/394 psn|[from] psn
|upkeep
|turn|51
|choice|move roar|move foulplay
|
|move|p2a: Gourgeist|Foul Play|p1a: Avalugg
|-damage|p1a: Avalugg|307\/394 psn
|move|p1a: Avalugg|Roar|p2a: Gourgeist
|drag|p2a: Rotom|Rotom-Fan|168\/303
|-damage|p2a: Rotom|93\/303|[from] Stealth Rock
|
|-heal|p2a: Rotom|111\/303|[from] item: Leftovers
|-heal|p1a: Avalugg|331\/394 psn|[from] item: Leftovers
|-damage|p1a: Avalugg|282\/394 psn|[from] psn
|upkeep
|turn|52
|choice|move avalanche|move painsplit
|
|move|p2a: Rotom|Pain Split|p1a: Avalugg
|-sethp|p1a: Avalugg|196\/394 psn|p2a: Rotom|196\/303|[from] move: Pain Split
|move|p1a: Avalugg|Avalanche|p2a: Rotom
|-supereffective|p2a: Rotom
|-damage|p2a: Rotom|82\/303
|
|-heal|p2a: Rotom|100\/303|[from] item: Leftovers
|-heal|p1a: Avalugg|220\/394 psn|[from] item: Leftovers
|-damage|p1a: Avalugg|171\/394 psn|[from] psn
|upkeep
|turn|53
|c|☆Chrisloudツ|kill me
|c|☆Chrisloudツ|end with me
|choice|move avalanche|move airslash
|
|move|p2a: Rotom|Air Slash|p1a: Avalugg
|-damage|p1a: Avalugg|0 fnt
|faint|p1a: Avalugg
|
|-heal|p2a: Rotom|118\/303|[from] item: Leftovers
|upkeep
|choice|switch 3|
|
|switch|p1a: Mr. Mime|Mr. Mime, M|113\/221
|-damage|p1a: Mr. Mime|86\/221|[from] Stealth Rock
|turn|54
|c|☆Chrisloudツ|gg
|choice|move psychic|switch 3
|
|switch|p2a: Tentacool|Tentacool, M|73\/283 slp
|-damage|p2a: Tentacool|38\/283 slp|[from] Stealth Rock
|-damage|p2a: Tentacool|0 fnt|[from] Spikes
|faint|p2a: Tentacool
|move|p1a: Mr. Mime|Psychic|p2: Tentacool|[notarget]
|-notarget
|
|upkeep
|choice||switch 2
|
|switch|p2a: Metang|Metang|223\/323 slp
|-damage|p2a: Metang|143\/323 slp|[from] Spikes
|-damage|p2a: Metang|123\/323 slp|[from] Stealth Rock
|turn|55
|c|☆Chrisloudツ|asserting dominance?
|c|☆Chrisloudツ|give me drops
|c|☆Chrisloudツ|im bright powder
|c|☆Volcano Badge|on clear body metang
|choice|move psychic|move sleeptalk
|
|move|p1a: Mr. Mime|Psychic|p2a: Metang
|-resisted|p2a: Metang
|-damage|p2a: Metang|106\/323 slp
|-curestatus|p2a: Metang|slp|[msg]
|move|p2a: Metang|Sleep Talk|p2a: Metang
|-fail|p2a: Metang
|
|upkeep
|turn|56
|c|☆Volcano Badge|that would be a feat
|choice|move psychic|move rest
|
|move|p1a: Mr. Mime|Psychic|p2a: Metang
|-resisted|p2a: Metang
|-damage|p2a: Metang|86\/323
|move|p2a: Metang|Rest|p2a: Metang
|-status|p2a: Metang|slp
|-heal|p2a: Metang|323\/323 slp|[silent]
|-status|p2a: Metang|slp|[from] move: Rest
|
|upkeep
|turn|57
|c|☆Chrisloudツ|light clay
|c|☆Chrisloudツ|is obv better
|c|☆Chrisloudツ|so you can switch into low kick pawn better
|choice|move psychic|move sleeptalk
|
|move|p1a: Mr. Mime|Psychic|p2a: Metang
|-resisted|p2a: Metang
|-damage|p2a: Metang|304\/323 slp
|cant|p2a: Metang|slp
|move|p2a: Metang|Sleep Talk|p2a: Metang
|move|p2a: Metang|Meteor Mash|p1a: Mr. Mime|[from]Sleep Talk
|-supereffective|p1a: Mr. Mime
|-damage|p1a: Mr. Mime|0 fnt
|faint|p1a: Mr. Mime
|
|win|Volcano Badge
|c|☆Volcano Badge|too many hazards
|c|☆Chrisloudツ|__innovation__
|c|☆Chrisloudツ|gg
|c|☆Chrisloudツ|im off
|c|☆Volcano Badge|gg
|c|☆Chrisloudツ|lol</script>
</div>
<div class="battle-log battle-log-inline"><div class="inner"><div class="battle-options"></div><div class="inner"><div class="chat"><small>Chrisloudツ joined.</small></div><div class="chat"><small>Volcano Badge joined.</small></div><div class=""><small>Format:</small> <br><strong>PU</strong></div><div class=""><small><em>Sleep Clause Mod:</em> Limit one foe put to sleep</small></div><div class=""><small><em>Species Clause:</em> Limit one of each Pokémon</small></div><div class=""><small><em>OHKO Clause:</em> OHKO moves are banned</small></div><div class=""><small><em>Moody Clause:</em> Moody is banned</small></div><div class=""><small><em>Evasion Moves Clause:</em> Evasion moves are banned</small></div><div class=""><small><em>Endless Battle Clause:</em> Forcing endless battles is banned</small></div><div class=""><small><em>HP Percentage Mod:</em> HP is shown in percentages</small></div><div class=""><small><em>Swagger Clause:</em> Swagger is banned</small></div><div class=""><small><em>Baton Pass Clause:</em> Limit one Baton Passer, can't pass Spe and other stats simultaneously</small></div><div class="chat battle-history"><strong>Chrisloudツ's team:</strong> <em style="color:#445566;display:block;">Murkrow / Roselia / Relicanth / Misdreavus / Mr. Mime / Avalugg</em></div><div class="chat battle-history"><strong>Volcano Badge's team:</strong> <em style="color:#445566;display:block;">Rotom-Fan / Tentacool / Audino / Gourgeist-* / Metang / Camerupt</em></div><div class="chat chatmessage-chrisloud"><strong style="color:hsl(98,63%,38%)"><small>☆</small><span class="username" data-name="Chrisloudツ">Chrisloudツ</span>:</strong> <em>i meant</em></div><div class="chat chatmessage-chrisloud"><strong style="color:hsl(98,63%,38%)"><small>☆</small><span class="username" data-name="Chrisloudツ">Chrisloudツ</span>:</strong> <em>np simipour</em></div><div class="chat chatmessage-volcanobadge"><strong style="color:hsl(269,66%,54.88976020569538%)"><small>☆</small><span class="username" data-name="Volcano Badge">Volcano Badge</span>:</strong> <em>np simi? eats all the hits</em></div><div class="spacer battle-history"><br></div><div class="battle-history">Battle started between Chrisloudツ and Volcano Badge!<br></div><div class="spacer battle-history"><br></div><div class="battle-history">Go! <strong>Roselia</strong>!<br></div><div class="spacer battle-history"><br></div><div class="battle-history">Volcano Badge sent out <strong>Tentacool</strong>!<br></div><div class="spacer battle-history"><br></div><h2 class="battle-history">Turn 1</h2><div class="spacer battle-history"><br></div><div class="battle-history">Roselia, come back!<br></div><div class="battle-history">Go! <strong>Misdreavus</strong>!<br></div><div class="spacer battle-history"><br></div><div class="battle-history">The opposing Tentacool used <strong>Toxic Spikes</strong>!<br></div><div class="battle-history"><small>Poison spikes were scattered on the ground all around your team!</small><br></div><div class="spacer battle-history"><br></div><h2 class="battle-history">Turn 2</h2><div class="spacer battle-history"><br></div><div class="battle-history">Misdreavus used <strong>Thunder Wave</strong>!<br></div><div class="battle-history"><small>The opposing Tentacool is paralyzed! It may be unable to move!</small><br></div><div class="spacer battle-history"><br></div><div class="battle-history">The opposing Tentacool is paralyzed! It can't move!<br></div><div class="spacer battle-history"><br></div><h2 class="battle-history">Turn 3</h2><div class="spacer battle-history"><br></div><div class="battle-history">Volcano Badge withdrew Tentacool!<br></div><div class="battle-history">Volcano Badge sent out <strong>Audino</strong>!<br></div><div class="spacer battle-history"><br></div><div class="battle-history">Misdreavus used <strong>Hex</strong>!<br></div><div class="battle-history"><small>It doesn't affect the opposing Audino...</small><br></div><div class="spacer battle-history"><br></div><h2 class="battle-history">Turn 4</h2><div class="spacer battle-history"><br></div><div class="battle-history">Misdreavus used <strong>Thunder Wave</strong>!<br></div><div class="battle-history"><small>The opposing Audino is paralyzed! It may be unable to move!</small><br></div><div class="spacer battle-history"><br></div><div class="battle-history">The opposing Audino used <strong>Knock Off</strong>!<br></div><div class="battle-history"><small>It's super effective!</small><br></div><div class="battle-history"><small>(Misdreavus lost <abbr title="−70/324">21.6%</abbr> of its health!)</small><br></div><div class="battle-history"><small>The opposing Audino knocked off Misdreavus's Eviolite!</small><br></div><div class="spacer battle-history"><br></div><h2 class="battle-history">Turn 5</h2><div class="spacer battle-history"><br></div><div class="battle-history">Misdreavus used <strong>Taunt</strong>!<br></div><div class="battle-history"><small>The opposing Audino fell for the taunt!</small><br></div><div class="spacer battle-history"><br></div><div class="battle-history">The opposing Audino can't use Heal Bell after the taunt!<br></div><div class="spacer battle-history"><br></div><h2 class="battle-history">Turn 6</h2><div class="chat chatmessage-chrisloud"><strong style="color:hsl(98,63%,38%)"><small>☆</small><span class="username" data-name="Chrisloudツ">Chrisloudツ</span>:</strong> <em>eh</em></div><div class="spacer battle-history"><br></div><div class="battle-history">Misdreavus, come back!<br></div><div class="battle-history">Go! <strong>Avalugg</strong>!<br></div><div class="battle-history"><small>Avalugg was poisoned!</small><br></div><div class="spacer battle-history"><br></div><div class="battle-history">The opposing Audino is paralyzed! It can't move!<br></div><div class="spacer battle-history"><br></div><div class="battle-history"><small>Avalugg was hurt by poison!</small><br></div><div class="spacer battle-history"><br></div><h2 class="battle-history">Turn 7</h2><div class="spacer battle-history"><br></div><div class="battle-history">Volcano Badge withdrew Audino!<br></div><div class="battle-history">Volcano Badge sent out Gourgeist (<strong>Gourgeist-Super</strong>)!<br></div><div class="spacer battle-history"><br></div><div class="battle-history">Avalugg used <strong>Roar</strong>!<br></div><div class="spacer battle-history"><br></div><div class="battle-history"><strong>Tentacool</strong> was dragged out!<br></div><div class="spacer battle-history"><br></div><div class="battle-history"><small>Avalugg restored a little HP using its Leftovers!</small><br></div><div class="battle-history"><small>Avalugg was hurt by poison!</small><br></div><div class="spacer battle-history"><br></div><h2 class="battle-history">Turn 8</h2><div class="spacer battle-history"><br></div><div class="battle-history">The opposing Tentacool used <strong>Scald</strong>!<br></div><div class="battle-history"><small>(Avalugg lost <abbr title="−115/394">29.2%</abbr> of its health!)</small><br></div><div class="spacer battle-history"><br></div><div class="battle-history">Avalugg used <strong>Avalanche</strong>!<br></div><div class="battle-history"><small>It's not very effective...</small><br></div><div class="battle-history"><small>(The opposing Tentacool lost <abbr title="−115/283">40.6%</abbr> of its health!)</small><br></div><div class="spacer battle-history"><br></div><div class="battle-history"><small>Avalugg restored a little HP using its Leftovers!</small><br></div><div class="battle-history"><small>Avalugg was hurt by poison!</small><br></div><div class="spacer battle-history"><br></div><h2 class="battle-history">Turn 9</h2><div class="spacer battle-history"><br></div><div class="battle-history">Avalugg used <strong>Recover</strong>!<br></div><div class="battle-history"><small>Avalugg restored its HP.</small><br></div><div class="spacer battle-history"><br></div><div class="battle-history">The opposing Tentacool used <strong>Rest</strong>!<br></div><div class="battle-history"><small>The opposing Tentacool fell asleep!</small><br></div><div class="battle-history"><small>The opposing Tentacool slept and became healthy!</small><br></div><div class="spacer battle-history"><br></div><div class="battle-history"><small>Avalugg restored a little HP using its Leftovers!</small><br></div><div class="battle-history"><small>Avalugg was hurt by poison!</small><br></div><div class="spacer battle-history"><br></div><h2 class="battle-history">Turn 10</h2><div class="chat chatmessage-chrisloud"><strong style="color:hsl(98,63%,38%)"><small>☆</small><span class="username" data-name="Chrisloudツ">Chrisloudツ</span>:</strong> <em>why u outspeef</em></div><div class="chat chatmessage-chrisloud"><strong style="color:hsl(98,63%,38%)"><small>☆</small><span class="username" data-name="Chrisloudツ">Chrisloudツ</span>:</strong> <em>oh nvm</em></div><div class="spacer battle-history"><br></div><div class="battle-history">Volcano Badge withdrew Tentacool!<br></div><div class="battle-history">Volcano Badge sent out <strong>Audino</strong>!<br></div><div class="spacer battle-history"><br></div><div class="battle-history">Avalugg, come back!<br></div><div class="battle-history">Go! <strong>Roselia</strong>!<br></div><div class="battle-history"><small>The poison spikes disappeared from the ground around your team!</small><br></div><div class="spacer battle-history"><br></div><h2 class="battle-history">Turn 11</h2><div class="spacer battle-history"><br></div><div class="battle-history">Roselia used <strong>Spikes</strong>!<br></div><div class="battle-history"><small>Spikes were scattered on the ground all around the opposing team!</small><br></div><div class="spacer battle-history"><br></div><div class="battle-history">The opposing Audino used <strong>Heal Bell</strong>!<br></div><div class="battle-history"><small>A bell chimed!</small><br></div><div class="battle-history"><small>The opposing Audino was cured of paralysis.</small><br></div><div class="battle-history"><small>The opposing Tentacool woke up!</small><br></div><div class="spacer battle-history"><br></div><h2 class="battle-history">Turn 12</h2><div class="spacer battle-history"><br></div><div class="battle-history">Roselia used <strong>Spikes</strong>!<br></div><div class="battle-history"><small>Spikes were scattered on the ground all around the opposing team!</small><br></div><div class="spacer battle-history"><br></div><div class="battle-history">The opposing Audino used <strong>Knock Off</strong>!<br></div><div class="battle-history"><small>(Roselia lost <abbr title="−58/304">19.1%</abbr> of its health!)</small><br></div><div class="battle-history"><small>The opposing Audino knocked off Roselia's Eviolite!</small><br></div><div class="spacer battle-history"><br></div><h2 class="battle-history">Turn 13</h2><div class="spacer battle-history"><br></div><div class="battle-history">Volcano Badge withdrew Audino!<br></div><div class="battle-history">Volcano Badge sent out <strong>Tentacool</strong>!<br></div><div class="battle-history"><small>The opposing Tentacool is hurt by the spikes!</small><br></div><div class="spacer battle-history"><br></div><div class="battle-history">Roselia used <strong>Spikes</strong>!<br></div><div class="battle-history"><small>Spikes were scattered on the ground all around the opposing team!</small><br></div><div class="spacer battle-history"><br></div><h2 class="battle-history">Turn 14</h2><div class="spacer battle-history"><br></div><div class="battle-history">Roselia, come back!<br></div><div class="battle-history">Go! <strong>Relicanth</strong>!<br></div><div class="spacer battle-history"><br></div><div class="battle-history">The opposing Tentacool used <strong>Scald</strong>!<br></div><div class="battle-history"><small>(Relicanth lost <abbr title="−88/367">24.0%</abbr> of its health!)</small><br></div><div class="spacer battle-history"><br></div><h2 class="battle-history">Turn 15</h2><div class="spacer battle-history"><br></div><div class="battle-history">Volcano Badge withdrew Tentacool!<br></div><div class="battle-history">Volcano Badge sent out <strong>Metang</strong>!<br></div><div class="battle-history"><small>The opposing Metang is hurt by the spikes!</small><br></div><div class="spacer battle-history"><br></div><div class="battle-history">Relicanth used <strong>Head Smash</strong>!<br></div><div class="battle-history"><small>The opposing Metang avoided the attack!</small><br></div><div class="spacer battle-history"><br></div><h2 class="battle-history">Turn 16</h2><div class="spacer battle-history"><br></div><div class="battle-history">Volcano Badge withdrew Metang!<br></div><div class="battle-history">Volcano Badge sent out Gourgeist (<strong>Gourgeist-Super</strong>)!<br></div><div class="battle-history"><small>The opposing Gourgeist is hurt by the spikes!</small><br></div><div class="spacer battle-history"><br></div><div class="battle-history">Relicanth used <strong>Stealth Rock</strong>!<br></div><div class="battle-history"><small>Pointed stones float in the air around the opposing team!</small><br></div><div class="spacer battle-history"><br></div><h2 class="battle-history">Turn 17</h2><div class="spacer battle-history"><br></div><div class="battle-history">Relicanth, come back!<br></div><div class="battle-history">Go! <strong>Misdreavus</strong>!<br></div><div class="spacer battle-history"><br></div><div class="battle-history">The opposing Gourgeist used <strong>Will-O-Wisp</strong>!<br></div><div class="battle-history"><small>Misdreavus was burned!</small><br></div><div class="spacer battle-history"><br></div><div class="battle-history"><small>Misdreavus was hurt by its burn!</small><br></div><div class="spacer battle-history"><br></div><h2 class="battle-history">Turn 18</h2><div class="spacer battle-history"><br></div><div class="battle-history">Volcano Badge withdrew Gourgeist!<br></div><div class="battle-history">Volcano Badge sent out <strong>Audino</strong>!<br></div><div class="battle-history"><small>The opposing Audino is hurt by the spikes!</small><br></div><div class="battle-history"><small>Pointed stones dug into the opposing Audino!</small><br></div><div class="spacer battle-history"><br></div><div class="battle-history">Misdreavus used <strong>Will-O-Wisp</strong>!<br></div><div class="battle-history"><small>The opposing Audino was burned!</small><br></div><div class="spacer battle-history"><br></div><div class="battle-history"><small>The opposing Audino restored a little HP using its Leftovers!</small><br></div><div class="battle-history"><small>Misdreavus was hurt by its burn!</small><br></div><div class="battle-history"><small>The opposing Audino was hurt by its burn!</small><br></div><div class="spacer battle-history"><br></div><h2 class="battle-history">Turn 19</h2><div class="spacer battle-history"><br></div><div class="battle-history">Misdreavus, come back!<br></div><div class="battle-history">Go! <strong>Murkrow</strong>!<br></div><div class="spacer battle-history"><br></div><div class="battle-history">The opposing Audino used <strong>Knock Off</strong>!<br></div><div class="battle-history"><small>It's not very effective...</small><br></div><div class="battle-history"><small>(Murkrow lost <abbr title="−26/261">10.0%</abbr> of its health!)</small><br></div><div class="battle-history"><small>The opposing Audino knocked off Murkrow's Life Orb!</small><br></div><div class="spacer battle-history"><br></div><div class="battle-history"><small>The opposing Audino restored a little HP using its Leftovers!</small><br></div><div class="battle-history"><small>The opposing Audino was hurt by its burn!</small><br></div><div class="spacer battle-history"><br></div><h2 class="battle-history">Turn 20</h2><div class="spacer battle-history"><br></div><div class="battle-history">Murkrow used <strong>Brave Bird</strong>!<br></div><div class="battle-history"><small>(The opposing Audino lost <abbr title="−186/409">45.5%</abbr> of its health!)</small><br></div><div class="battle-history"><small>Murkrow is damaged by the recoil!</small><br></div><div class="spacer battle-history"><br></div><div class="battle-history">The opposing Audino used <strong>Wish</strong>!<br></div><div class="spacer battle-history"><br></div><div class="battle-history"><small>The opposing Audino restored a little HP using its Leftovers!</small><br></div><div class="battle-history"><small>The opposing Audino was hurt by its burn!</small><br></div><div class="spacer battle-history"><br></div><div class="battle-history">The opposing Audino fainted!<br></div><div class="spacer battle-history"><br></div><div class="battle-history">Volcano Badge sent out <strong>Tentacool</strong>!<br></div><div class="battle-history"><small>The opposing Tentacool is hurt by the spikes!</small><br></div><div class="battle-history"><small>Pointed stones dug into the opposing Tentacool!</small><br></div><div class="spacer battle-history"><br></div><h2 class="battle-history">Turn 21</h2><div class="spacer battle-history"><br></div><div class="battle-history">Volcano Badge withdrew Tentacool!<br></div><div class="battle-history">Volcano Badge sent out Rotom (<strong>Rotom-Fan</strong>)!<br></div><div class="battle-history"><small>Pointed stones dug into the opposing Rotom!</small><br></div><div class="spacer battle-history"><br></div><div class="battle-history">Murkrow used <strong>Brave Bird</strong>!<br></div><div class="battle-history"><small>It's not very effective...</small><br></div><div class="battle-history"><small>(The opposing Rotom lost <abbr title="−54/303">17.8%</abbr> of its health!)</small><br></div><div class="battle-history"><small>Murkrow is damaged by the recoil!</small><br></div><div class="spacer battle-history"><br></div><div class="battle-history"><small>Audino's wish came true!</small><br></div><div class="spacer battle-history"><br></div><h2 class="battle-history">Turn 22</h2><div class="spacer battle-history"><br></div><div class="battle-history">Murkrow, come back!<br></div><div class="battle-history">Go! <strong>Mr. Mime</strong>!<br></div><div class="spacer battle-history"><br></div><div class="battle-history">The opposing Rotom used <strong>Volt Switch</strong>!<br></div><div class="battle-history"><small>(Mr. Mime lost <abbr title="−81/221">36.7%</abbr> of its health!)</small><br></div><div class="spacer battle-history"><br></div><div class="battle-history">The opposing Rotom went back to Volcano Badge!<br></div><div class="battle-history">Volcano Badge sent out <strong>Metang</strong>!<br></div><div class="battle-history"><small>Pointed stones dug into the opposing Metang!</small><br></div><div class="battle-history"><small>The opposing Metang is hurt by the spikes!</small><br></div><div class="spacer battle-history"><br></div><h2 class="battle-history">Turn 23</h2><div class="spacer battle-history"><br></div><div class="battle-history">Mr. Mime, come back!<br></div><div class="battle-history">Go! <strong>Avalugg</strong>!<br></div><div class="spacer battle-history"><br></div><div class="battle-history">The opposing Metang used <strong>Rest</strong>!<br></div><div class="battle-history"><small>The opposing Metang fell asleep!</small><br></div><div class="battle-history"><small>The opposing Metang slept and became healthy!</small><br></div><div class="spacer battle-history"><br></div><div class="battle-history"><small>Avalugg restored a little HP using its Leftovers!</small><br></div><div class="battle-history"><small>Avalugg was hurt by poison!</small><br></div><div class="spacer battle-history"><br></div><h2 class="battle-history">Turn 24</h2><div class="spacer battle-history"><br></div><div class="battle-history">The opposing Metang is fast asleep.<br></div><div class="spacer battle-history"><br></div><div class="battle-history">The opposing Metang used <strong>Sleep Talk</strong>!<br></div><div class="spacer battle-history"><br></div><div class="battle-history">The opposing Metang used <strong>Rest</strong>!<br></div><div class="battle-history"><small>But it failed!</small><br></div><div class="spacer battle-history"><br></div><div class="battle-history">Avalugg used <strong>Roar</strong>!<br></div><div class="spacer battle-history"><br></div><div class="battle-history">Rotom (<strong>Rotom-Fan</strong>) was dragged out!<br></div><div class="battle-history"><small>Pointed stones dug into the opposing Rotom!</small><br></div><div class="spacer battle-history"><br></div><div class="battle-history"><small>The opposing Rotom restored a little HP using its Leftovers!</small><br></div><div class="battle-history"><small>Avalugg restored a little HP using its Leftovers!</small><br></div><div class="battle-history"><small>Avalugg was hurt by poison!</small><br></div><div class="spacer battle-history"><br></div><h2 class="battle-history">Turn 25</h2><div class="spacer battle-history"><br></div><div class="battle-history">Avalugg, come back!<br></div><div class="battle-history">Go! <strong>Roselia</strong>!<br></div><div class="spacer battle-history"><br></div><div class="battle-history">The opposing Rotom used <strong>Air Slash</strong>!<br></div><div class="battle-history"><small>It's super effective!</small><br></div><div class="battle-history"><small>(Roselia lost <abbr title="−170/304">55.9%</abbr> of its health!)</small><br></div><div class="spacer battle-history"><br></div><div class="battle-history"><small>The opposing Rotom restored a little HP using its Leftovers!</small><br></div><div class="spacer battle-history"><br></div><h2 class="battle-history">Turn 26</h2><div class="chat chatmessage-chrisloud"><strong style="color:hsl(98,63%,38%)"><small>☆</small><span class="username" data-name="Chrisloudツ">Chrisloudツ</span>:</strong> <em>that did</em></div><div class="chat chatmessage-chrisloud"><strong style="color:hsl(98,63%,38%)"><small>☆</small><span class="username" data-name="Chrisloudツ">Chrisloudツ</span>:</strong> <em>oh no eviolite</em></div><div class="chat chatmessage-chrisloud"><strong style="color:hsl(98,63%,38%)"><small>☆</small><span class="username" data-name="Chrisloudツ">Chrisloudツ</span>:</strong> <em>nvm</em></div><div class="spacer battle-history"><br></div><div class="battle-history">Roselia, come back!<br></div><div class="battle-history">Go! <strong>Murkrow</strong>!<br></div><div class="spacer battle-history"><br></div><div class="battle-history">The opposing Rotom used <strong>Air Slash</strong>!<br></div><div class="battle-history"><small>(Murkrow lost <abbr title="−156/261">59.8%</abbr> of its health!)</small><br></div><div class="spacer battle-history"><br></div><div class="battle-history">Murkrow fainted!<br></div><div class="spacer battle-history"><br></div><div class="battle-history"><small>The opposing Rotom restored a little HP using its Leftovers!</small><br></div><div class="spacer battle-history"><br></div><div class="battle-history">Go! <strong>Relicanth</strong>!<br></div><div class="spacer battle-history"><br></div><h2 class="battle-history">Turn 27</h2><div class="spacer battle-history"><br></div><div class="battle-history">The opposing Rotom used <strong>Volt Switch</strong>!<br></div><div class="battle-history"><small>It's super effective!</small><br></div><div class="battle-history"><small>A critical hit!</small><br></div><div class="battle-history"><small>(Relicanth lost <abbr title="−279/367">76.0%</abbr> of its health!)</small><br></div><div class="spacer battle-history"><br></div><div class="battle-history">Relicanth fainted!<br></div><div class="spacer battle-history"><br></div><div class="battle-history">The opposing Rotom went back to Volcano Badge!<br></div><div class="battle-history">Volcano Badge sent out <strong>Metang</strong>!<br></div><div class="battle-history"><small>The opposing Metang is hurt by the spikes!</small><br></div><div class="battle-history"><small>Pointed stones dug into the opposing Metang!</small><br></div><div class="spacer battle-history"><br></div><div class="battle-history">Go! <strong>Misdreavus</strong>!<br></div><div class="spacer battle-history"><br></div><h2 class="battle-history">Turn 28</h2><div class="spacer battle-history"><br></div><div class="battle-history">Volcano Badge withdrew Metang!<br></div><div class="battle-history">Volcano Badge sent out <strong>Camerupt</strong>!<br></div><div class="battle-history"><small>Pointed stones dug into the opposing Camerupt!</small><br></div><div class="battle-history"><small>The opposing Camerupt is hurt by the spikes!</small><br></div><div class="spacer battle-history"><br></div><div class="battle-history">Misdreavus used <strong>Hex</strong>!<br></div><div class="battle-history"><small>(The opposing Camerupt lost <abbr title="−67/343">19.5%</abbr> of its health!)</small><br></div><div class="spacer battle-history"><br></div><div class="battle-history"><small>The opposing Camerupt restored a little HP using its Leftovers!</small><br></div><div class="battle-history"><small>Misdreavus was hurt by its burn!</small><br></div><div class="spacer battle-history"><br></div><h2 class="battle-history">Turn 29</h2><div class="spacer battle-history"><br></div><div class="battle-history">Misdreavus, come back!<br></div><div class="battle-history">Go! <strong>Roselia</strong>!<br></div><div class="spacer battle-history"><br></div><div class="battle-history">The opposing Camerupt used <strong>Stealth Rock</strong>!<br></div><div class="battle-history"><small>Pointed stones float in the air around your team!</small><br></div><div class="spacer battle-history"><br></div><div class="battle-history"><small>The opposing Camerupt restored a little HP using its Leftovers!</small><br></div><div class="spacer battle-history"><br></div><h2 class="battle-history">Turn 30</h2><div class="spacer battle-history"><br></div><div class="battle-history">Roselia used <strong>Giga Drain</strong>!<br></div><div class="battle-history"><small>(The opposing Camerupt lost <abbr title="−85/343">24.8%</abbr> of its health!)</small><br></div><div class="battle-history"><small>The opposing Camerupt had its energy drained!</small><br></div><div class="spacer battle-history"><br></div><div class="battle-history">The opposing Camerupt used <strong>Lava Plume</strong>!<br></div><div class="battle-history"><small>It's super effective!</small><br></div><div class="battle-history"><small>A critical hit!</small><br></div><div class="battle-history"><small>(Roselia lost <abbr title="−119/304">39.1%</abbr> of its health!)</small><br></div><div class="spacer battle-history"><br></div><div class="battle-history">Roselia fainted!<br></div><div class="spacer battle-history"><br></div><div class="battle-history"><small>The opposing Camerupt restored a little HP using its Leftovers!</small><br></div><div class="spacer battle-history"><br></div><div class="battle-history">Go! <strong>Mr. Mime</strong>!<br></div><div class="battle-history"><small>Pointed stones dug into Mr. Mime!</small><br></div><div class="spacer battle-history"><br></div><h2 class="battle-history">Turn 31</h2><div class="spacer battle-history"><br></div><div class="battle-history">Mr. Mime used <strong>Psychic</strong>!<br></div><div class="battle-history"><small>A critical hit!</small><br></div><div class="battle-history"><small>(The opposing Camerupt lost <abbr title="−127/343">37.0%</abbr> of its health!)</small><br></div><div class="spacer battle-history"><br></div><div class="battle-history">The opposing Camerupt fainted!<br></div><div class="spacer battle-history"><br></div><div class="battle-history">Volcano Badge sent out <strong>Metang</strong>!<br></div><div class="battle-history"><small>Pointed stones dug into the opposing Metang!</small><br></div><div class="battle-history"><small>The opposing Metang is hurt by the spikes!</small><br></div><div class="spacer battle-history"><br></div><h2 class="battle-history">Turn 32</h2><div class="spacer battle-history"><br></div><div class="battle-history">Mr. Mime, come back!<br></div><div class="battle-history">Go! <strong>Avalugg</strong>!<br></div><div class="battle-history"><small>Pointed stones dug into Avalugg!</small><br></div><div class="spacer battle-history"><br></div><div class="battle-history">The opposing Metang is fast asleep.<br></div><div class="spacer battle-history"><br></div><div class="battle-history">The opposing Metang used <strong>Sleep Talk</strong>!<br></div><div class="spacer battle-history"><br></div><div class="battle-history">The opposing Metang used <strong>Rest</strong>!<br></div><div class="battle-history"><small>But it failed!</small><br></div><div class="spacer battle-history"><br></div><div class="battle-history"><small>Avalugg restored a little HP using its Leftovers!</small><br></div><div class="battle-history"><small>Avalugg was hurt by poison!</small><br></div><div class="spacer battle-history"><br></div><h2 class="battle-history">Turn 33</h2><div class="spacer battle-history"><br></div><div class="battle-history"><small>The opposing Metang woke up!</small><br></div><div class="spacer battle-history"><br></div><div class="battle-history">The opposing Metang used <strong>Rest</strong>!<br></div><div class="battle-history"><small>The opposing Metang fell asleep!</small><br></div><div class="battle-history"><small>The opposing Metang slept and became healthy!</small><br></div><div class="spacer battle-history"><br></div><div class="battle-history">Avalugg used <strong>Recover</strong>!<br></div><div class="battle-history"><small>Avalugg restored its HP.</small><br></div><div class="spacer battle-history"><br></div><div class="battle-history"><small>Avalugg restored a little HP using its Leftovers!</small><br></div><div class="battle-history"><small>Avalugg was hurt by poison!</small><br></div><div class="spacer battle-history"><br></div><h2 class="battle-history">Turn 34</h2><div class="spacer battle-history"><br></div><div class="battle-history">The opposing Metang is fast asleep.<br></div><div class="spacer battle-history"><br></div><div class="battle-history">The opposing Metang used <strong>Sleep Talk</strong>!<br></div><div class="spacer battle-history"><br></div><div class="battle-history">The opposing Metang used <strong>Rest</strong>!<br></div><div class="battle-history"><small>But it failed!</small><br></div><div class="spacer battle-history"><br></div><div class="battle-history">Avalugg used <strong>Roar</strong>!<br></div><div class="spacer battle-history"><br></div><div class="battle-history"><strong>Tentacool</strong> was dragged out!<br></div><div class="battle-history"><small>The opposing Tentacool is hurt by the spikes!</small><br></div><div class="battle-history"><small>Pointed stones dug into the opposing Tentacool!</small><br></div><div class="spacer battle-history"><br></div><div class="battle-history"><small>Avalugg restored a little HP using its Leftovers!</small><br></div><div class="battle-history"><small>Avalugg was hurt by poison!</small><br></div><div class="spacer battle-history"><br></div><h2 class="battle-history">Turn 35</h2><div class="spacer battle-history"><br></div><div class="battle-history">Avalugg, come back!<br></div><div class="battle-history">Go! <strong>Misdreavus</strong>!<br></div><div class="battle-history"><small>Pointed stones dug into Misdreavus!</small><br></div><div class="spacer battle-history"><br></div><div class="battle-history">The opposing Tentacool used <strong>Rest</strong>!<br></div><div class="battle-history"><small>The opposing Tentacool fell asleep!</small><br></div><div class="battle-history"><small>The opposing Tentacool slept and became healthy!</small><br></div><div class="spacer battle-history"><br></div><div class="battle-history"><small>Misdreavus was hurt by its burn!</small><br></div><div class="spacer battle-history"><br></div><h2 class="battle-history">Turn 36</h2><div class="spacer battle-history"><br></div><div class="battle-history">Volcano Badge withdrew Tentacool!<br></div><div class="battle-history">Volcano Badge sent out Rotom (<strong>Rotom-Fan</strong>)!<br></div><div class="battle-history"><small>Pointed stones dug into the opposing Rotom!</small><br></div><div class="spacer battle-history"><br></div><div class="battle-history">Misdreavus used <strong>Hex</strong>!<br></div><div class="battle-history"><small>(The opposing Rotom lost <abbr title="−66/303">21.8%</abbr> of its health!)</small><br></div><div class="spacer battle-history"><br></div><div class="battle-history"><small>The opposing Rotom restored a little HP using its Leftovers!</small><br></div><div class="battle-history"><small>Misdreavus was hurt by its burn!</small><br></div><div class="spacer battle-history"><br></div><h2 class="battle-history">Turn 37</h2><div class="spacer battle-history"><br></div><div class="battle-history">Misdreavus used <strong>Hex</strong>!<br></div><div class="battle-history"><small>(The opposing Rotom lost <abbr title="−60/303">19.8%</abbr> of its health!)</small><br></div><div class="spacer battle-history"><br></div><div class="battle-history">The opposing Rotom used <strong>Volt Switch</strong>!<br></div><div class="battle-history"><small>(Misdreavus lost <abbr title="−14/324">4.3%</abbr> of its health!)</small><br></div><div class="spacer battle-history"><br></div><div class="battle-history">Misdreavus fainted!<br></div><div class="chat chatmessage-chrisloud"><strong style="color:hsl(98,63%,38%)"><small>☆</small><span class="username" data-name="Chrisloudツ">Chrisloudツ</span>:</strong> <em>yeah gg</em></div><div class="spacer battle-history"><br></div><div class="battle-history">The opposing Rotom went back to Volcano Badge!<br></div><div class="battle-history">Volcano Badge sent out Gourgeist (<strong>Gourgeist-Super</strong>)!<br></div><div class="battle-history"><small>Pointed stones dug into the opposing Gourgeist!</small><br></div><div class="battle-history"><small>The opposing Gourgeist is hurt by the spikes!</small><br></div><div class="chat chatmessage-chrisloud"><strong style="color:hsl(98,63%,38%)"><small>☆</small><span class="username" data-name="Chrisloudツ">Chrisloudツ</span>:</strong> <em>its 5 am so im gonna leave</em></div><div class="chat chatmessage-volcanobadge"><strong style="color:hsl(269,66%,54.88976020569538%)"><small>☆</small><span class="username" data-name="Volcano Badge">Volcano Badge</span>:</strong> <em>this team cant get rid of hazards lol</em></div><div class="chat chatmessage-volcanobadge"><strong style="color:hsl(269,66%,54.88976020569538%)"><small>☆</small><span class="username" data-name="Volcano Badge">Volcano Badge</span>:</strong> <em>gg</em></div><div class="spacer battle-history"><br></div><div class="battle-history">Go! <strong>Avalugg</strong>!<br></div><div class="battle-history"><small>Pointed stones dug into Avalugg!</small><br></div><div class="spacer battle-history"><br></div><h2 class="battle-history">Turn 38</h2><div class="spacer battle-history"><br></div><div class="battle-history">The opposing Gourgeist used <strong>Synthesis</strong>!<br></div><div class="battle-history"><small>The opposing Gourgeist restored its HP.</small><br></div><div class="spacer battle-history"><br></div><div class="battle-history">Avalugg used <strong>Recover</strong>!<br></div><div class="battle-history"><small>Avalugg restored its HP.</small><br></div><div class="spacer battle-history"><br></div><div class="battle-history"><small>Avalugg was hurt by poison!</small><br></div><div class="spacer battle-history"><br></div><h2 class="battle-history">Turn 39</h2><div class="spacer battle-history"><br></div><div class="battle-history">The opposing Gourgeist used <strong>Skill Swap</strong>!<br></div><div class="battle-history"><small>[The opposing Gourgeist's Sturdy]</small><br><small>[Avalugg's Insomnia]</small><br><small>The opposing Gourgeist swapped Abilities with its target!</small><br></div><div class="spacer battle-history"><br></div><div class="battle-history">Avalugg used <strong>Roar</strong>!<br></div><div class="spacer battle-history"><br></div><div class="battle-history"><strong>Metang</strong> was dragged out!<br></div><div class="battle-history"><small>Pointed stones dug into the opposing Metang!</small><br></div><div class="battle-history"><small>The opposing Metang is hurt by the spikes!</small><br></div><div class="spacer battle-history"><br></div><div class="battle-history"><small>Avalugg restored a little HP using its Leftovers!</small><br></div><div class="battle-history"><small>Avalugg was hurt by poison!</small><br></div><div class="spacer battle-history"><br></div><h2 class="battle-history">Turn 40</h2><div class="spacer battle-history"><br></div><div class="battle-history">The opposing Metang is fast asleep.<br></div><div class="spacer battle-history"><br></div><div class="battle-history">The opposing Metang used <strong>Sleep Talk</strong>!<br></div><div class="spacer battle-history"><br></div><div class="battle-history">The opposing Metang used <strong>Toxic</strong>!<br></div><div class="battle-history"><small>But it failed!</small><br></div><div class="spacer battle-history"><br></div><div class="battle-history">Avalugg used <strong>Roar</strong>!<br></div><div class="spacer battle-history"><br></div><div class="battle-history">Rotom (<strong>Rotom-Fan</strong>) was dragged out!<br></div><div class="battle-history"><small>Pointed stones dug into the opposing Rotom!</small><br></div><div class="spacer battle-history"><br></div><div class="battle-history"><small>The opposing Rotom restored a little HP using its Leftovers!</small><br></div><div class="battle-history"><small>Avalugg restored a little HP using its Leftovers!</small><br></div><div class="battle-history"><small>Avalugg was hurt by poison!</small><br></div><div class="spacer battle-history"><br></div><h2 class="battle-history">Turn 41</h2><div class="chat chatmessage-chrisloud"><strong style="color:hsl(98,63%,38%)"><small>☆</small><span class="username" data-name="Chrisloudツ">Chrisloudツ</span>:</strong> <em>can u kill this tho</em></div><div class="spacer battle-history"><br></div><div class="battle-history">The opposing Rotom used <strong>Pain Split</strong>!<br></div><div class="battle-history"><small>The battlers shared their pain!</small><br></div><div class="spacer battle-history"><br></div><div class="battle-history">Avalugg used <strong>Roar</strong>!<br></div><div class="spacer battle-history"><br></div><div class="battle-history"><strong>Metang</strong> was dragged out!<br></div><div class="battle-history"><small>The opposing Metang is hurt by the spikes!</small><br></div><div class="battle-history"><small>Pointed stones dug into the opposing Metang!</small><br></div><div class="spacer battle-history"><br></div><div class="battle-history"><small>Avalugg restored a little HP using its Leftovers!</small><br></div><div class="battle-history"><small>Avalugg was hurt by poison!</small><br></div><div class="spacer battle-history"><br></div><h2 class="battle-history">Turn 42</h2><div class="chat chatmessage-chrisloud"><strong style="color:hsl(98,63%,38%)"><small>☆</small><span class="username" data-name="Chrisloudツ">Chrisloudツ</span>:</strong> <em>yeah u can</em></div><div class="chat chatmessage-chrisloud"><strong style="color:hsl(98,63%,38%)"><small>☆</small><span class="username" data-name="Chrisloudツ">Chrisloudツ</span>:</strong> <em>lol</em></div><div class="spacer battle-history"><br></div><div class="battle-history"><small>The opposing Metang woke up!</small><br></div><div class="spacer battle-history"><br></div><div class="battle-history">The opposing Metang used <strong>Rest</strong>!<br></div><div class="battle-history"><small>The opposing Metang fell asleep!</small><br></div><div class="battle-history"><small>The opposing Metang slept and became healthy!</small><br></div><div class="spacer battle-history"><br></div><div class="battle-history">Avalugg used <strong>Recover</strong>!<br></div><div class="battle-history"><small>Avalugg restored its HP.</small><br></div><div class="spacer battle-history"><br></div><div class="battle-history"><small>Avalugg restored a little HP using its Leftovers!</small><br></div><div class="battle-history"><small>Avalugg was hurt by poison!</small><br></div><div class="spacer battle-history"><br></div><h2 class="battle-history">Turn 43</h2><div class="spacer battle-history"><br></div><div class="battle-history">The opposing Metang is fast asleep.<br></div><div class="spacer battle-history"><br></div><div class="battle-history">The opposing Metang used <strong>Sleep Talk</strong>!<br></div><div class="spacer battle-history"><br></div><div class="battle-history">The opposing Metang used <strong>Rest</strong>!<br></div><div class="battle-history"><small>But it failed!</small><br></div><div class="spacer battle-history"><br></div><div class="battle-history">Avalugg used <strong>Roar</strong>!<br></div><div class="spacer battle-history"><br></div><div class="battle-history"><strong>Tentacool</strong> was dragged out!<br></div><div class="battle-history"><small>The opposing Tentacool is hurt by the spikes!</small><br></div><div class="battle-history"><small>Pointed stones dug into the opposing Tentacool!</small><br></div><div class="spacer battle-history"><br></div><div class="battle-history"><small>Avalugg restored a little HP using its Leftovers!</small><br></div><div class="battle-history"><small>Avalugg was hurt by poison!</small><br></div><div class="spacer battle-history"><br></div><h2 class="battle-history">Turn 44</h2><div class="spacer battle-history"><br></div><div class="battle-history">The opposing Tentacool is fast asleep.<br></div><div class="spacer battle-history"><br></div><div class="battle-history">Avalugg used <strong>Roar</strong>!<br></div><div class="spacer battle-history"><br></div><div class="battle-history">Gourgeist (<strong>Gourgeist-Super</strong>) was dragged out!<br></div><div class="battle-history"><small>Pointed stones dug into the opposing Gourgeist!</small><br></div><div class="battle-history"><small>The opposing Gourgeist is hurt by the spikes!</small><br></div><div class="spacer battle-history"><br></div><div class="battle-history"><small>Avalugg restored a little HP using its Leftovers!</small><br></div><div class="battle-history"><small>Avalugg was hurt by poison!</small><br></div><div class="spacer battle-history"><br></div><h2 class="battle-history">Turn 45</h2><div class="spacer battle-history"><br></div><div class="battle-history">The opposing Gourgeist used <strong>Synthesis</strong>!<br></div><div class="battle-history"><small>The opposing Gourgeist restored its HP.</small><br></div><div class="spacer battle-history"><br></div><div class="battle-history">Avalugg used <strong>Avalanche</strong>!<br></div><div class="battle-history"><small>It's super effective!</small><br></div><div class="battle-history"><small>(The opposing Gourgeist lost <abbr title="−98/373">26.3%</abbr> of its health!)</small><br></div><div class="spacer battle-history"><br></div><div class="battle-history"><small>Avalugg restored a little HP using its Leftovers!</small><br></div><div class="battle-history"><small>Avalugg was hurt by poison!</small><br></div><div class="spacer battle-history"><br></div><h2 class="battle-history">Turn 46</h2><div class="spacer battle-history"><br></div><div class="battle-history">The opposing Gourgeist used <strong>Foul Play</strong>!<br></div><div class="battle-history"><small>(Avalugg lost <abbr title="−44/394">11.2%</abbr> of its health!)</small><br></div><div class="spacer battle-history"><br></div><div class="battle-history">Avalugg used <strong>Recover</strong>!<br></div><div class="battle-history"><small>Avalugg restored its HP.</small><br></div><div class="spacer battle-history"><br></div><div class="battle-history"><small>Avalugg restored a little HP using its Leftovers!</small><br></div><div class="battle-history"><small>Avalugg was hurt by poison!</small><br></div><div class="spacer battle-history"><br></div><h2 class="battle-history">Turn 47</h2><div class="spacer battle-history"><br></div><div class="battle-history">The opposing Gourgeist used <strong>Synthesis</strong>!<br></div><div class="battle-history"><small>The opposing Gourgeist restored its HP.</small><br></div><div class="spacer battle-history"><br></div><div class="battle-history">Avalugg used <strong>Roar</strong>!<br></div><div class="spacer battle-history"><br></div><div class="battle-history"><strong>Tentacool</strong> was dragged out!<br></div><div class="battle-history"><small>The opposing Tentacool is hurt by the spikes!</small><br></div><div class="battle-history"><small>Pointed stones dug into the opposing Tentacool!</small><br></div><div class="spacer battle-history"><br></div><div class="battle-history"><small>Avalugg restored a little HP using its Leftovers!</small><br></div><div class="battle-history"><small>Avalugg was hurt by poison!</small><br></div><div class="spacer battle-history"><br></div><h2 class="battle-history">Turn 48</h2><div class="chat chatmessage-chrisloud"><strong style="color:hsl(98,63%,38%)"><small>☆</small><span class="username" data-name="Chrisloudツ">Chrisloudツ</span>:</strong> <em>do u wake up</em></div><div class="spacer battle-history"><br></div><div class="battle-history">The opposing Tentacool is fast asleep.<br></div><div class="spacer battle-history"><br></div><div class="battle-history">Avalugg used <strong>Roar</strong>!<br></div><div class="spacer battle-history"><br></div><div class="battle-history"><strong>Metang</strong> was dragged out!<br></div><div class="battle-history"><small>The opposing Metang is hurt by the spikes!</small><br></div><div class="battle-history"><small>Pointed stones dug into the opposing Metang!</small><br></div><div class="spacer battle-history"><br></div><div class="battle-history"><small>Avalugg restored a little HP using its Leftovers!</small><br></div><div class="battle-history"><small>Avalugg was hurt by poison!</small><br></div><div class="spacer battle-history"><br></div><h2 class="battle-history">Turn 49</h2><div class="spacer battle-history"><br></div><div class="battle-history">The opposing Metang is fast asleep.<br></div><div class="spacer battle-history"><br></div><div class="battle-history">Avalugg used <strong>Roar</strong>!<br></div><div class="spacer battle-history"><br></div><div class="battle-history">Gourgeist (<strong>Gourgeist-Super</strong>) was dragged out!<br></div><div class="battle-history"><small>Pointed stones dug into the opposing Gourgeist!</small><br></div><div class="battle-history"><small>The opposing Gourgeist is hurt by the spikes!</small><br></div><div class="spacer battle-history"><br></div><div class="battle-history"><small>Avalugg restored a little HP using its Leftovers!</small><br></div><div class="battle-history"><small>Avalugg was hurt by poison!</small><br></div><div class="spacer battle-history"><br></div><h2 class="battle-history">Turn 50</h2><div class="chat chatmessage-chrisloud"><strong style="color:hsl(98,63%,38%)"><small>☆</small><span class="username" data-name="Chrisloudツ">Chrisloudツ</span>:</strong> <em>can i win</em></div><div class="spacer battle-history"><br></div><div class="battle-history">The opposing Gourgeist used <strong>Foul Play</strong>!<br></div><div class="battle-history"><small>(Avalugg lost <abbr title="−40/394">10.2%</abbr> of its health!)</small><br></div><div class="spacer battle-history"><br></div><div class="battle-history">Avalugg used <strong>Recover</strong>!<br></div><div class="battle-history"><small>Avalugg restored its HP.</small><br></div><div class="spacer battle-history"><br></div><div class="battle-history"><small>Avalugg was hurt by poison!</small><br></div><div class="spacer battle-history"><br></div><h2 class="battle-history">Turn 51</h2><div class="spacer battle-history"><br></div><div class="battle-history">The opposing Gourgeist used <strong>Foul Play</strong>!<br></div><div class="battle-history"><small>(Avalugg lost <abbr title="−38/394">9.6%</abbr> of its health!)</small><br></div><div class="spacer battle-history"><br></div><div class="battle-history">Avalugg used <strong>Roar</strong>!<br></div><div class="spacer battle-history"><br></div><div class="battle-history">Rotom (<strong>Rotom-Fan</strong>) was dragged out!<br></div><div class="battle-history"><small>Pointed stones dug into the opposing Rotom!</small><br></div><div class="spacer battle-history"><br></div><div class="battle-history"><small>The opposing Rotom restored a little HP using its Leftovers!</small><br></div><div class="battle-history"><small>Avalugg restored a little HP using its Leftovers!</small><br></div><div class="battle-history"><small>Avalugg was hurt by poison!</small><br></div><div class="spacer battle-history"><br></div><h2 class="battle-history">Turn 52</h2><div class="spacer battle-history"><br></div><div class="battle-history">The opposing Rotom used <strong>Pain Split</strong>!<br></div><div class="battle-history"><small>The battlers shared their pain!</small><br></div><div class="spacer battle-history"><br></div><div class="battle-history">Avalugg used <strong>Avalanche</strong>!<br></div><div class="battle-history"><small>It's super effective!</small><br></div><div class="battle-history"><small>(The opposing Rotom lost <abbr title="−114/303">37.6%</abbr> of its health!)</small><br></div><div class="spacer battle-history"><br></div><div class="battle-history"><small>The opposing Rotom restored a little HP using its Leftovers!</small><br></div><div class="battle-history"><small>Avalugg restored a little HP using its Leftovers!</small><br></div><div class="battle-history"><small>Avalugg was hurt by poison!</small><br></div><div class="spacer battle-history"><br></div><h2 class="battle-history">Turn 53</h2><div class="chat chatmessage-chrisloud"><strong style="color:hsl(98,63%,38%)"><small>☆</small><span class="username" data-name="Chrisloudツ">Chrisloudツ</span>:</strong> <em>kill me</em></div><div class="chat chatmessage-chrisloud"><strong style="color:hsl(98,63%,38%)"><small>☆</small><span class="username" data-name="Chrisloudツ">Chrisloudツ</span>:</strong> <em>end with me</em></div><div class="spacer battle-history"><br></div><div class="battle-history">The opposing Rotom used <strong>Air Slash</strong>!<br></div><div class="battle-history"><small>(Avalugg lost <abbr title="−171/394">43.4%</abbr> of its health!)</small><br></div><div class="spacer battle-history"><br></div><div class="battle-history">Avalugg fainted!<br></div><div class="spacer battle-history"><br></div><div class="battle-history"><small>The opposing Rotom restored a little HP using its Leftovers!</small><br></div><div class="spacer battle-history"><br></div><div class="battle-history">Go! <strong>Mr. Mime</strong>!<br></div><div class="battle-history"><small>Pointed stones dug into Mr. Mime!</small><br></div><div class="spacer battle-history"><br></div><h2 class="battle-history">Turn 54</h2><div class="chat chatmessage-chrisloud"><strong style="color:hsl(98,63%,38%)"><small>☆</small><span class="username" data-name="Chrisloudツ">Chrisloudツ</span>:</strong> <em>gg</em></div><div class="spacer battle-history"><br></div><div class="battle-history">Volcano Badge withdrew Rotom!<br></div><div class="battle-history">Volcano Badge sent out <strong>Tentacool</strong>!<br></div><div class="battle-history"><small>Pointed stones dug into the opposing Tentacool!</small><br></div><div class="battle-history"><small>The opposing Tentacool is hurt by the spikes!</small><br></div><div class="spacer battle-history"><br></div><div class="battle-history">The opposing Tentacool fainted!<br></div><div class="battle-history">Mr. Mime used <strong>Psychic</strong>!<br></div><div class="battle-history"><small>But there was no target...</small><br></div><div class="spacer battle-history"><br></div><div class="battle-history">Volcano Badge sent out <strong>Metang</strong>!<br></div><div class="battle-history"><small>The opposing Metang is hurt by the spikes!</small><br></div><div class="battle-history"><small>Pointed stones dug into the opposing Metang!</small><br></div><div class="spacer battle-history"><br></div><h2 class="battle-history">Turn 55</h2><div class="chat chatmessage-chrisloud"><strong style="color:hsl(98,63%,38%)"><small>☆</small><span class="username" data-name="Chrisloudツ">Chrisloudツ</span>:</strong> <em>asserting dominance?</em></div><div class="chat chatmessage-chrisloud"><strong style="color:hsl(98,63%,38%)"><small>☆</small><span class="username" data-name="Chrisloudツ">Chrisloudツ</span>:</strong> <em>give me drops</em></div><div class="chat chatmessage-chrisloud"><strong style="color:hsl(98,63%,38%)"><small>☆</small><span class="username" data-name="Chrisloudツ">Chrisloudツ</span>:</strong> <em>im bright powder</em></div><div class="chat chatmessage-volcanobadge"><strong style="color:hsl(269,66%,54.88976020569538%)"><small>☆</small><span class="username" data-name="Volcano Badge">Volcano Badge</span>:</strong> <em>on clear body metang</em></div><div class="spacer battle-history"><br></div><div class="battle-history">Mr. Mime used <strong>Psychic</strong>!<br></div><div class="battle-history"><small>It's not very effective...</small><br></div><div class="battle-history"><small>(The opposing Metang lost <abbr title="−17/323">5.3%</abbr> of its health!)</small><br></div><div class="battle-history"><small>The opposing Metang woke up!</small><br></div><div class="spacer battle-history"><br></div><div class="battle-history">The opposing Metang used <strong>Sleep Talk</strong>!<br></div><div class="battle-history"><small>But it failed!</small><br></div><div class="spacer battle-history"><br></div><h2 class="battle-history">Turn 56</h2><div class="chat chatmessage-volcanobadge"><strong style="color:hsl(269,66%,54.88976020569538%)"><small>☆</small><span class="username" data-name="Volcano Badge">Volcano Badge</span>:</strong> <em>that would be a feat</em></div><div class="spacer battle-history"><br></div><div class="battle-history">Mr. Mime used <strong>Psychic</strong>!<br></div><div class="battle-history"><small>It's not very effective...</small><br></div><div class="battle-history"><small>(The opposing Metang lost <abbr title="−20/323">6.2%</abbr> of its health!)</small><br></div><div class="spacer battle-history"><br></div><div class="battle-history">The opposing Metang used <strong>Rest</strong>!<br></div><div class="battle-history"><small>The opposing Metang fell asleep!</small><br></div><div class="battle-history"><small>The opposing Metang slept and became healthy!</small><br></div><div class="spacer battle-history"><br></div><h2 class="battle-history">Turn 57</h2><div class="chat chatmessage-chrisloud"><strong style="color:hsl(98,63%,38%)"><small>☆</small><span class="username" data-name="Chrisloudツ">Chrisloudツ</span>:</strong> <em>light clay</em></div><div class="chat chatmessage-chrisloud"><strong style="color:hsl(98,63%,38%)"><small>☆</small><span class="username" data-name="Chrisloudツ">Chrisloudツ</span>:</strong> <em>is obv better</em></div><div class="chat chatmessage-chrisloud"><strong style="color:hsl(98,63%,38%)"><small>☆</small><span class="username" data-name="Chrisloudツ">Chrisloudツ</span>:</strong> <em>so you can switch into low kick pawn better</em></div><div class="spacer battle-history"><br></div><div class="battle-history">Mr. Mime used <strong>Psychic</strong>!<br></div><div class="battle-history"><small>It's not very effective...</small><br></div><div class="battle-history"><small>(The opposing Metang lost <abbr title="−19/323">5.9%</abbr> of its health!)</small><br></div><div class="spacer battle-history"><br></div><div class="battle-history">The opposing Metang is fast asleep.<br></div><div class="spacer battle-history"><br></div><div class="battle-history">The opposing Metang used <strong>Sleep Talk</strong>!<br></div><div class="spacer battle-history"><br></div><div class="battle-history">The opposing Metang used <strong>Meteor Mash</strong>!<br></div><div class="battle-history"><small>It's super effective!</small><br></div><div class="battle-history"><small>(Mr. Mime lost <abbr title="−86/221">38.9%</abbr> of its health!)</small><br></div><div class="spacer battle-history"><br></div><div class="battle-history">Mr. Mime fainted!<br></div><div class="spacer battle-history"><br></div><div class="battle-history"><strong>Volcano Badge</strong> won the battle!<br></div><div class="chat chatmessage-volcanobadge"><strong style="color:hsl(269,66%,54.88976020569538%)"><small>☆</small><span class="username" data-name="Volcano Badge">Volcano Badge</span>:</strong> <em>too many hazards</em></div><div class="chat chatmessage-chrisloud"><strong style="color:hsl(98,63%,38%)"><small>☆</small><span class="username" data-name="Chrisloudツ">Chrisloudツ</span>:</strong> <em><i>innovation</i></em></div><div class="chat chatmessage-chrisloud"><strong style="color:hsl(98,63%,38%)"><small>☆</small><span class="username" data-name="Chrisloudツ">Chrisloudツ</span>:</strong> <em>gg</em></div><div class="chat chatmessage-chrisloud"><strong style="color:hsl(98,63%,38%)"><small>☆</small><span class="username" data-name="Chrisloudツ">Chrisloudツ</span>:</strong> <em>im off</em></div><div class="chat chatmessage-volcanobadge"><strong style="color:hsl(269,66%,54.88976020569538%)"><small>☆</small><span class="username" data-name="Volcano Badge">Volcano Badge</span>:</strong> <em>gg</em></div><div class="chat chatmessage-chrisloud"><strong style="color:hsl(98,63%,38%)"><small>☆</small><span class="username" data-name="Chrisloudツ">Chrisloudツ</span>:</strong> <em>lol</em></div></div><div class="inner-preempt"></div></div></div>
</div>
<script>
let daily = Math.floor(Date.now()/1000/60/60/24);document.write('<script src="https://play.pokemonshowdown.com/js/replay-embed.js?version'+daily+'"></'+'script>');
</script>
