<!DOCTYPE html>
<meta charset="utf-8" />
<!-- version 1 -->
<title>PU replay: Opalfox vs. Elgino10</title>
<style>
html,body {font-family:Verdana, sans-serif;font-size:10pt;margin:0;padding:0;}body{padding:12px 0;} .battle-log {font-family:Verdana, sans-serif;font-size:10pt;} .battle-log-inline {border:1px solid #AAAAAA;background:#EEF2F5;color:black;max-width:640px;margin:0 auto 80px;padding-bottom:5px;} .battle-log .inner {padding:4px 8px 0px 8px;} .battle-log .inner-preempt {padding:0 8px 4px 8px;} .battle-log .inner-after {margin-top:0.5em;} .battle-log h2 {margin:0.5em -8px;padding:4px 8px;border:1px solid #AAAAAA;background:#E0E7EA;border-left:0;border-right:0;font-family:Verdana, sans-serif;font-size:13pt;} .battle-log .chat {vertical-align:middle;padding:3px 0 3px 0;font-size:8pt;} .battle-log .chat strong {color:#40576A;} .battle-log .chat em {padding:1px 4px 1px 3px;color:#000000;font-style:normal;} .chat.mine {background:rgba(0,0,0,0.05);margin-left:-8px;margin-right:-8px;padding-left:8px;padding-right:8px;} .spoiler {color:#BBBBBB;background:#BBBBBB;padding:0px 3px;} .spoiler:hover, .spoiler:active, .spoiler-shown {color:#000000;background:#E2E2E2;padding:0px 3px;} .spoiler a {color:#BBBBBB;} .spoiler:hover a, .spoiler:active a, .spoiler-shown a {color:#2288CC;} .chat code, .chat .spoiler:hover code, .chat .spoiler:active code, .chat .spoiler-shown code {border:1px solid #C0C0C0;background:#EEEEEE;color:black;padding:0 2px;} .chat .spoiler code {border:1px solid #CCCCCC;background:#CCCCCC;color:#CCCCCC;} .battle-log .rated {padding:3px 4px;} .battle-log .rated strong {color:white;background:#89A;padding:1px 4px;border-radius:4px;} .spacer {margin-top:0.5em;} .message-announce {background:#6688AA;color:white;padding:1px 4px 2px;} .message-announce a, .broadcast-green a, .broadcast-blue a, .broadcast-red a {color:#DDEEFF;} .broadcast-green {background-color:#559955;color:white;padding:2px 4px;} .broadcast-blue {background-color:#6688AA;color:white;padding:2px 4px;} .infobox {border:1px solid #6688AA;padding:2px 4px;} .infobox-limited {max-height:200px;overflow:auto;overflow-x:hidden;} .broadcast-red {background-color:#AA5544;color:white;padding:2px 4px;} .message-learn-canlearn {font-weight:bold;color:#228822;text-decoration:underline;} .message-learn-cannotlearn {font-weight:bold;color:#CC2222;text-decoration:underline;} .message-effect-weak {font-weight:bold;color:#CC2222;} .message-effect-resist {font-weight:bold;color:#6688AA;} .message-effect-immune {font-weight:bold;color:#666666;} .message-learn-list {margin-top:0;margin-bottom:0;} .message-throttle-notice, .message-error {color:#992222;} .message-overflow, .chat small.message-overflow {font-size:0pt;} .message-overflow::before {font-size:9pt;content:'...';} .subtle {color:#3A4A66;}
</style>
<div class="wrapper replay-wrapper" style="max-width:1180px;margin:0 auto">
<input type="hidden" name="replayid" value="pu-585692772" />
<div class="battle"></div><div class="battle-log"></div><div class="replay-controls"></div><div class="replay-controls-2"></div>
<h1 style="font-weight:normal;text-align:center"><strong>PU</strong><br /><a href="http://pokemonshowdown.com/users/opalfox" class="subtle" target="_blank">Opalfox</a> vs. <a href="http://pokemonshowdown.com/users/elgino10" class="subtle" target="_blank">Elgino10</a></h1>
<script type="text/plain" class="battle-log-data">|j|Opalfox
|j|Elgino10
|player|p1|Opalfox|1
|teamsize|p1|6
|player|p2|Elgino10|113
|teamsize|p2|6
|gametype|singles
|gen|6
|tier|PU
|seed|59019,44668,32996,14034
|rule|Sleep Clause Mod: Limit one foe put to sleep
|rule|Species Clause: Limit one of each Pokémon
|rule|OHKO Clause: OHKO moves are banned
|rule|Moody Clause: Moody is banned
|rule|Evasion Moves Clause: Evasion moves are banned
|rule|Endless Battle Clause: Forcing endless battles is banned
|rule|HP Percentage Mod: HP is shown in percentages
|clearpoke
|poke|p1|Combusken, M|item
|poke|p1|Swoobat, M, shiny|item
|poke|p1|Dedenne, F|item
|poke|p1|Gabite, M, shiny|item
|poke|p1|Lapras, M, shiny|item
|poke|p1|Leafeon, M|item
|poke|p2|Swoobat, F|item
|poke|p2|Servine, F|item
|poke|p2|Regice|item
|poke|p2|Marowak, M|item
|poke|p2|Vespiquen, F|item
|poke|p2|Rufflet, M|item
|rule|Swagger Clause: Swagger is banned
|rule|Baton Pass Clause: Limit one Baton Passer, can't pass Spe and other stats simultaneously
|teampreview
|j|Stats Bot
|l|Stats Bot
|j|Desculin✔️
|choice|team 5, team 2, team 3, team 4, team 1, team 6|team 5, team 2, team 3, team 4, team 1, team 6
|
|start
|switch|p1a: Lapras|Lapras, M, shiny|431\/431
|switch|p2a: Vespiquen|Vespiquen, F|344\/344
|-ability|p2a: Vespiquen|Pressure
|turn|1
|choice|move icebeam|move tailwind
|
|move|p1a: Lapras|Ice Beam|p2a: Vespiquen
|-supereffective|p2a: Vespiquen
|-damage|p2a: Vespiquen|60\/344
|move|p2a: Vespiquen|Tailwind|p2a: Vespiquen
|-sidestart|p2: Elgino10|move: Tailwind
|
|-heal|p2a: Vespiquen|81\/344|[from] item: Leftovers
|upkeep
|turn|2
|choice|move icebeam|switch 3
|
|switch|p2a: Regice|Regice|364\/364
|move|p1a: Lapras|Ice Beam|p2a: Regice
|-resisted|p2a: Regice
|-damage|p2a: Regice|313\/364
|
|-heal|p2a: Regice|335\/364|[from] item: Leftovers
|upkeep
|turn|3
|choice|switch 5|move thunderbolt
|
|switch|p1a: Combusken|Combusken, M|262\/262
|move|p2a: Regice|Thunderbolt|p1a: Combusken
|-damage|p1a: Combusken|120\/262
|-status|p1a: Combusken|par
|
|-heal|p2a: Regice|357\/364|[from] item: Leftovers
|upkeep
|turn|4
|c|☆Opalfox|Rip
|choice|move firepunch|move icebeam
|
|move|p2a: Regice|Ice Beam|p1a: Combusken
|-resisted|p1a: Combusken
|-damage|p1a: Combusken|6\/262 par
|move|p1a: Combusken|Fire Punch|p2a: Regice
|-supereffective|p2a: Regice
|-damage|p2a: Regice|53\/364
|-damage|p1a: Combusken|0 fnt|[from] item: Life Orb
|faint|p1a: Combusken
|
|-heal|p2a: Regice|75\/364|[from] item: Leftovers
|-sideend|p2: Elgino10|move: Tailwind
|upkeep
|choice|switch 6|
|
|switch|p1a: Leafeon|Leafeon, M|271\/271
|turn|5
|choice|move return|move rest
|
|move|p1a: Leafeon|Return|p2a: Regice
|-damage|p2a: Regice|0 fnt
|faint|p2a: Regice
|
|upkeep
|choice||switch 2
|
|switch|p2a: Servine|Servine, F|323\/323
|turn|6
|choice|move knockoff|move substitute
|
|move|p1a: Leafeon|Knock Off|p2a: Servine
|-damage|p2a: Servine|236\/323
|-enditem|p2a: Servine|Eviolite|[from] move: Knock Off|[of] p1a: Leafeon
|move|p2a: Servine|Substitute|p2a: Servine
|-start|p2a: Servine|Substitute
|-damage|p2a: Servine|156\/323
|
|upkeep
|turn|7
|choice|move return|move glare
|
|move|p1a: Leafeon|Return|p2a: Servine
|-end|p2a: Servine|Substitute
|move|p2a: Servine|Glare|p1a: Leafeon
|-status|p1a: Leafeon|par
|
|upkeep
|turn|8
|choice|move return|move substitute
|
|move|p2a: Servine|Substitute|p2a: Servine
|-start|p2a: Servine|Substitute
|-damage|p2a: Servine|76\/323
|move|p1a: Leafeon|Return|p2a: Servine
|-end|p2a: Servine|Substitute
|
|upkeep
|turn|9
|choice|move return|move leafstorm
|
|move|p2a: Servine|Leaf Storm|p1a: Leafeon
|-resisted|p1a: Leafeon
|-damage|p1a: Leafeon|200\/271 par
|-boost|p2a: Servine|spa|2
|cant|p1a: Leafeon|par
|
|upkeep
|turn|10
|choice|move return|move hiddenpower
|
|move|p2a: Servine|Hidden Power|p1a: Leafeon
|-supereffective|p1a: Leafeon
|-damage|p1a: Leafeon|20\/271 par
|-enditem|p1a: Leafeon|Sitrus Berry|[eat]
|-heal|p1a: Leafeon|87\/271 par|[from] item: Sitrus Berry
|move|p1a: Leafeon|Return|p2a: Servine
|-damage|p2a: Servine|0 fnt
|faint|p2a: Servine
|
|upkeep
|choice||switch 5
|
|switch|p2a: Swoobat|Swoobat, F|338\/338
|turn|11
|choice|move knockoff|move calmmind
|
|move|p2a: Swoobat|Calm Mind|p2a: Swoobat
|-boost|p2a: Swoobat|spa|2
|-boost|p2a: Swoobat|spd|2
|move|p1a: Leafeon|Knock Off|p2a: Swoobat
|-supereffective|p2a: Swoobat
|-damage|p2a: Swoobat|108\/338
|-enditem|p2a: Swoobat|Weakness Policy
|-boost|p2a: Swoobat|atk|4
|-boost|p2a: Swoobat|spa|4
|
|upkeep
|turn|12
|choice|move knockoff|move roost
|
|move|p2a: Swoobat|Roost|p2a: Swoobat
|-heal|p2a: Swoobat|277\/338
|move|p1a: Leafeon|Knock Off|p2a: Swoobat
|-supereffective|p2a: Swoobat
|-damage|p2a: Swoobat|135\/338
|
|upkeep
|turn|13
|c|☆Opalfox|Welp
|choice|move knockoff|move roost
|
|move|p2a: Swoobat|Roost|p2a: Swoobat
|-heal|p2a: Swoobat|304\/338
|move|p1a: Leafeon|Knock Off|p2a: Swoobat
|-supereffective|p2a: Swoobat
|-damage|p2a: Swoobat|150\/338
|
|upkeep
|turn|14
|choice|switch 4|move roost
|
|switch|p1a: Gabite|Gabite, M, shiny|278\/278
|move|p2a: Swoobat|Roost|p2a: Swoobat
|-heal|p2a: Swoobat|319\/338
|
|upkeep
|turn|15
|choice|move stoneedge|move storedpower
|
|move|p1a: Gabite|Stone Edge|p2a: Swoobat
|-supereffective|p2a: Swoobat
|-damage|p2a: Swoobat|13\/338
|move|p2a: Swoobat|Stored Power|p1a: Gabite
|-damage|p1a: Gabite|0 fnt
|faint|p1a: Gabite
|
|upkeep
|c|☆Opalfox|Oh ffs
|choice|switch 3|
|
|switch|p1a: Dedenne|Dedenne, F|276\/276
|turn|16
|choice|move thunderbolt|move roost
|
|move|p1a: Dedenne|Thunderbolt|p2a: Swoobat
|-supereffective|p2a: Swoobat
|-damage|p2a: Swoobat|0 fnt
|faint|p2a: Swoobat
|
|upkeep
|choice||switch 4
|
|switch|p2a: Marowak|Marowak, M|324\/324
|turn|17
|choice|switch 4|move knockoff
|
|switch|p1a: Leafeon|Leafeon, M|87\/271 par
|move|p2a: Marowak|Knock Off|p1a: Leafeon
|-damage|p1a: Leafeon|0 fnt
|faint|p1a: Leafeon
|
|upkeep
|choice|switch 5|
|
|switch|p1a: Lapras|Lapras, M, shiny|431\/431
|turn|18
|j|Oku-Chan
|choice|move surf|move stoneedge
|
|move|p1a: Lapras|Surf|p2a: Marowak
|-supereffective|p2a: Marowak
|-damage|p2a: Marowak|0 fnt
|faint|p2a: Marowak
|
|upkeep
|choice||switch 3
|
|switch|p2a: Vespiquen|Vespiquen, F|81\/344
|-ability|p2a: Vespiquen|Pressure
|turn|19
|choice|move surf|move healorder
|
|move|p1a: Lapras|Surf|p2a: Vespiquen
|-damage|p2a: Vespiquen|0 fnt
|faint|p2a: Vespiquen
|
|upkeep
|choice||switch 6
|
|switch|p2a: Rufflet|Rufflet, M|343\/343
|turn|20
|choice|move surf|move rockslide
|
|move|p1a: Lapras|Surf|p2a: Rufflet
|-crit|p2a: Rufflet
|-damage|p2a: Rufflet|0 fnt
|faint|p2a: Rufflet
|
|win|Opalfox
|c|☆Elgino10|gg
|c|☆Opalfox|gg</script>
</div>
<div class="battle-log battle-log-inline"><div class="inner"><div class="battle-options"></div><div class="inner"><div class="chat"><small>Opalfox joined.</small></div><div class="chat"><small>Elgino10 joined.</small></div><div class=""><small>Format:</small> <br><strong>PU</strong></div><div class=""><small><em>Sleep Clause Mod:</em> Limit one foe put to sleep</small></div><div class=""><small><em>Species Clause:</em> Limit one of each Pokémon</small></div><div class=""><small><em>OHKO Clause:</em> OHKO moves are banned</small></div><div class=""><small><em>Moody Clause:</em> Moody is banned</small></div><div class=""><small><em>Evasion Moves Clause:</em> Evasion moves are banned</small></div><div class=""><small><em>Endless Battle Clause:</em> Forcing endless battles is banned</small></div><div class=""><small><em>HP Percentage Mod:</em> HP is shown in percentages</small></div><div class=""><small><em>Swagger Clause:</em> Swagger is banned</small></div><div class=""><small><em>Baton Pass Clause:</em> Limit one Baton Passer, can't pass Spe and other stats simultaneously</small></div><div class="chat battle-history"><strong>Opalfox's team:</strong> <em style="color:#445566;display:block;">Combusken / Swoobat / Dedenne / Gabite / Lapras / Leafeon</em></div><div class="chat battle-history"><strong>Elgino10's team:</strong> <em style="color:#445566;display:block;">Swoobat / Servine / Regice / Marowak / Vespiquen / Rufflet</em></div><div class="chat"><small>Stats Bot joined.</small></div><div class="chat"><small>Stats Bot left.</small></div><div class="chat"><small>Desculin✔️ joined.</small></div><div class="spacer battle-history"><br></div><div class="battle-history">Battle started between Opalfox and Elgino10!<br></div><div class="spacer battle-history"><br></div><div class="battle-history">Go! <strong>Lapras</strong>!<br></div><div class="spacer battle-history"><br></div><div class="battle-history">Elgino10 sent out <strong>Vespiquen</strong>!<br></div><div class="battle-history"><small>[The opposing Vespiquen's Pressure]</small><br><small>The opposing Vespiquen is exerting its pressure!</small><br></div><div class="spacer battle-history"><br></div><h2 class="battle-history">Turn 1</h2><div class="spacer battle-history"><br></div><div class="battle-history">Lapras used <strong>Ice Beam</strong>!<br></div><div class="battle-history"><small>It's super effective!</small><br></div><div class="battle-history"><small>(The opposing Vespiquen lost <abbr title="−284/344">82.6%</abbr> of its health!)</small><br></div><div class="spacer battle-history"><br></div><div class="battle-history">The opposing Vespiquen used <strong>Tailwind</strong>!<br></div><div class="battle-history"><small>The Tailwind blew from behind the opposing team!</small><br></div><div class="spacer battle-history"><br></div><div class="battle-history"><small>The opposing Vespiquen restored a little HP using its Leftovers!</small><br></div><div class="spacer battle-history"><br></div><h2 class="battle-history">Turn 2</h2><div class="spacer battle-history"><br></div><div class="battle-history">Elgino10 withdrew Vespiquen!<br></div><div class="battle-history">Elgino10 sent out <strong>Regice</strong>!<br></div><div class="spacer battle-history"><br></div><div class="battle-history">Lapras used <strong>Ice Beam</strong>!<br></div><div class="battle-history"><small>It's not very effective...</small><br></div><div class="battle-history"><small>(The opposing Regice lost <abbr title="−51/364">14.0%</abbr> of its health!)</small><br></div><div class="spacer battle-history"><br></div><div class="battle-history"><small>The opposing Regice restored a little HP using its Leftovers!</small><br></div><div class="spacer battle-history"><br></div><h2 class="battle-history">Turn 3</h2><div class="spacer battle-history"><br></div><div class="battle-history">Lapras, come back!<br></div><div class="battle-history">Go! <strong>Combusken</strong>!<br></div><div class="spacer battle-history"><br></div><div class="battle-history">The opposing Regice used <strong>Thunderbolt</strong>!<br></div><div class="battle-history"><small>(Combusken lost <abbr title="−142/262">54.2%</abbr> of its health!)</small><br></div><div class="battle-history"><small>Combusken is paralyzed! It may be unable to move!</small><br></div><div class="spacer battle-history"><br></div><div class="battle-history"><small>The opposing Regice restored a little HP using its Leftovers!</small><br></div><div class="spacer battle-history"><br></div><h2 class="battle-history">Turn 4</h2><div class="chat chatmessage-opalfox"><strong style="color:hsl(113,81%,35.622178016694434%)"><small>☆</small><span class="username" data-name="Opalfox">Opalfox</span>:</strong> <em>Rip</em></div><div class="spacer battle-history"><br></div><div class="battle-history">The opposing Regice used <strong>Ice Beam</strong>!<br></div><div class="battle-history"><small>It's not very effective...</small><br></div><div class="battle-history"><small>(Combusken lost <abbr title="−114/262">43.5%</abbr> of its health!)</small><br></div><div class="spacer battle-history"><br></div><div class="battle-history">Combusken used <strong>Fire Punch</strong>!<br></div><div class="battle-history"><small>It's super effective!</small><br></div><div class="battle-history"><small>(The opposing Regice lost <abbr title="−304/364">83.5%</abbr> of its health!)</small><br></div><div class="battle-history"><small>Combusken lost some of its HP!</small><br></div><div class="spacer battle-history"><br></div><div class="battle-history">Combusken fainted!<br></div><div class="spacer battle-history"><br></div><div class="battle-history"><small>The opposing Regice restored a little HP using its Leftovers!</small><br></div><div class="battle-history"><small>The opposing team's Tailwind petered out!</small><br></div><div class="spacer battle-history"><br></div><div class="battle-history">Go! <strong>Leafeon</strong>!<br></div><div class="spacer battle-history"><br></div><h2 class="battle-history">Turn 5</h2><div class="spacer battle-history"><br></div><div class="battle-history">Leafeon used <strong>Return</strong>!<br></div><div class="battle-history"><small>(The opposing Regice lost <abbr title="−75/364">20.6%</abbr> of its health!)</small><br></div><div class="spacer battle-history"><br></div><div class="battle-history">The opposing Regice fainted!<br></div><div class="spacer battle-history"><br></div><div class="battle-history">Elgino10 sent out <strong>Servine</strong>!<br></div><div class="spacer battle-history"><br></div><h2 class="battle-history">Turn 6</h2><div class="spacer battle-history"><br></div><div class="battle-history">Leafeon used <strong>Knock Off</strong>!<br></div><div class="battle-history"><small>(The opposing Servine lost <abbr title="−87/323">26.9%</abbr> of its health!)</small><br></div><div class="battle-history"><small>Leafeon knocked off the opposing Servine's Eviolite!</small><br></div><div class="spacer battle-history"><br></div><div class="battle-history">The opposing Servine used <strong>Substitute</strong>!<br></div><div class="battle-history"><small>The opposing Servine put in a substitute!</small><br></div><div class="battle-history"><small>(The opposing Servine lost <abbr title="−80/323">24.8%</abbr> of its health!)</small><br></div><div class="spacer battle-history"><br></div><h2 class="battle-history">Turn 7</h2><div class="spacer battle-history"><br></div><div class="battle-history">Leafeon used <strong>Return</strong>!<br></div><div class="battle-history"><small>The opposing Servine's substitute faded!</small><br></div><div class="spacer battle-history"><br></div><div class="battle-history">The opposing Servine used <strong>Glare</strong>!<br></div><div class="battle-history"><small>Leafeon is paralyzed! It may be unable to move!</small><br></div><div class="spacer battle-history"><br></div><h2 class="battle-history">Turn 8</h2><div class="spacer battle-history"><br></div><div class="battle-history">The opposing Servine used <strong>Substitute</strong>!<br></div><div class="battle-history"><small>The opposing Servine put in a substitute!</small><br></div><div class="battle-history"><small>(The opposing Servine lost <abbr title="−80/323">24.8%</abbr> of its health!)</small><br></div><div class="spacer battle-history"><br></div><div class="battle-history">Leafeon used <strong>Return</strong>!<br></div><div class="battle-history"><small>The opposing Servine's substitute faded!</small><br></div><div class="spacer battle-history"><br></div><h2 class="battle-history">Turn 9</h2><div class="spacer battle-history"><br></div><div class="battle-history">The opposing Servine used <strong>Leaf Storm</strong>!<br></div><div class="battle-history"><small>It's not very effective...</small><br></div><div class="battle-history"><small>(Leafeon lost <abbr title="−71/271">26.2%</abbr> of its health!)</small><br></div><div class="battle-history"><small>The opposing Servine's Special Attack rose sharply!</small><br></div><div class="spacer battle-history"><br></div><div class="battle-history">Leafeon is paralyzed! It can't move!<br></div><div class="spacer battle-history"><br></div><h2 class="battle-history">Turn 10</h2><div class="spacer battle-history"><br></div><div class="battle-history">The opposing Servine used <strong>Hidden Power</strong>!<br></div><div class="battle-history"><small>It's super effective!</small><br></div><div class="battle-history"><small>(Leafeon lost <abbr title="−180/271">66.4%</abbr> of its health!)</small><br></div><div class="battle-history"><small>Leafeon ate its Sitrus Berry!</small><br></div><div class="battle-history"><small>Leafeon restored HP using its Sitrus Berry!</small><br></div><div class="spacer battle-history"><br></div><div class="battle-history">Leafeon used <strong>Return</strong>!<br></div><div class="battle-history"><small>(The opposing Servine lost <abbr title="−76/323">23.5%</abbr> of its health!)</small><br></div><div class="spacer battle-history"><br></div><div class="battle-history">The opposing Servine fainted!<br></div><div class="spacer battle-history"><br></div><div class="battle-history">Elgino10 sent out <strong>Swoobat</strong>!<br></div><div class="spacer battle-history"><br></div><h2 class="battle-history">Turn 11</h2><div class="spacer battle-history"><br></div><div class="battle-history">The opposing Swoobat used <strong>Calm Mind</strong>!<br></div><div class="battle-history"><small>The opposing Swoobat's Special Attack rose sharply!</small><br></div><div class="battle-history"><small>The opposing Swoobat's Special Defense rose sharply!</small><br></div><div class="spacer battle-history"><br></div><div class="battle-history">Leafeon used <strong>Knock Off</strong>!<br></div><div class="battle-history"><small>It's super effective!</small><br></div><div class="battle-history"><small>(The opposing Swoobat lost <abbr title="−230/338">68.0%</abbr> of its health!)</small><br></div><div class="battle-history"><small>(The opposing Swoobat used its Weakness Policy!)</small><br></div><div class="battle-history"><small>The opposing Swoobat's Attack rose drastically!</small><br></div><div class="battle-history"><small>The opposing Swoobat's Special Attack rose drastically!</small><br></div><div class="spacer battle-history"><br></div><h2 class="battle-history">Turn 12</h2><div class="spacer battle-history"><br></div><div class="battle-history">The opposing Swoobat used <strong>Roost</strong>!<br></div><div class="battle-history"><small>The opposing Swoobat restored its HP.</small><br></div><div class="spacer battle-history"><br></div><div class="battle-history">Leafeon used <strong>Knock Off</strong>!<br></div><div class="battle-history"><small>It's super effective!</small><br></div><div class="battle-history"><small>(The opposing Swoobat lost <abbr title="−142/338">42.0%</abbr> of its health!)</small><br></div><div class="spacer battle-history"><br></div><h2 class="battle-history">Turn 13</h2><div class="chat chatmessage-opalfox"><strong style="color:hsl(113,81%,35.622178016694434%)"><small>☆</small><span class="username" data-name="Opalfox">Opalfox</span>:</strong> <em>Welp</em></div><div class="spacer battle-history"><br></div><div class="battle-history">The opposing Swoobat used <strong>Roost</strong>!<br></div><div class="battle-history"><small>The opposing Swoobat restored its HP.</small><br></div><div class="spacer battle-history"><br></div><div class="battle-history">Leafeon used <strong>Knock Off</strong>!<br></div><div class="battle-history"><small>It's super effective!</small><br></div><div class="battle-history"><small>(The opposing Swoobat lost <abbr title="−154/338">45.6%</abbr> of its health!)</small><br></div><div class="spacer battle-history"><br></div><h2 class="battle-history">Turn 14</h2><div class="spacer battle-history"><br></div><div class="battle-history">Leafeon, come back!<br></div><div class="battle-history">Go! <strong>Gabite</strong>!<br></div><div class="spacer battle-history"><br></div><div class="battle-history">The opposing Swoobat used <strong>Roost</strong>!<br></div><div class="battle-history"><small>The opposing Swoobat restored its HP.</small><br></div><div class="spacer battle-history"><br></div><h2 class="battle-history">Turn 15</h2><div class="spacer battle-history"><br></div><div class="battle-history">Gabite used <strong>Stone Edge</strong>!<br></div><div class="battle-history"><small>It's super effective!</small><br></div><div class="battle-history"><small>(The opposing Swoobat lost <abbr title="−306/338">90.5%</abbr> of its health!)</small><br></div><div class="spacer battle-history"><br></div><div class="battle-history">The opposing Swoobat used <strong>Stored Power</strong>!<br></div><div class="battle-history"><small>(Gabite lost <abbr title="−278/278">100%</abbr> of its health!)</small><br></div><div class="spacer battle-history"><br></div><div class="battle-history">Gabite fainted!<br></div><div class="chat chatmessage-opalfox"><strong style="color:hsl(113,81%,35.622178016694434%)"><small>☆</small><span class="username" data-name="Opalfox">Opalfox</span>:</strong> <em>Oh ffs</em></div><div class="spacer battle-history"><br></div><div class="battle-history">Go! <strong>Dedenne</strong>!<br></div><div class="spacer battle-history"><br></div><h2 class="battle-history">Turn 16</h2><div class="spacer battle-history"><br></div><div class="battle-history">Dedenne used <strong>Thunderbolt</strong>!<br></div><div class="battle-history"><small>It's super effective!</small><br></div><div class="battle-history"><small>(The opposing Swoobat lost <abbr title="−13/338">3.8%</abbr> of its health!)</small><br></div><div class="spacer battle-history"><br></div><div class="battle-history">The opposing Swoobat fainted!<br></div><div class="spacer battle-history"><br></div><div class="battle-history">Elgino10 sent out <strong>Marowak</strong>!<br></div><div class="spacer battle-history"><br></div><h2 class="battle-history">Turn 17</h2><div class="spacer battle-history"><br></div><div class="battle-history">Dedenne, come back!<br></div><div class="battle-history">Go! <strong>Leafeon</strong>!<br></div><div class="spacer battle-history"><br></div><div class="battle-history">The opposing Marowak used <strong>Knock Off</strong>!<br></div><div class="battle-history"><small>(Leafeon lost <abbr title="−87/271">32.1%</abbr> of its health!)</small><br></div><div class="spacer battle-history"><br></div><div class="battle-history">Leafeon fainted!<br></div><div class="spacer battle-history"><br></div><div class="battle-history">Go! <strong>Lapras</strong>!<br></div><div class="spacer battle-history"><br></div><h2 class="battle-history">Turn 18</h2><div class="chat"><small>Oku-Chan joined.</small></div><div class="spacer battle-history"><br></div><div class="battle-history">Lapras used <strong>Surf</strong>!<br></div><div class="battle-history"><small>It's super effective!</small><br></div><div class="battle-history"><small>(The opposing Marowak lost <abbr title="−324/324">100%</abbr> of its health!)</small><br></div><div class="spacer battle-history"><br></div><div class="battle-history">The opposing Marowak fainted!<br></div><div class="spacer battle-history"><br></div><div class="battle-history">Elgino10 sent out <strong>Vespiquen</strong>!<br></div><div class="battle-history"><small>[The opposing Vespiquen's Pressure]</small><br><small>The opposing Vespiquen is exerting its pressure!</small><br></div><div class="spacer battle-history"><br></div><h2 class="battle-history">Turn 19</h2><div class="spacer battle-history"><br></div><div class="battle-history">Lapras used <strong>Surf</strong>!<br></div><div class="battle-history"><small>(The opposing Vespiquen lost <abbr title="−81/344">23.5%</abbr> of its health!)</small><br></div><div class="spacer battle-history"><br></div><div class="battle-history">The opposing Vespiquen fainted!<br></div><div class="spacer battle-history"><br></div><div class="battle-history">Elgino10 sent out <strong>Rufflet</strong>!<br></div><div class="spacer battle-history"><br></div><h2 class="battle-history">Turn 20</h2><div class="spacer battle-history"><br></div><div class="battle-history">Lapras used <strong>Surf</strong>!<br></div><div class="battle-history"><small>A critical hit!</small><br></div><div class="battle-history"><small>(The opposing Rufflet lost <abbr title="−343/343">100%</abbr> of its health!)</small><br></div><div class="spacer battle-history"><br></div><div class="battle-history">The opposing Rufflet fainted!<br></div><div class="spacer battle-history"><br></div><div class="battle-history"><strong>Opalfox</strong> won the battle!<br></div><div class="chat chatmessage-elgino10"><strong style="color:hsl(219,46%,50.52400241221021%)"><small>☆</small><span class="username" data-name="Elgino10">Elgino10</span>:</strong> <em>gg</em></div><div class="chat chatmessage-opalfox"><strong style="color:hsl(113,81%,35.622178016694434%)"><small>☆</small><span class="username" data-name="Opalfox">Opalfox</span>:</strong> <em>gg</em></div></div><div class="inner-preempt"></div></div></div>
</div>
<script>
let daily = Math.floor(Date.now()/1000/60/60/24);document.write('<script src="https://play.pokemonshowdown.com/js/replay-embed.js?version'+daily+'"></'+'script>');
</script>
