<!DOCTYPE html>
<meta charset="utf-8" />
<!-- version 1 -->
<title>PU replay: PTF vs. therealslap</title>
<style>
html,body {font-family:Verdana, sans-serif;font-size:10pt;margin:0;padding:0;}body{padding:12px 0;} .battle-log {font-family:Verdana, sans-serif;font-size:10pt;} .battle-log-inline {border:1px solid #AAAAAA;background:#EEF2F5;color:black;max-width:640px;margin:0 auto 80px;padding-bottom:5px;} .battle-log .inner {padding:4px 8px 0px 8px;} .battle-log .inner-preempt {padding:0 8px 4px 8px;} .battle-log .inner-after {margin-top:0.5em;} .battle-log h2 {margin:0.5em -8px;padding:4px 8px;border:1px solid #AAAAAA;background:#E0E7EA;border-left:0;border-right:0;font-family:Verdana, sans-serif;font-size:13pt;} .battle-log .chat {vertical-align:middle;padding:3px 0 3px 0;font-size:8pt;} .battle-log .chat strong {color:#40576A;} .battle-log .chat em {padding:1px 4px 1px 3px;color:#000000;font-style:normal;} .chat.mine {background:rgba(0,0,0,0.05);margin-left:-8px;margin-right:-8px;padding-left:8px;padding-right:8px;} .spoiler {color:#BBBBBB;background:#BBBBBB;padding:0px 3px;} .spoiler:hover, .spoiler:active, .spoiler-shown {color:#000000;background:#E2E2E2;padding:0px 3px;} .spoiler a {color:#BBBBBB;} .spoiler:hover a, .spoiler:active a, .spoiler-shown a {color:#2288CC;} .chat code, .chat .spoiler:hover code, .chat .spoiler:active code, .chat .spoiler-shown code {border:1px solid #C0C0C0;background:#EEEEEE;color:black;padding:0 2px;} .chat .spoiler code {border:1px solid #CCCCCC;background:#CCCCCC;color:#CCCCCC;} .battle-log .rated {padding:3px 4px;} .battle-log .rated strong {color:white;background:#89A;padding:1px 4px;border-radius:4px;} .spacer {margin-top:0.5em;} .message-announce {background:#6688AA;color:white;padding:1px 4px 2px;} .message-announce a, .broadcast-green a, .broadcast-blue a, .broadcast-red a {color:#DDEEFF;} .broadcast-green {background-color:#559955;color:white;padding:2px 4px;} .broadcast-blue {background-color:#6688AA;color:white;padding:2px 4px;} .infobox {border:1px solid #6688AA;padding:2px 4px;} .infobox-limited {max-height:200px;overflow:auto;overflow-x:hidden;} .broadcast-red {background-color:#AA5544;color:white;padding:2px 4px;} .message-learn-canlearn {font-weight:bold;color:#228822;text-decoration:underline;} .message-learn-cannotlearn {font-weight:bold;color:#CC2222;text-decoration:underline;} .message-effect-weak {font-weight:bold;color:#CC2222;} .message-effect-resist {font-weight:bold;color:#6688AA;} .message-effect-immune {font-weight:bold;color:#666666;} .message-learn-list {margin-top:0;margin-bottom:0;} .message-throttle-notice, .message-error {color:#992222;} .message-overflow, .chat small.message-overflow {font-size:0pt;} .message-overflow::before {font-size:9pt;content:'...';} .subtle {color:#3A4A66;}
</style>
<div class="wrapper replay-wrapper" style="max-width:1180px;margin:0 auto">
<input type="hidden" name="replayid" value="pu-591506109" />
<div class="battle"></div><div class="battle-log"></div><div class="replay-controls"></div><div class="replay-controls-2"></div>
<h1 style="font-weight:normal;text-align:center"><strong>PU</strong><br /><a href="http://pokemonshowdown.com/users/ptf" class="subtle" target="_blank">PTF</a> vs. <a href="http://pokemonshowdown.com/users/therealslap" class="subtle" target="_blank">therealslap</a></h1>
<script type="text/plain" class="battle-log-data">|j|PTF
|j|therealslap
|player|p1|PTF|25
|teamsize|p1|6
|player|p2|therealslap|162
|teamsize|p2|6
|gametype|singles
|gen|6
|tier|PU
|seed|31035,4057,9328,24541
|rule|Sleep Clause Mod: Limit one foe put to sleep
|rule|Species Clause: Limit one of each Pokémon
|rule|OHKO Clause: OHKO moves are banned
|rule|Moody Clause: Moody is banned
|rule|Evasion Moves Clause: Evasion moves are banned
|rule|Endless Battle Clause: Forcing endless battles is banned
|rule|HP Percentage Mod: HP is shown in percentages
|clearpoke
|poke|p1|Gourgeist-*, M|item
|poke|p1|Lumineon, M|item
|poke|p1|Monferno, M|item
|poke|p1|Rotom-Frost|item
|poke|p1|Klang|item
|poke|p1|Stunfisk, F|item
|poke|p2|Bouffalant, M|item
|poke|p2|Metang|item
|poke|p2|Vibrava, F|item
|poke|p2|Monferno, F|item
|poke|p2|Clefairy, F|item
|poke|p2|Leafeon, F|item
|rule|Swagger Clause: Swagger is banned
|rule|Baton Pass Clause: Limit one Baton Passer, can't pass Spe and other stats simultaneously
|teampreview
|c|☆therealslap|hf
|c|☆PTF|you too
|c|☆therealslap|hf
|c|☆therealslap|oh
|c|☆therealslap|sry
|choice|team 4, team 2, team 3, team 1, team 5, team 6|team 4, team 2, team 3, team 1, team 5, team 6
|
|start
|switch|p1a: Rotom|Rotom-Frost|241\/241
|switch|p2a: Monferno|Monferno, F|269\/269
|turn|1
|choice|move voltswitch|move machpunch
|
|move|p2a: Monferno|Mach Punch|p1a: Rotom
|-supereffective|p1a: Rotom
|-damage|p1a: Rotom|121\/241
|move|p1a: Rotom|Volt Switch|p2a: Monferno
|-damage|p2a: Monferno|151\/269
|choice|switch 6|
|
|switch|p1a: Stunfisk|Stunfisk, F|422\/422
|
|upkeep
|turn|2
|choice|move stealthrock|switch 6
|
|switch|p2a: Leafeon|Leafeon, F|271\/271
|move|p1a: Stunfisk|Stealth Rock|p2a: Leafeon
|-sidestart|p2: therealslap|move: Stealth Rock
|
|upkeep
|turn|3
|choice|switch 4|move knockoff
|
|switch|p1a: Gourgeist|Gourgeist-Super, M|374\/374
|-item|p2a: Leafeon|Yache Berry|[from] ability: Frisk|[of] p1a: Gourgeist|[identify]
|move|p2a: Leafeon|Knock Off|p1a: Gourgeist
|-supereffective|p1a: Gourgeist
|-damage|p1a: Gourgeist|244\/374
|-enditem|p1a: Gourgeist|Leftovers|[from] move: Knock Off|[of] p2a: Leafeon
|
|upkeep
|turn|4
|choice|move willowisp|switch 6
|
|switch|p2a: Monferno|Monferno, F|151\/269
|-damage|p2a: Monferno|118\/269|[from] Stealth Rock
|move|p1a: Gourgeist|Will-O-Wisp|p2a: Monferno
|-immune|p2a: Monferno|[msg]
|
|upkeep
|turn|5
|choice|switch 4|move uturn
|
|switch|p1a: Stunfisk|Stunfisk, F|422\/422
|move|p2a: Monferno|U-turn|p1a: Stunfisk
|-damage|p1a: Stunfisk|373\/422
|choice||switch 4
|
|switch|p2a: Bouffalant|Bouffalant, M|393\/393
|-damage|p2a: Bouffalant|344\/393|[from] Stealth Rock
|
|-heal|p2a: Bouffalant|368\/393|[from] item: Leftovers
|-heal|p1a: Stunfisk|399\/422|[from] item: Leftovers
|upkeep
|turn|6
|choice|switch 4|move substitute
|
|switch|p1a: Gourgeist|Gourgeist-Super, M|244\/374
|-item|p2a: Bouffalant|Leftovers|[from] ability: Frisk|[of] p1a: Gourgeist|[identify]
|move|p2a: Bouffalant|Substitute|p2a: Bouffalant
|-start|p2a: Bouffalant|Substitute
|-damage|p2a: Bouffalant|270\/393
|
|-heal|p2a: Bouffalant|294\/393|[from] item: Leftovers
|upkeep
|turn|7
|choice|move foulplay|move swordsdance
|
|move|p2a: Bouffalant|Swords Dance|p2a: Bouffalant
|-boost|p2a: Bouffalant|atk|2
|move|p1a: Gourgeist|Foul Play|p2a: Bouffalant
|-end|p2a: Bouffalant|Substitute
|
|-heal|p2a: Bouffalant|318\/393|[from] item: Leftovers
|upkeep
|turn|8
|choice|move foulplay|switch 3
|
|switch|p2a: Vibrava|Vibrava, F|303\/303
|-damage|p2a: Vibrava|285\/303|[from] Stealth Rock
|move|p1a: Gourgeist|Foul Play|p2a: Vibrava
|-damage|p2a: Vibrava|243\/303
|
|upkeep
|turn|9
|j|275p
|choice|move leechseed|move defog
|
|move|p2a: Vibrava|Defog|p1a: Gourgeist
|-unboost|p1a: Gourgeist|evasion|1
|-sideend|p2: therealslap|Stealth Rock|[from] move: Defog|[of] p2a: Vibrava
|move|p1a: Gourgeist|Leech Seed|p2a: Vibrava
|-start|p2a: Vibrava|move: Leech Seed
|
|-damage|p2a: Vibrava|206\/303|[from] Leech Seed|[of] p1a: Gourgeist
|-heal|p1a: Gourgeist|281\/374|[silent]
|upkeep
|turn|10
|j|Nuke Testing
|l|PTF
|player|p1|
|l|Nuke Testing
|j|PTF
|player|p1|PTF|25
|choice|switch 6|move uturn
|
|switch|p1a: Rotom|Rotom-Frost|121\/241
|move|p2a: Vibrava|U-turn|p1a: Rotom
|-damage|p1a: Rotom|81\/241
|choice||switch 4
|
|switch|p2a: Monferno|Monferno, F|118\/269
|
|upkeep
|turn|11
|choice|switch 4|move machpunch
|
|switch|p1a: Stunfisk|Stunfisk, F|399\/422
|move|p2a: Monferno|Mach Punch|p1a: Stunfisk
|-damage|p1a: Stunfisk|351\/422
|
|-heal|p1a: Stunfisk|377\/422|[from] item: Leftovers
|upkeep
|turn|12
|choice|move stealthrock|switch 6
|
|switch|p2a: Leafeon|Leafeon, F|271\/271
|move|p1a: Stunfisk|Stealth Rock|p2a: Leafeon
|-sidestart|p2: therealslap|move: Stealth Rock
|
|-heal|p1a: Stunfisk|403\/422|[from] item: Leftovers
|upkeep
|turn|13
|choice|switch 6|move knockoff
|
|switch|p1a: Gourgeist|Gourgeist-Super, M|281\/374
|-item|p2a: Leafeon|Yache Berry|[from] ability: Frisk|[of] p1a: Gourgeist|[identify]
|move|p2a: Leafeon|Knock Off|p1a: Gourgeist
|-supereffective|p1a: Gourgeist
|-crit|p1a: Gourgeist
|-damage|p1a: Gourgeist|145\/374
|
|upkeep
|turn|14
|c|☆therealslap|sry
|choice|move synthesis|switch 4
|
|switch|p2a: Vibrava|Vibrava, F|206\/303
|-damage|p2a: Vibrava|188\/303|[from] Stealth Rock
|move|p1a: Gourgeist|Synthesis|p1a: Gourgeist
|-heal|p1a: Gourgeist|332\/374
|
|upkeep
|turn|15
|c|☆PTF|all good
|choice|move leechseed|move defog
|
|move|p2a: Vibrava|Defog|p1a: Gourgeist
|-unboost|p1a: Gourgeist|evasion|1
|-sideend|p2: therealslap|Stealth Rock|[from] move: Defog|[of] p2a: Vibrava
|move|p1a: Gourgeist|Leech Seed|p2a: Vibrava
|-start|p2a: Vibrava|move: Leech Seed
|
|-damage|p2a: Vibrava|151\/303|[from] Leech Seed|[of] p1a: Gourgeist
|-heal|p1a: Gourgeist|369\/374|[silent]
|upkeep
|turn|16
|choice|switch 4|move uturn
|
|switch|p1a: Rotom|Rotom-Frost|81\/241
|move|p2a: Vibrava|U-turn|p1a: Rotom
|-damage|p1a: Rotom|44\/241
|choice||switch 4
|
|switch|p2a: Leafeon|Leafeon, F|271\/271
|
|upkeep
|turn|17
|choice|move voltswitch|move knockoff
|
|move|p1a: Rotom|Volt Switch|p2a: Leafeon
|-resisted|p2a: Leafeon
|-damage|p2a: Leafeon|193\/271
|choice|switch 4|
|
|switch|p1a: Gourgeist|Gourgeist-Super, M|369\/374
|-item|p2a: Leafeon|Yache Berry|[from] ability: Frisk|[of] p1a: Gourgeist|[identify]
|move|p2a: Leafeon|Knock Off|p1a: Gourgeist
|-supereffective|p1a: Gourgeist
|-damage|p1a: Gourgeist|281\/374
|
|upkeep
|turn|18
|l|275p
|choice|move leechseed|switch 6
|
|switch|p2a: Monferno|Monferno, F|118\/269
|move|p1a: Gourgeist|Leech Seed|p2a: Monferno|[miss]
|-miss|p1a: Gourgeist|p2a: Monferno
|
|upkeep
|turn|19
|choice|switch 6|move uturn
|
|switch|p1a: Stunfisk|Stunfisk, F|403\/422
|move|p2a: Monferno|U-turn|p1a: Stunfisk
|-damage|p1a: Stunfisk|352\/422
|choice||switch 4
|
|switch|p2a: Vibrava|Vibrava, F|151\/303
|
|-heal|p1a: Stunfisk|378\/422|[from] item: Leftovers
|upkeep
|turn|20
|choice|move toxic|move earthquake
|
|move|p2a: Vibrava|Earthquake|p1a: Stunfisk
|-supereffective|p1a: Stunfisk
|-damage|p1a: Stunfisk|228\/422
|move|p1a: Stunfisk|Toxic|p2a: Vibrava
|-status|p2a: Vibrava|tox
|
|-heal|p1a: Stunfisk|254\/422|[from] item: Leftovers
|-damage|p2a: Vibrava|133\/303 tox|[from] psn
|upkeep
|turn|21
|choice|switch 2|move uturn
|
|switch|p1a: Lumineon|Lumineon, M|342\/342
|move|p2a: Vibrava|U-turn|p1a: Lumineon
|-damage|p1a: Lumineon|305\/342
|choice||switch 6
|
|switch|p2a: Leafeon|Leafeon, F|193\/271
|
|-heal|p1a: Lumineon|326\/342|[from] item: Leftovers
|upkeep
|turn|22
|choice|move toxic|move leafblade
|
|move|p2a: Leafeon|Leaf Blade|p1a: Lumineon
|-supereffective|p1a: Lumineon
|-crit|p1a: Lumineon
|-damage|p1a: Lumineon|0 fnt
|faint|p1a: Lumineon
|
|upkeep
|c|☆therealslap|sry
|c|☆PTF|no
|c|☆PTF|All good
|c|☆PTF|good play
|choice|switch 6|
|
|switch|p1a: Gourgeist|Gourgeist-Super, M|281\/374
|-item|p2a: Leafeon|Yache Berry|[from] ability: Frisk|[of] p1a: Gourgeist|[identify]
|turn|23
|c|☆therealslap|why did u stay in
|c|☆PTF|thought you'd knock
|c|☆therealslap|ah
|choice|move foulplay|switch 6
|
|switch|p2a: Vibrava|Vibrava, F|133\/303 tox
|move|p1a: Gourgeist|Foul Play|p2a: Vibrava
|-damage|p2a: Vibrava|89\/303 tox
|
|-damage|p2a: Vibrava|71\/303 tox|[from] psn
|upkeep
|turn|24
|choice|move leechseed|move roost
|
|move|p2a: Vibrava|Roost|p2a: Vibrava
|-heal|p2a: Vibrava|223\/303 tox
|move|p1a: Gourgeist|Leech Seed|p2a: Vibrava
|-start|p2a: Vibrava|move: Leech Seed
|
|-damage|p2a: Vibrava|186\/303 tox|[from] Leech Seed|[of] p1a: Gourgeist
|-heal|p1a: Gourgeist|318\/374|[silent]
|-damage|p2a: Vibrava|150\/303 tox|[from] psn
|upkeep
|turn|25
|j|quagsgone
|choice|move foulplay|move uturn
|
|move|p2a: Vibrava|U-turn|p1a: Gourgeist
|-damage|p1a: Gourgeist|292\/374
|choice||switch 4
|
|switch|p2a: Monferno|Monferno, F|118\/269
|move|p1a: Gourgeist|Foul Play|p2a: Monferno
|-resisted|p2a: Monferno
|-damage|p2a: Monferno|73\/269
|
|upkeep
|turn|26
|choice|switch 2|move uturn
|
|switch|p1a: Stunfisk|Stunfisk, F|254\/422
|move|p2a: Monferno|U-turn|p1a: Stunfisk
|-damage|p1a: Stunfisk|206\/422
|-status|p2a: Monferno|par|[from] ability: Static|[of] p1a: Stunfisk
|choice||switch 6
|
|switch|p2a: Leafeon|Leafeon, F|193\/271
|
|-heal|p1a: Stunfisk|232\/422|[from] item: Leftovers
|upkeep
|turn|27
|choice|switch 2|switch 6
|
|switch|p2a: Monferno|Monferno, F|73\/269 par
|switch|p1a: Gourgeist|Gourgeist-Super, M|292\/374
|-item|p2a: Monferno|Eviolite|[from] ability: Frisk|[of] p1a: Gourgeist|[identify]
|
|upkeep
|turn|28
|choice|move synthesis|move uturn
|
|move|p1a: Gourgeist|Synthesis|p1a: Gourgeist
|-heal|p1a: Gourgeist|374\/374
|move|p2a: Monferno|U-turn|p1a: Gourgeist
|-damage|p1a: Gourgeist|340\/374
|choice||switch 2
|
|switch|p2a: Metang|Metang|324\/324
|
|upkeep
|turn|29
|choice|move willowisp|move stealthrock
|
|move|p1a: Gourgeist|Will-O-Wisp|p2a: Metang
|-status|p2a: Metang|brn
|move|p2a: Metang|Stealth Rock|p1a: Gourgeist
|-sidestart|p1: PTF|move: Stealth Rock
|
|-damage|p2a: Metang|284\/324 brn|[from] brn
|upkeep
|turn|30
|choice|move leechseed|switch 4
|
|switch|p2a: Vibrava|Vibrava, F|150\/303 tox
|move|p1a: Gourgeist|Leech Seed|p2a: Vibrava
|-start|p2a: Vibrava|move: Leech Seed
|
|-damage|p2a: Vibrava|113\/303 tox|[from] Leech Seed|[of] p1a: Gourgeist
|-heal|p1a: Gourgeist|374\/374|[silent]
|-damage|p2a: Vibrava|95\/303 tox|[from] psn
|upkeep
|turn|31
|choice|move foulplay|move roost
|
|move|p2a: Vibrava|Roost|p2a: Vibrava
|-heal|p2a: Vibrava|247\/303 tox
|move|p1a: Gourgeist|Foul Play|p2a: Vibrava
|-crit|p2a: Vibrava
|-damage|p2a: Vibrava|188\/303 tox
|
|-damage|p2a: Vibrava|151\/303 tox|[from] Leech Seed|[of] p1a: Gourgeist
|-damage|p2a: Vibrava|115\/303 tox|[from] psn
|upkeep
|turn|32
|choice|move foulplay|move uturn
|
|move|p2a: Vibrava|U-turn|p1a: Gourgeist
|-crit|p1a: Gourgeist
|-damage|p1a: Gourgeist|338\/374
|choice||switch 5
|
|switch|p2a: Clefairy|Clefairy, F|344\/344
|move|p1a: Gourgeist|Foul Play|p2a: Clefairy
|-resisted|p2a: Clefairy
|-damage|p2a: Clefairy|324\/344
|
|upkeep
|turn|33
|choice|switch 4|move thunderwave
|
|switch|p1a: Rotom|Rotom-Frost|44\/241
|-damage|p1a: Rotom|0 fnt|[from] Stealth Rock
|faint|p1a: Rotom
|move|p2a: Clefairy|Thunder Wave|p1: Rotom|[notarget]
|-notarget
|
|upkeep
|choice|switch 5|
|
|switch|p1a: Klang|Klang|324\/324
|-damage|p1a: Klang|304\/324|[from] Stealth Rock
|turn|34
|choice|move shiftgear|move knockoff
|
|move|p1a: Klang|Shift Gear|p1a: Klang
|-boost|p1a: Klang|spe|2
|-boost|p1a: Klang|atk|1
|move|p2a: Clefairy|Knock Off|p1a: Klang
|-damage|p1a: Klang|283\/324
|-enditem|p1a: Klang|Eviolite|[from] move: Knock Off|[of] p2a: Clefairy
|
|upkeep
|turn|35
|choice|move shiftgear|switch 3
|
|switch|p2a: Bouffalant|Bouffalant, M|318\/393
|move|p1a: Klang|Shift Gear|p1a: Klang
|-boost|p1a: Klang|spe|2
|-boost|p1a: Klang|atk|1
|
|-heal|p2a: Bouffalant|342\/393|[from] item: Leftovers
|upkeep
|turn|36
|choice|move geargrind|move earthquake
|
|move|p1a: Klang|Gear Grind|p2a: Bouffalant
|-damage|p2a: Bouffalant|246\/393
|-damage|p2a: Bouffalant|147\/393
|-hitcount|p2a: Bouffalant|2
|move|p2a: Bouffalant|Earthquake|p1a: Klang
|-supereffective|p1a: Klang
|-damage|p1a: Klang|117\/324
|
|-heal|p2a: Bouffalant|171\/393|[from] item: Leftovers
|upkeep
|turn|37
|choice|move geargrind|switch 5
|
|switch|p2a: Vibrava|Vibrava, F|115\/303 tox
|move|p1a: Klang|Gear Grind|p2a: Vibrava
|-damage|p2a: Vibrava|40\/303 tox
|-damage|p2a: Vibrava|0 fnt
|-hitcount|p2a: Vibrava|2
|faint|p2a: Vibrava
|
|upkeep
|choice||switch 2
|
|switch|p2a: Monferno|Monferno, F|73\/269 par
|turn|38
|choice|move geargrind|move machpunch
|
|move|p2a: Monferno|Mach Punch|p1a: Klang
|-supereffective|p1a: Klang
|-damage|p1a: Klang|13\/324
|move|p1a: Klang|Gear Grind|p2a: Monferno
|-resisted|p2a: Monferno
|-damage|p2a: Monferno|14\/269 par
|-resisted|p2a: Monferno
|-damage|p2a: Monferno|0 fnt
|-hitcount|p2a: Monferno|2
|faint|p2a: Monferno
|
|upkeep
|choice||switch 4
|
|switch|p2a: Metang|Metang|284\/324 brn
|turn|39
|choice|move rest|move earthquake
|
|move|p1a: Klang|Rest|p1a: Klang
|-status|p1a: Klang|slp
|-heal|p1a: Klang|324\/324 slp|[silent]
|-status|p1a: Klang|slp|[from] move: Rest
|move|p2a: Metang|Earthquake|p1a: Klang
|-supereffective|p1a: Klang
|-damage|p1a: Klang|250\/324 slp
|
|-damage|p2a: Metang|244\/324 brn|[from] brn
|upkeep
|turn|40
|choice|move sleeptalk|move earthquake
|
|cant|p1a: Klang|slp
|move|p1a: Klang|Sleep Talk|p1a: Klang
|move|p1a: Klang|Shift Gear|p1a: Klang|[from]Sleep Talk
|-boost|p1a: Klang|spe|2
|-boost|p1a: Klang|atk|1
|move|p2a: Metang|Earthquake|p1a: Klang
|-supereffective|p1a: Klang
|-damage|p1a: Klang|175\/324 slp
|
|-damage|p2a: Metang|204\/324 brn|[from] brn
|upkeep
|turn|41
|choice|move sleeptalk|move earthquake
|
|cant|p1a: Klang|slp
|move|p1a: Klang|Sleep Talk|p1a: Klang
|move|p1a: Klang|Rest|p1a: Klang|[from]Sleep Talk
|-fail|p1a: Klang
|move|p2a: Metang|Earthquake|p1a: Klang
|-supereffective|p1a: Klang
|-damage|p1a: Klang|100\/324 slp
|
|-damage|p2a: Metang|164\/324 brn|[from] brn
|upkeep
|turn|42
|choice|move rest|move earthquake
|
|-curestatus|p1a: Klang|slp|[msg]
|move|p1a: Klang|Rest|p1a: Klang
|-status|p1a: Klang|slp
|-heal|p1a: Klang|324\/324 slp|[silent]
|-status|p1a: Klang|slp|[from] move: Rest
|move|p2a: Metang|Earthquake|p1a: Klang
|-supereffective|p1a: Klang
|-damage|p1a: Klang|247\/324 slp
|
|-damage|p2a: Metang|124\/324 brn|[from] brn
|upkeep
|turn|43
|choice|move sleeptalk|move earthquake
|
|cant|p1a: Klang|slp
|move|p1a: Klang|Sleep Talk|p1a: Klang
|move|p1a: Klang|Shift Gear|p1a: Klang|[from]Sleep Talk
|-boost|p1a: Klang|spe|0
|-boost|p1a: Klang|atk|1
|move|p2a: Metang|Earthquake|p1a: Klang
|-supereffective|p1a: Klang
|-damage|p1a: Klang|179\/324 slp
|
|-damage|p2a: Metang|84\/324 brn|[from] brn
|upkeep
|turn|44
|choice|move sleeptalk|move earthquake
|
|cant|p1a: Klang|slp
|move|p1a: Klang|Sleep Talk|p1a: Klang
|move|p1a: Klang|Gear Grind|p2a: Metang|[from]Sleep Talk
|-resisted|p2a: Metang
|-damage|p2a: Metang|39\/324 brn
|-resisted|p2a: Metang
|-damage|p2a: Metang|0 fnt
|-hitcount|p2a: Metang|2
|faint|p2a: Metang
|
|upkeep
|c|☆therealslap|gg
|choice||switch 5
|
|switch|p2a: Bouffalant|Bouffalant, M|171\/393
|turn|45
|choice|move geargrind|move earthquake
|
|-curestatus|p1a: Klang|slp|[msg]
|move|p1a: Klang|Gear Grind|p2a: Bouffalant
|-damage|p2a: Bouffalant|15\/393
|-damage|p2a: Bouffalant|0 fnt
|-hitcount|p2a: Bouffalant|2
|faint|p2a: Bouffalant
|
|upkeep
|choice||switch 6
|
|switch|p2a: Leafeon|Leafeon, F|193\/271
|turn|46
|choice|move geargrind|move knockoff
|
|move|p1a: Klang|Gear Grind|p2a: Leafeon
|-damage|p2a: Leafeon|67\/271
|-damage|p2a: Leafeon|0 fnt
|-hitcount|p2a: Leafeon|2
|faint|p2a: Leafeon
|
|upkeep
|choice||switch 3
|
|switch|p2a: Clefairy|Clefairy, F|324\/344
|turn|47
|choice|move geargrind|move thunderwave
|
|move|p1a: Klang|Gear Grind|p2a: Clefairy
|-supereffective|p2a: Clefairy
|-damage|p2a: Clefairy|0 fnt
|-hitcount|p2a: Clefairy|1
|faint|p2a: Clefairy
|
|win|PTF
|c|☆PTF|gg
|l|therealslap</script>
</div>
<div class="battle-log battle-log-inline"><div class="inner"><div class="battle-options"></div><div class="inner"><div class="chat"><small>PTF joined.</small></div><div class="chat"><small>therealslap joined.</small></div><div class=""><small>Format:</small> <br><strong>PU</strong></div><div class=""><small><em>Sleep Clause Mod:</em> Limit one foe put to sleep</small></div><div class=""><small><em>Species Clause:</em> Limit one of each Pokémon</small></div><div class=""><small><em>OHKO Clause:</em> OHKO moves are banned</small></div><div class=""><small><em>Moody Clause:</em> Moody is banned</small></div><div class=""><small><em>Evasion Moves Clause:</em> Evasion moves are banned</small></div><div class=""><small><em>Endless Battle Clause:</em> Forcing endless battles is banned</small></div><div class=""><small><em>HP Percentage Mod:</em> HP is shown in percentages</small></div><div class=""><small><em>Swagger Clause:</em> Swagger is banned</small></div><div class=""><small><em>Baton Pass Clause:</em> Limit one Baton Passer, can't pass Spe and other stats simultaneously</small></div><div class="chat battle-history"><strong>PTF's team:</strong> <em style="color:#445566;display:block;">Gourgeist-* / Lumineon / Monferno / Rotom-Frost / Klang / Stunfisk</em></div><div class="chat battle-history"><strong>therealslap's team:</strong> <em style="color:#445566;display:block;">Bouffalant / Metang / Vibrava / Monferno / Clefairy / Leafeon</em></div><div class="chat chatmessage-therealslap"><strong style="color:hsl(314,74%,43%)"><small>☆</small><span class="username" data-name="therealslap">therealslap</span>:</strong> <em>hf</em></div><div class="chat chatmessage-ptf"><strong style="color:hsl(284,45%,49.8749204976064%)"><small>☆</small><span class="username" data-name="PTF">PTF</span>:</strong> <em>you too</em></div><div class="chat chatmessage-therealslap"><strong style="color:hsl(314,74%,43%)"><small>☆</small><span class="username" data-name="therealslap">therealslap</span>:</strong> <em>hf</em></div><div class="chat chatmessage-therealslap"><strong style="color:hsl(314,74%,43%)"><small>☆</small><span class="username" data-name="therealslap">therealslap</span>:</strong> <em>oh</em></div><div class="chat chatmessage-therealslap"><strong style="color:hsl(314,74%,43%)"><small>☆</small><span class="username" data-name="therealslap">therealslap</span>:</strong> <em>sry</em></div><div class="spacer battle-history"><br></div><div class="battle-history">Battle started between PTF and therealslap!<br></div><div class="spacer battle-history"><br></div><div class="battle-history">Go! Rotom (<strong>Rotom-Frost</strong>)!<br></div><div class="spacer battle-history"><br></div><div class="battle-history">therealslap sent out <strong>Monferno</strong>!<br></div><div class="spacer battle-history"><br></div><h2 class="battle-history">Turn 1</h2><div class="spacer battle-history"><br></div><div class="battle-history">The opposing Monferno used <strong>Mach Punch</strong>!<br></div><div class="battle-history"><small>It's super effective!</small><br></div><div class="battle-history"><small>(Rotom lost <abbr title="−120/241">49.8%</abbr> of its health!)</small><br></div><div class="spacer battle-history"><br></div><div class="battle-history">Rotom used <strong>Volt Switch</strong>!<br></div><div class="battle-history"><small>(The opposing Monferno lost <abbr title="−118/269">43.9%</abbr> of its health!)</small><br></div><div class="spacer battle-history"><br></div><div class="battle-history">Rotom went back to PTF!<br></div><div class="battle-history">Go! <strong>Stunfisk</strong>!<br></div><div class="spacer battle-history"><br></div><h2 class="battle-history">Turn 2</h2><div class="spacer battle-history"><br></div><div class="battle-history">therealslap withdrew Monferno!<br></div><div class="battle-history">therealslap sent out <strong>Leafeon</strong>!<br></div><div class="spacer battle-history"><br></div><div class="battle-history">Stunfisk used <strong>Stealth Rock</strong>!<br></div><div class="battle-history"><small>Pointed stones float in the air around the opposing team!</small><br></div><div class="spacer battle-history"><br></div><h2 class="battle-history">Turn 3</h2><div class="spacer battle-history"><br></div><div class="battle-history">Stunfisk, come back!<br></div><div class="battle-history">Go! Gourgeist (<strong>Gourgeist-Super</strong>)!<br></div><div class="battle-history"><small>[Gourgeist's Frisk]</small><br><small>Gourgeist frisked the opposing Leafeon and found its Yache Berry!</small><br></div><div class="spacer battle-history"><br></div><div class="battle-history">The opposing Leafeon used <strong>Knock Off</strong>!<br></div><div class="battle-history"><small>It's super effective!</small><br></div><div class="battle-history"><small>(Gourgeist lost <abbr title="−130/374">34.8%</abbr> of its health!)</small><br></div><div class="battle-history"><small>The opposing Leafeon knocked off Gourgeist's Leftovers!</small><br></div><div class="spacer battle-history"><br></div><h2 class="battle-history">Turn 4</h2><div class="spacer battle-history"><br></div><div class="battle-history">therealslap withdrew Leafeon!<br></div><div class="battle-history">therealslap sent out <strong>Monferno</strong>!<br></div><div class="battle-history"><small>Pointed stones dug into the opposing Monferno!</small><br></div><div class="spacer battle-history"><br></div><div class="battle-history">Gourgeist used <strong>Will-O-Wisp</strong>!<br></div><div class="battle-history"><small>It doesn't affect the opposing Monferno...</small><br></div><div class="spacer battle-history"><br></div><h2 class="battle-history">Turn 5</h2><div class="spacer battle-history"><br></div><div class="battle-history">Gourgeist, come back!<br></div><div class="battle-history">Go! <strong>Stunfisk</strong>!<br></div><div class="spacer battle-history"><br></div><div class="battle-history">The opposing Monferno used <strong>U-turn</strong>!<br></div><div class="battle-history"><small>(Stunfisk lost <abbr title="−49/422">11.6%</abbr> of its health!)</small><br></div><div class="spacer battle-history"><br></div><div class="battle-history">The opposing Monferno went back to therealslap!<br></div><div class="battle-history">therealslap sent out <strong>Bouffalant</strong>!<br></div><div class="battle-history"><small>Pointed stones dug into the opposing Bouffalant!</small><br></div><div class="spacer battle-history"><br></div><div class="battle-history"><small>The opposing Bouffalant restored a little HP using its Leftovers!</small><br></div><div class="battle-history"><small>Stunfisk restored a little HP using its Leftovers!</small><br></div><div class="spacer battle-history"><br></div><h2 class="battle-history">Turn 6</h2><div class="spacer battle-history"><br></div><div class="battle-history">Stunfisk, come back!<br></div><div class="battle-history">Go! Gourgeist (<strong>Gourgeist-Super</strong>)!<br></div><div class="battle-history"><small>[Gourgeist's Frisk]</small><br><small>Gourgeist frisked the opposing Bouffalant and found its Leftovers!</small><br></div><div class="spacer battle-history"><br></div><div class="battle-history">The opposing Bouffalant used <strong>Substitute</strong>!<br></div><div class="battle-history"><small>The opposing Bouffalant put in a substitute!</small><br></div><div class="battle-history"><small>(The opposing Bouffalant lost <abbr title="−98/393">24.9%</abbr> of its health!)</small><br></div><div class="spacer battle-history"><br></div><div class="battle-history"><small>The opposing Bouffalant restored a little HP using its Leftovers!</small><br></div><div class="spacer battle-history"><br></div><h2 class="battle-history">Turn 7</h2><div class="spacer battle-history"><br></div><div class="battle-history">The opposing Bouffalant used <strong>Swords Dance</strong>!<br></div><div class="battle-history"><small>The opposing Bouffalant's Attack rose sharply!</small><br></div><div class="spacer battle-history"><br></div><div class="battle-history">Gourgeist used <strong>Foul Play</strong>!<br></div><div class="battle-history"><small>The opposing Bouffalant's substitute faded!</small><br></div><div class="spacer battle-history"><br></div><div class="battle-history"><small>The opposing Bouffalant restored a little HP using its Leftovers!</small><br></div><div class="spacer battle-history"><br></div><h2 class="battle-history">Turn 8</h2><div class="spacer battle-history"><br></div><div class="battle-history">therealslap withdrew Bouffalant!<br></div><div class="battle-history">therealslap sent out <strong>Vibrava</strong>!<br></div><div class="battle-history"><small>Pointed stones dug into the opposing Vibrava!</small><br></div><div class="spacer battle-history"><br></div><div class="battle-history">Gourgeist used <strong>Foul Play</strong>!<br></div><div class="battle-history"><small>(The opposing Vibrava lost <abbr title="−42/303">13.9%</abbr> of its health!)</small><br></div><div class="spacer battle-history"><br></div><h2 class="battle-history">Turn 9</h2><div class="chat"><small>275p joined.</small></div><div class="spacer battle-history"><br></div><div class="battle-history">The opposing Vibrava used <strong>Defog</strong>!<br></div><div class="battle-history"><small>Gourgeist's evasiveness fell!</small><br></div><div class="battle-history"><small>The pointed stones disappeared from around the opposing team!</small><br></div><div class="spacer battle-history"><br></div><div class="battle-history">Gourgeist used <strong>Leech Seed</strong>!<br></div><div class="battle-history"><small>The opposing Vibrava was seeded!</small><br></div><div class="spacer battle-history"><br></div><div class="battle-history"><small>The opposing Vibrava's health is sapped by Leech Seed!</small><br></div><div class="spacer battle-history"><br></div><h2 class="battle-history">Turn 10</h2><div class="chat"><small>Nuke Testing joined.</small></div><div class="chat"><small>PTF left.</small></div><div class="chat"><small>Nuke Testing left.</small></div><div class="chat"><small>PTF joined.</small></div><div class="spacer battle-history"><br></div><div class="battle-history">Gourgeist, come back!<br></div><div class="battle-history">Go! Rotom (<strong>Rotom-Frost</strong>)!<br></div><div class="spacer battle-history"><br></div><div class="battle-history">The opposing Vibrava used <strong>U-turn</strong>!<br></div><div class="battle-history"><small>(Rotom lost <abbr title="−40/241">16.6%</abbr> of its health!)</small><br></div><div class="spacer battle-history"><br></div><div class="battle-history">The opposing Vibrava went back to therealslap!<br></div><div class="battle-history">therealslap sent out <strong>Monferno</strong>!<br></div><div class="spacer battle-history"><br></div><h2 class="battle-history">Turn 11</h2><div class="spacer battle-history"><br></div><div class="battle-history">Rotom, come back!<br></div><div class="battle-history">Go! <strong>Stunfisk</strong>!<br></div><div class="spacer battle-history"><br></div><div class="battle-history">The opposing Monferno used <strong>Mach Punch</strong>!<br></div><div class="battle-history"><small>(Stunfisk lost <abbr title="−48/422">11.4%</abbr> of its health!)</small><br></div><div class="spacer battle-history"><br></div><div class="battle-history"><small>Stunfisk restored a little HP using its Leftovers!</small><br></div><div class="spacer battle-history"><br></div><h2 class="battle-history">Turn 12</h2><div class="spacer battle-history"><br></div><div class="battle-history">therealslap withdrew Monferno!<br></div><div class="battle-history">therealslap sent out <strong>Leafeon</strong>!<br></div><div class="spacer battle-history"><br></div><div class="battle-history">Stunfisk used <strong>Stealth Rock</strong>!<br></div><div class="battle-history"><small>Pointed stones float in the air around the opposing team!</small><br></div><div class="spacer battle-history"><br></div><div class="battle-history"><small>Stunfisk restored a little HP using its Leftovers!</small><br></div><div class="spacer battle-history"><br></div><h2 class="battle-history">Turn 13</h2><div class="spacer battle-history"><br></div><div class="battle-history">Stunfisk, come back!<br></div><div class="battle-history">Go! Gourgeist (<strong>Gourgeist-Super</strong>)!<br></div><div class="battle-history"><small>[Gourgeist's Frisk]</small><br><small>Gourgeist frisked the opposing Leafeon and found its Yache Berry!</small><br></div><div class="spacer battle-history"><br></div><div class="battle-history">The opposing Leafeon used <strong>Knock Off</strong>!<br></div><div class="battle-history"><small>It's super effective!</small><br></div><div class="battle-history"><small>A critical hit!</small><br></div><div class="battle-history"><small>(Gourgeist lost <abbr title="−136/374">36.4%</abbr> of its health!)</small><br></div><div class="spacer battle-history"><br></div><h2 class="battle-history">Turn 14</h2><div class="chat chatmessage-therealslap"><strong style="color:hsl(314,74%,43%)"><small>☆</small><span class="username" data-name="therealslap">therealslap</span>:</strong> <em>sry</em></div><div class="spacer battle-history"><br></div><div class="battle-history">therealslap withdrew Leafeon!<br></div><div class="battle-history">therealslap sent out <strong>Vibrava</strong>!<br></div><div class="battle-history"><small>Pointed stones dug into the opposing Vibrava!</small><br></div><div class="spacer battle-history"><br></div><div class="battle-history">Gourgeist used <strong>Synthesis</strong>!<br></div><div class="battle-history"><small>Gourgeist restored its HP.</small><br></div><div class="spacer battle-history"><br></div><h2 class="battle-history">Turn 15</h2><div class="chat chatmessage-ptf"><strong style="color:hsl(284,45%,49.8749204976064%)"><small>☆</small><span class="username" data-name="PTF">PTF</span>:</strong> <em>all good</em></div><div class="spacer battle-history"><br></div><div class="battle-history">The opposing Vibrava used <strong>Defog</strong>!<br></div><div class="battle-history"><small>Gourgeist's evasiveness fell!</small><br></div><div class="battle-history"><small>The pointed stones disappeared from around the opposing team!</small><br></div><div class="spacer battle-history"><br></div><div class="battle-history">Gourgeist used <strong>Leech Seed</strong>!<br></div><div class="battle-history"><small>The opposing Vibrava was seeded!</small><br></div><div class="spacer battle-history"><br></div><div class="battle-history"><small>The opposing Vibrava's health is sapped by Leech Seed!</small><br></div><div class="spacer battle-history"><br></div><h2 class="battle-history">Turn 16</h2><div class="spacer battle-history"><br></div><div class="battle-history">Gourgeist, come back!<br></div><div class="battle-history">Go! Rotom (<strong>Rotom-Frost</strong>)!<br></div><div class="spacer battle-history"><br></div><div class="battle-history">The opposing Vibrava used <strong>U-turn</strong>!<br></div><div class="battle-history"><small>(Rotom lost <abbr title="−37/241">15.4%</abbr> of its health!)</small><br></div><div class="spacer battle-history"><br></div><div class="battle-history">The opposing Vibrava went back to therealslap!<br></div><div class="battle-history">therealslap sent out <strong>Leafeon</strong>!<br></div><div class="spacer battle-history"><br></div><h2 class="battle-history">Turn 17</h2><div class="spacer battle-history"><br></div><div class="battle-history">Rotom used <strong>Volt Switch</strong>!<br></div><div class="battle-history"><small>It's not very effective...</small><br></div><div class="battle-history"><small>(The opposing Leafeon lost <abbr title="−78/271">28.8%</abbr> of its health!)</small><br></div><div class="spacer battle-history"><br></div><div class="battle-history">Rotom went back to PTF!<br></div><div class="battle-history">Go! Gourgeist (<strong>Gourgeist-Super</strong>)!<br></div><div class="battle-history"><small>[Gourgeist's Frisk]</small><br><small>Gourgeist frisked the opposing Leafeon and found its Yache Berry!</small><br></div><div class="spacer battle-history"><br></div><div class="battle-history">The opposing Leafeon used <strong>Knock Off</strong>!<br></div><div class="battle-history"><small>It's super effective!</small><br></div><div class="battle-history"><small>(Gourgeist lost <abbr title="−88/374">23.5%</abbr> of its health!)</small><br></div><div class="spacer battle-history"><br></div><h2 class="battle-history">Turn 18</h2><div class="chat"><small>275p left.</small></div><div class="spacer battle-history"><br></div><div class="battle-history">therealslap withdrew Leafeon!<br></div><div class="battle-history">therealslap sent out <strong>Monferno</strong>!<br></div><div class="spacer battle-history"><br></div><div class="battle-history">Gourgeist used <strong>Leech Seed</strong>!<br></div><div class="battle-history"><small>The opposing Monferno avoided the attack!</small><br></div><div class="spacer battle-history"><br></div><h2 class="battle-history">Turn 19</h2><div class="spacer battle-history"><br></div><div class="battle-history">Gourgeist, come back!<br></div><div class="battle-history">Go! <strong>Stunfisk</strong>!<br></div><div class="spacer battle-history"><br></div><div class="battle-history">The opposing Monferno used <strong>U-turn</strong>!<br></div><div class="battle-history"><small>(Stunfisk lost <abbr title="−51/422">12.1%</abbr> of its health!)</small><br></div><div class="spacer battle-history"><br></div><div class="battle-history">The opposing Monferno went back to therealslap!<br></div><div class="battle-history">therealslap sent out <strong>Vibrava</strong>!<br></div><div class="spacer battle-history"><br></div><div class="battle-history"><small>Stunfisk restored a little HP using its Leftovers!</small><br></div><div class="spacer battle-history"><br></div><h2 class="battle-history">Turn 20</h2><div class="spacer battle-history"><br></div><div class="battle-history">The opposing Vibrava used <strong>Earthquake</strong>!<br></div><div class="battle-history"><small>It's super effective!</small><br></div><div class="battle-history"><small>(Stunfisk lost <abbr title="−150/422">35.5%</abbr> of its health!)</small><br></div><div class="spacer battle-history"><br></div><div class="battle-history">Stunfisk used <strong>Toxic</strong>!<br></div><div class="battle-history"><small>The opposing Vibrava was badly poisoned!</small><br></div><div class="spacer battle-history"><br></div><div class="battle-history"><small>Stunfisk restored a little HP using its Leftovers!</small><br></div><div class="battle-history"><small>The opposing Vibrava was hurt by poison!</small><br></div><div class="spacer battle-history"><br></div><h2 class="battle-history">Turn 21</h2><div class="spacer battle-history"><br></div><div class="battle-history">Stunfisk, come back!<br></div><div class="battle-history">Go! <strong>Lumineon</strong>!<br></div><div class="spacer battle-history"><br></div><div class="battle-history">The opposing Vibrava used <strong>U-turn</strong>!<br></div><div class="battle-history"><small>(Lumineon lost <abbr title="−37/342">10.8%</abbr> of its health!)</small><br></div><div class="spacer battle-history"><br></div><div class="battle-history">The opposing Vibrava went back to therealslap!<br></div><div class="battle-history">therealslap sent out <strong>Leafeon</strong>!<br></div><div class="spacer battle-history"><br></div><div class="battle-history"><small>Lumineon restored a little HP using its Leftovers!</small><br></div><div class="spacer battle-history"><br></div><h2 class="battle-history">Turn 22</h2><div class="spacer battle-history"><br></div><div class="battle-history">The opposing Leafeon used <strong>Leaf Blade</strong>!<br></div><div class="battle-history"><small>It's super effective!</small><br></div><div class="battle-history"><small>A critical hit!</small><br></div><div class="battle-history"><small>(Lumineon lost <abbr title="−326/342">95.3%</abbr> of its health!)</small><br></div><div class="spacer battle-history"><br></div><div class="battle-history">Lumineon fainted!<br></div><div class="chat chatmessage-therealslap"><strong style="color:hsl(314,74%,43%)"><small>☆</small><span class="username" data-name="therealslap">therealslap</span>:</strong> <em>sry</em></div><div class="chat chatmessage-ptf"><strong style="color:hsl(284,45%,49.8749204976064%)"><small>☆</small><span class="username" data-name="PTF">PTF</span>:</strong> <em>no</em></div><div class="chat chatmessage-ptf"><strong style="color:hsl(284,45%,49.8749204976064%)"><small>☆</small><span class="username" data-name="PTF">PTF</span>:</strong> <em>All good</em></div><div class="chat chatmessage-ptf"><strong style="color:hsl(284,45%,49.8749204976064%)"><small>☆</small><span class="username" data-name="PTF">PTF</span>:</strong> <em>good play</em></div><div class="spacer battle-history"><br></div><div class="battle-history">Go! Gourgeist (<strong>Gourgeist-Super</strong>)!<br></div><div class="battle-history"><small>[Gourgeist's Frisk]</small><br><small>Gourgeist frisked the opposing Leafeon and found its Yache Berry!</small><br></div><div class="spacer battle-history"><br></div><h2 class="battle-history">Turn 23</h2><div class="chat chatmessage-therealslap"><strong style="color:hsl(314,74%,43%)"><small>☆</small><span class="username" data-name="therealslap">therealslap</span>:</strong> <em>why did u stay in</em></div><div class="chat chatmessage-ptf"><strong style="color:hsl(284,45%,49.8749204976064%)"><small>☆</small><span class="username" data-name="PTF">PTF</span>:</strong> <em>thought you'd knock</em></div><div class="chat chatmessage-therealslap"><strong style="color:hsl(314,74%,43%)"><small>☆</small><span class="username" data-name="therealslap">therealslap</span>:</strong> <em>ah</em></div><div class="spacer battle-history"><br></div><div class="battle-history">therealslap withdrew Leafeon!<br></div><div class="battle-history">therealslap sent out <strong>Vibrava</strong>!<br></div><div class="spacer battle-history"><br></div><div class="battle-history">Gourgeist used <strong>Foul Play</strong>!<br></div><div class="battle-history"><small>(The opposing Vibrava lost <abbr title="−44/303">14.5%</abbr> of its health!)</small><br></div><div class="spacer battle-history"><br></div><div class="battle-history"><small>The opposing Vibrava was hurt by poison!</small><br></div><div class="spacer battle-history"><br></div><h2 class="battle-history">Turn 24</h2><div class="spacer battle-history"><br></div><div class="battle-history">The opposing Vibrava used <strong>Roost</strong>!<br></div><div class="battle-history"><small>The opposing Vibrava restored its HP.</small><br></div><div class="spacer battle-history"><br></div><div class="battle-history">Gourgeist used <strong>Leech Seed</strong>!<br></div><div class="battle-history"><small>The opposing Vibrava was seeded!</small><br></div><div class="spacer battle-history"><br></div><div class="battle-history"><small>The opposing Vibrava's health is sapped by Leech Seed!</small><br></div><div class="battle-history"><small>The opposing Vibrava was hurt by poison!</small><br></div><div class="spacer battle-history"><br></div><h2 class="battle-history">Turn 25</h2><div class="chat"><small>quagsgone joined.</small></div><div class="spacer battle-history"><br></div><div class="battle-history">The opposing Vibrava used <strong>U-turn</strong>!<br></div><div class="battle-history"><small>(Gourgeist lost <abbr title="−26/374">7.0%</abbr> of its health!)</small><br></div><div class="spacer battle-history"><br></div><div class="battle-history">The opposing Vibrava went back to therealslap!<br></div><div class="battle-history">therealslap sent out <strong>Monferno</strong>!<br></div><div class="spacer battle-history"><br></div><div class="battle-history">Gourgeist used <strong>Foul Play</strong>!<br></div><div class="battle-history"><small>It's not very effective...</small><br></div><div class="battle-history"><small>(The opposing Monferno lost <abbr title="−45/269">16.7%</abbr> of its health!)</small><br></div><div class="spacer battle-history"><br></div><h2 class="battle-history">Turn 26</h2><div class="spacer battle-history"><br></div><div class="battle-history">Gourgeist, come back!<br></div><div class="battle-history">Go! <strong>Stunfisk</strong>!<br></div><div class="spacer battle-history"><br></div><div class="battle-history">The opposing Monferno used <strong>U-turn</strong>!<br></div><div class="battle-history"><small>(Stunfisk lost <abbr title="−48/422">11.4%</abbr> of its health!)</small><br></div><div class="battle-history"><small>[Stunfisk's Static]</small><br><small>The opposing Monferno is paralyzed! It may be unable to move!</small><br></div><div class="spacer battle-history"><br></div><div class="battle-history">The opposing Monferno went back to therealslap!<br></div><div class="battle-history">therealslap sent out <strong>Leafeon</strong>!<br></div><div class="spacer battle-history"><br></div><div class="battle-history"><small>Stunfisk restored a little HP using its Leftovers!</small><br></div><div class="spacer battle-history"><br></div><h2 class="battle-history">Turn 27</h2><div class="spacer battle-history"><br></div><div class="battle-history">therealslap withdrew Leafeon!<br></div><div class="battle-history">therealslap sent out <strong>Monferno</strong>!<br></div><div class="spacer battle-history"><br></div><div class="battle-history">Stunfisk, come back!<br></div><div class="battle-history">Go! Gourgeist (<strong>Gourgeist-Super</strong>)!<br></div><div class="battle-history"><small>[Gourgeist's Frisk]</small><br><small>Gourgeist frisked the opposing Monferno and found its Eviolite!</small><br></div><div class="spacer battle-history"><br></div><h2 class="battle-history">Turn 28</h2><div class="spacer battle-history"><br></div><div class="battle-history">Gourgeist used <strong>Synthesis</strong>!<br></div><div class="battle-history"><small>Gourgeist restored its HP.</small><br></div><div class="spacer battle-history"><br></div><div class="battle-history">The opposing Monferno used <strong>U-turn</strong>!<br></div><div class="battle-history"><small>(Gourgeist lost <abbr title="−34/374">9.1%</abbr> of its health!)</small><br></div><div class="spacer battle-history"><br></div><div class="battle-history">The opposing Monferno went back to therealslap!<br></div><div class="battle-history">therealslap sent out <strong>Metang</strong>!<br></div><div class="spacer battle-history"><br></div><h2 class="battle-history">Turn 29</h2><div class="spacer battle-history"><br></div><div class="battle-history">Gourgeist used <strong>Will-O-Wisp</strong>!<br></div><div class="battle-history"><small>The opposing Metang was burned!</small><br></div><div class="spacer battle-history"><br></div><div class="battle-history">The opposing Metang used <strong>Stealth Rock</strong>!<br></div><div class="battle-history"><small>Pointed stones float in the air around your team!</small><br></div><div class="spacer battle-history"><br></div><div class="battle-history"><small>The opposing Metang was hurt by its burn!</small><br></div><div class="spacer battle-history"><br></div><h2 class="battle-history">Turn 30</h2><div class="spacer battle-history"><br></div><div class="battle-history">therealslap withdrew Metang!<br></div><div class="battle-history">therealslap sent out <strong>Vibrava</strong>!<br></div><div class="spacer battle-history"><br></div><div class="battle-history">Gourgeist used <strong>Leech Seed</strong>!<br></div><div class="battle-history"><small>The opposing Vibrava was seeded!</small><br></div><div class="spacer battle-history"><br></div><div class="battle-history"><small>The opposing Vibrava's health is sapped by Leech Seed!</small><br></div><div class="battle-history"><small>The opposing Vibrava was hurt by poison!</small><br></div><div class="spacer battle-history"><br></div><h2 class="battle-history">Turn 31</h2><div class="spacer battle-history"><br></div><div class="battle-history">The opposing Vibrava used <strong>Roost</strong>!<br></div><div class="battle-history"><small>The opposing Vibrava restored its HP.</small><br></div><div class="spacer battle-history"><br></div><div class="battle-history">Gourgeist used <strong>Foul Play</strong>!<br></div><div class="battle-history"><small>A critical hit!</small><br></div><div class="battle-history"><small>(The opposing Vibrava lost <abbr title="−59/303">19.5%</abbr> of its health!)</small><br></div><div class="spacer battle-history"><br></div><div class="battle-history"><small>The opposing Vibrava's health is sapped by Leech Seed!</small><br></div><div class="battle-history"><small>The opposing Vibrava was hurt by poison!</small><br></div><div class="spacer battle-history"><br></div><h2 class="battle-history">Turn 32</h2><div class="spacer battle-history"><br></div><div class="battle-history">The opposing Vibrava used <strong>U-turn</strong>!<br></div><div class="battle-history"><small>A critical hit!</small><br></div><div class="battle-history"><small>(Gourgeist lost <abbr title="−36/374">9.6%</abbr> of its health!)</small><br></div><div class="spacer battle-history"><br></div><div class="battle-history">The opposing Vibrava went back to therealslap!<br></div><div class="battle-history">therealslap sent out <strong>Clefairy</strong>!<br></div><div class="spacer battle-history"><br></div><div class="battle-history">Gourgeist used <strong>Foul Play</strong>!<br></div><div class="battle-history"><small>It's not very effective...</small><br></div><div class="battle-history"><small>(The opposing Clefairy lost <abbr title="−20/344">5.8%</abbr> of its health!)</small><br></div><div class="spacer battle-history"><br></div><h2 class="battle-history">Turn 33</h2><div class="spacer battle-history"><br></div><div class="battle-history">Gourgeist, come back!<br></div><div class="battle-history">Go! Rotom (<strong>Rotom-Frost</strong>)!<br></div><div class="battle-history"><small>Pointed stones dug into Rotom!</small><br></div><div class="spacer battle-history"><br></div><div class="battle-history">Rotom fainted!<br></div><div class="battle-history">The opposing Clefairy used <strong>Thunder Wave</strong>!<br></div><div class="battle-history"><small>But there was no target...</small><br></div><div class="spacer battle-history"><br></div><div class="battle-history">Go! <strong>Klang</strong>!<br></div><div class="battle-history"><small>Pointed stones dug into Klang!</small><br></div><div class="spacer battle-history"><br></div><h2 class="battle-history">Turn 34</h2><div class="spacer battle-history"><br></div><div class="battle-history">Klang used <strong>Shift Gear</strong>!<br></div><div class="battle-history"><small>Klang's Speed rose sharply!</small><br></div><div class="battle-history"><small>Klang's Attack rose!</small><br></div><div class="spacer battle-history"><br></div><div class="battle-history">The opposing Clefairy used <strong>Knock Off</strong>!<br></div><div class="battle-history"><small>(Klang lost <abbr title="−21/324">6.5%</abbr> of its health!)</small><br></div><div class="battle-history"><small>The opposing Clefairy knocked off Klang's Eviolite!</small><br></div><div class="spacer battle-history"><br></div><h2 class="battle-history">Turn 35</h2><div class="spacer battle-history"><br></div><div class="battle-history">therealslap withdrew Clefairy!<br></div><div class="battle-history">therealslap sent out <strong>Bouffalant</strong>!<br></div><div class="spacer battle-history"><br></div><div class="battle-history">Klang used <strong>Shift Gear</strong>!<br></div><div class="battle-history"><small>Klang's Speed rose sharply!</small><br></div><div class="battle-history"><small>Klang's Attack rose!</small><br></div><div class="spacer battle-history"><br></div><div class="battle-history"><small>The opposing Bouffalant restored a little HP using its Leftovers!</small><br></div><div class="spacer battle-history"><br></div><h2 class="battle-history">Turn 36</h2><div class="spacer battle-history"><br></div><div class="battle-history">Klang used <strong>Gear Grind</strong>!<br></div><div class="battle-history"><small>(The opposing Bouffalant lost <abbr title="−96/393">24.4%</abbr> of its health!)</small><br></div><div class="battle-history"><small>(The opposing Bouffalant lost <abbr title="−99/393">25.2%</abbr> of its health!)</small><br></div><div class="battle-history"><small>Hit 2 times!</small><br></div><div class="spacer battle-history"><br></div><div class="battle-history">The opposing Bouffalant used <strong>Earthquake</strong>!<br></div><div class="battle-history"><small>It's super effective!</small><br></div><div class="battle-history"><small>(Klang lost <abbr title="−166/324">51.2%</abbr> of its health!)</small><br></div><div class="spacer battle-history"><br></div><div class="battle-history"><small>The opposing Bouffalant restored a little HP using its Leftovers!</small><br></div><div class="spacer battle-history"><br></div><h2 class="battle-history">Turn 37</h2><div class="spacer battle-history"><br></div><div class="battle-history">therealslap withdrew Bouffalant!<br></div><div class="battle-history">therealslap sent out <strong>Vibrava</strong>!<br></div><div class="spacer battle-history"><br></div><div class="battle-history">Klang used <strong>Gear Grind</strong>!<br></div><div class="battle-history"><small>(The opposing Vibrava lost <abbr title="−75/303">24.8%</abbr> of its health!)</small><br></div><div class="battle-history"><small>(The opposing Vibrava lost <abbr title="−40/303">13.2%</abbr> of its health!)</small><br></div><div class="battle-history"><small>Hit 2 times!</small><br></div><div class="spacer battle-history"><br></div><div class="battle-history">The opposing Vibrava fainted!<br></div><div class="spacer battle-history"><br></div><div class="battle-history">therealslap sent out <strong>Monferno</strong>!<br></div><div class="spacer battle-history"><br></div><h2 class="battle-history">Turn 38</h2><div class="spacer battle-history"><br></div><div class="battle-history">The opposing Monferno used <strong>Mach Punch</strong>!<br></div><div class="battle-history"><small>It's super effective!</small><br></div><div class="battle-history"><small>(Klang lost <abbr title="−104/324">32.1%</abbr> of its health!)</small><br></div><div class="spacer battle-history"><br></div><div class="battle-history">Klang used <strong>Gear Grind</strong>!<br></div><div class="battle-history"><small>It's not very effective...</small><br></div><div class="battle-history"><small>(The opposing Monferno lost <abbr title="−59/269">21.9%</abbr> of its health!)</small><br></div><div class="battle-history"><small>It's not very effective...</small><br></div><div class="battle-history"><small>(The opposing Monferno lost <abbr title="−14/269">5.2%</abbr> of its health!)</small><br></div><div class="battle-history"><small>Hit 2 times!</small><br></div><div class="spacer battle-history"><br></div><div class="battle-history">The opposing Monferno fainted!<br></div><div class="spacer battle-history"><br></div><div class="battle-history">therealslap sent out <strong>Metang</strong>!<br></div><div class="spacer battle-history"><br></div><h2 class="battle-history">Turn 39</h2><div class="spacer battle-history"><br></div><div class="battle-history">Klang used <strong>Rest</strong>!<br></div><div class="battle-history"><small>Klang fell asleep!</small><br></div><div class="battle-history"><small>Klang slept and became healthy!</small><br></div><div class="spacer battle-history"><br></div><div class="battle-history">The opposing Metang used <strong>Earthquake</strong>!<br></div><div class="battle-history"><small>It's super effective!</small><br></div><div class="battle-history"><small>(Klang lost <abbr title="−74/324">22.8%</abbr> of its health!)</small><br></div><div class="spacer battle-history"><br></div><div class="battle-history"><small>The opposing Metang was hurt by its burn!</small><br></div><div class="spacer battle-history"><br></div><h2 class="battle-history">Turn 40</h2><div class="spacer battle-history"><br></div><div class="battle-history">Klang is fast asleep.<br></div><div class="spacer battle-history"><br></div><div class="battle-history">Klang used <strong>Sleep Talk</strong>!<br></div><div class="spacer battle-history"><br></div><div class="battle-history">Klang used <strong>Shift Gear</strong>!<br></div><div class="battle-history"><small>Klang's Speed rose sharply!</small><br></div><div class="battle-history"><small>Klang's Attack rose!</small><br></div><div class="spacer battle-history"><br></div><div class="battle-history">The opposing Metang used <strong>Earthquake</strong>!<br></div><div class="battle-history"><small>It's super effective!</small><br></div><div class="battle-history"><small>(Klang lost <abbr title="−75/324">23.1%</abbr> of its health!)</small><br></div><div class="spacer battle-history"><br></div><div class="battle-history"><small>The opposing Metang was hurt by its burn!</small><br></div><div class="spacer battle-history"><br></div><h2 class="battle-history">Turn 41</h2><div class="spacer battle-history"><br></div><div class="battle-history">Klang is fast asleep.<br></div><div class="spacer battle-history"><br></div><div class="battle-history">Klang used <strong>Sleep Talk</strong>!<br></div><div class="spacer battle-history"><br></div><div class="battle-history">Klang used <strong>Rest</strong>!<br></div><div class="battle-history"><small>But it failed!</small><br></div><div class="spacer battle-history"><br></div><div class="battle-history">The opposing Metang used <strong>Earthquake</strong>!<br></div><div class="battle-history"><small>It's super effective!</small><br></div><div class="battle-history"><small>(Klang lost <abbr title="−75/324">23.1%</abbr> of its health!)</small><br></div><div class="spacer battle-history"><br></div><div class="battle-history"><small>The opposing Metang was hurt by its burn!</small><br></div><div class="spacer battle-history"><br></div><h2 class="battle-history">Turn 42</h2><div class="spacer battle-history"><br></div><div class="battle-history"><small>Klang woke up!</small><br></div><div class="spacer battle-history"><br></div><div class="battle-history">Klang used <strong>Rest</strong>!<br></div><div class="battle-history"><small>Klang fell asleep!</small><br></div><div class="battle-history"><small>Klang slept and became healthy!</small><br></div><div class="spacer battle-history"><br></div><div class="battle-history">The opposing Metang used <strong>Earthquake</strong>!<br></div><div class="battle-history"><small>It's super effective!</small><br></div><div class="battle-history"><small>(Klang lost <abbr title="−77/324">23.8%</abbr> of its health!)</small><br></div><div class="spacer battle-history"><br></div><div class="battle-history"><small>The opposing Metang was hurt by its burn!</small><br></div><div class="spacer battle-history"><br></div><h2 class="battle-history">Turn 43</h2><div class="spacer battle-history"><br></div><div class="battle-history">Klang is fast asleep.<br></div><div class="spacer battle-history"><br></div><div class="battle-history">Klang used <strong>Sleep Talk</strong>!<br></div><div class="spacer battle-history"><br></div><div class="battle-history">Klang used <strong>Shift Gear</strong>!<br></div><div class="battle-history"><small>Klang's Speed won't go any higher!</small><br></div><div class="battle-history"><small>Klang's Attack rose!</small><br></div><div class="spacer battle-history"><br></div><div class="battle-history">The opposing Metang used <strong>Earthquake</strong>!<br></div><div class="battle-history"><small>It's super effective!</small><br></div><div class="battle-history"><small>(Klang lost <abbr title="−68/324">21.0%</abbr> of its health!)</small><br></div><div class="spacer battle-history"><br></div><div class="battle-history"><small>The opposing Metang was hurt by its burn!</small><br></div><div class="spacer battle-history"><br></div><h2 class="battle-history">Turn 44</h2><div class="spacer battle-history"><br></div><div class="battle-history">Klang is fast asleep.<br></div><div class="spacer battle-history"><br></div><div class="battle-history">Klang used <strong>Sleep Talk</strong>!<br></div><div class="spacer battle-history"><br></div><div class="battle-history">Klang used <strong>Gear Grind</strong>!<br></div><div class="battle-history"><small>It's not very effective...</small><br></div><div class="battle-history"><small>(The opposing Metang lost <abbr title="−45/324">13.9%</abbr> of its health!)</small><br></div><div class="battle-history"><small>It's not very effective...</small><br></div><div class="battle-history"><small>(The opposing Metang lost <abbr title="−39/324">12.0%</abbr> of its health!)</small><br></div><div class="battle-history"><small>Hit 2 times!</small><br></div><div class="spacer battle-history"><br></div><div class="battle-history">The opposing Metang fainted!<br></div><div class="chat chatmessage-therealslap"><strong style="color:hsl(314,74%,43%)"><small>☆</small><span class="username" data-name="therealslap">therealslap</span>:</strong> <em>gg</em></div><div class="spacer battle-history"><br></div><div class="battle-history">therealslap sent out <strong>Bouffalant</strong>!<br></div><div class="spacer battle-history"><br></div><h2 class="battle-history">Turn 45</h2><div class="spacer battle-history"><br></div><div class="battle-history"><small>Klang woke up!</small><br></div><div class="spacer battle-history"><br></div><div class="battle-history">Klang used <strong>Gear Grind</strong>!<br></div><div class="battle-history"><small>(The opposing Bouffalant lost <abbr title="−156/393">39.7%</abbr> of its health!)</small><br></div><div class="battle-history"><small>(The opposing Bouffalant lost <abbr title="−15/393">3.8%</abbr> of its health!)</small><br></div><div class="battle-history"><small>Hit 2 times!</small><br></div><div class="spacer battle-history"><br></div><div class="battle-history">The opposing Bouffalant fainted!<br></div><div class="spacer battle-history"><br></div><div class="battle-history">therealslap sent out <strong>Leafeon</strong>!<br></div><div class="spacer battle-history"><br></div><h2 class="battle-history">Turn 46</h2><div class="spacer battle-history"><br></div><div class="battle-history">Klang used <strong>Gear Grind</strong>!<br></div><div class="battle-history"><small>(The opposing Leafeon lost <abbr title="−126/271">46.5%</abbr> of its health!)</small><br></div><div class="battle-history"><small>(The opposing Leafeon lost <abbr title="−67/271">24.7%</abbr> of its health!)</small><br></div><div class="battle-history"><small>Hit 2 times!</small><br></div><div class="spacer battle-history"><br></div><div class="battle-history">The opposing Leafeon fainted!<br></div><div class="spacer battle-history"><br></div><div class="battle-history">therealslap sent out <strong>Clefairy</strong>!<br></div><div class="spacer battle-history"><br></div><h2 class="battle-history">Turn 47</h2><div class="spacer battle-history"><br></div><div class="battle-history">Klang used <strong>Gear Grind</strong>!<br></div><div class="battle-history"><small>It's super effective!</small><br></div><div class="battle-history"><small>(The opposing Clefairy lost <abbr title="−324/344">94.2%</abbr> of its health!)</small><br></div><div class="battle-history"><small>Hit 1 time!</small><br></div><div class="spacer battle-history"><br></div><div class="battle-history">The opposing Clefairy fainted!<br></div><div class="spacer battle-history"><br></div><div class="battle-history"><strong>PTF</strong> won the battle!<br></div><div class="chat chatmessage-ptf"><strong style="color:hsl(284,45%,49.8749204976064%)"><small>☆</small><span class="username" data-name="PTF">PTF</span>:</strong> <em>gg</em></div><div class="chat"><small>therealslap left.</small></div></div><div class="inner-preempt"></div></div></div>
</div>
<script>
let daily = Math.floor(Date.now()/1000/60/60/24);document.write('<script src="https://play.pokemonshowdown.com/js/replay-embed.js?version'+daily+'"></'+'script>');
</script>
