<!DOCTYPE html>
<meta charset="utf-8" />
<!-- version 1 -->
<title>PU replay: GG it's DeeBee vs. GhastlyChamber</title>
<style>
html,body {font-family:Verdana, sans-serif;font-size:10pt;margin:0;padding:0;}body{padding:12px 0;} .battle-log {font-family:Verdana, sans-serif;font-size:10pt;} .battle-log-inline {border:1px solid #AAAAAA;background:#EEF2F5;color:black;max-width:640px;margin:0 auto 80px;padding-bottom:5px;} .battle-log .inner {padding:4px 8px 0px 8px;} .battle-log .inner-preempt {padding:0 8px 4px 8px;} .battle-log .inner-after {margin-top:0.5em;} .battle-log h2 {margin:0.5em -8px;padding:4px 8px;border:1px solid #AAAAAA;background:#E0E7EA;border-left:0;border-right:0;font-family:Verdana, sans-serif;font-size:13pt;} .battle-log .chat {vertical-align:middle;padding:3px 0 3px 0;font-size:8pt;} .battle-log .chat strong {color:#40576A;} .battle-log .chat em {padding:1px 4px 1px 3px;color:#000000;font-style:normal;} .chat.mine {background:rgba(0,0,0,0.05);margin-left:-8px;margin-right:-8px;padding-left:8px;padding-right:8px;} .spoiler {color:#BBBBBB;background:#BBBBBB;padding:0px 3px;} .spoiler:hover, .spoiler:active, .spoiler-shown {color:#000000;background:#E2E2E2;padding:0px 3px;} .spoiler a {color:#BBBBBB;} .spoiler:hover a, .spoiler:active a, .spoiler-shown a {color:#2288CC;} .chat code, .chat .spoiler:hover code, .chat .spoiler:active code, .chat .spoiler-shown code {border:1px solid #C0C0C0;background:#EEEEEE;color:black;padding:0 2px;} .chat .spoiler code {border:1px solid #CCCCCC;background:#CCCCCC;color:#CCCCCC;} .battle-log .rated {padding:3px 4px;} .battle-log .rated strong {color:white;background:#89A;padding:1px 4px;border-radius:4px;} .spacer {margin-top:0.5em;} .message-announce {background:#6688AA;color:white;padding:1px 4px 2px;} .message-announce a, .broadcast-green a, .broadcast-blue a, .broadcast-red a {color:#DDEEFF;} .broadcast-green {background-color:#559955;color:white;padding:2px 4px;} .broadcast-blue {background-color:#6688AA;color:white;padding:2px 4px;} .infobox {border:1px solid #6688AA;padding:2px 4px;} .infobox-limited {max-height:200px;overflow:auto;overflow-x:hidden;} .broadcast-red {background-color:#AA5544;color:white;padding:2px 4px;} .message-learn-canlearn {font-weight:bold;color:#228822;text-decoration:underline;} .message-learn-cannotlearn {font-weight:bold;color:#CC2222;text-decoration:underline;} .message-effect-weak {font-weight:bold;color:#CC2222;} .message-effect-resist {font-weight:bold;color:#6688AA;} .message-effect-immune {font-weight:bold;color:#666666;} .message-learn-list {margin-top:0;margin-bottom:0;} .message-throttle-notice, .message-error {color:#992222;} .message-overflow, .chat small.message-overflow {font-size:0pt;} .message-overflow::before {font-size:9pt;content:'...';} .subtle {color:#3A4A66;}
</style>
<div class="wrapper replay-wrapper" style="max-width:1180px;margin:0 auto">
<input type="hidden" name="replayid" value="pu-573494382" />
<div class="battle"></div><div class="battle-log"></div><div class="replay-controls"></div><div class="replay-controls-2"></div>
<h1 style="font-weight:normal;text-align:center"><strong>PU</strong><br /><a href="http://pokemonshowdown.com/users/ggitsdeebee" class="subtle" target="_blank">GG it's DeeBee</a> vs. <a href="http://pokemonshowdown.com/users/ghastlychamber" class="subtle" target="_blank">GhastlyChamber</a></h1>
<script type="text/plain" class="battle-log-data">|j|GG it's DeeBee
|j|GhastlyChamber
|player|p1|GG it's DeeBee|52
|player|p2|GhastlyChamber|117
|gametype|singles
|gen|6
|tier|PU
|seed|60458,31154,27406,2708
|rule|Sleep Clause Mod: Limit one foe put to sleep
|rule|Species Clause: Limit one of each Pokémon
|rule|OHKO Clause: OHKO moves are banned
|rule|Moody Clause: Moody is banned
|rule|Evasion Moves Clause: Evasion moves are banned
|rule|Endless Battle Clause: Forcing endless battles is banned
|rule|HP Percentage Mod: HP is shown in percentages
|clearpoke
|poke|p1|Simisear, F|item
|poke|p1|Regice|item
|poke|p1|Vibrava, F|item
|poke|p1|Ursaring, F|item
|poke|p1|Cacturne, M|item
|poke|p1|Bronzor|item
|poke|p2|Golem, M|item
|poke|p2|Leafeon, M|item
|poke|p2|Meowstic, M|item
|poke|p2|Heatmor, M|item
|poke|p2|Mawile, F|item
|poke|p2|Rotom-Frost|item
|rule|Swagger Clause: Swagger is banned
|rule|Baton Pass Clause: Limit one Baton Passer, can't pass Spe and other stats simultaneously
|teampreview
|c|☆GG it's DeeBee|u'd like to help me to fix this team
|c|☆GhastlyChamber|sure haha
|c|☆GG it's DeeBee|cuz i built it but i never tested it
|c|☆GG it's DeeBee|xD
|choice|team 6, team 2, team 3, team 4, team 5, team 1|team 6, team 2, team 3, team 4, team 5, team 1
|
|start
|switch|p1a: Bronzor|Bronzor|318\/318
|switch|p2a: Rotom|Rotom-Frost|241\/241
|turn|1
|choice|switch 2|move trick
|
|switch|p1a: Regice|Regice|299\/299
|move|p2a: Rotom|Trick|p1a: Regice
|-activate|p2a: Rotom|move: Trick|[of] p1a: Regice
|-item|p1a: Regice|Choice Scarf|[from] move: Trick
|-item|p2a: Rotom|Life Orb|[from] move: Trick
|
|upkeep
|turn|2
|choice|move focusblast|move voltswitch
|
|move|p2a: Rotom|Volt Switch|p1a: Regice
|-damage|p1a: Regice|229\/299
|-damage|p2a: Rotom|217\/241|[from] item: Life Orb
|choice||switch 3
|
|switch|p2a: Meowstic|Meowstic, M|351\/351
|move|p1a: Regice|Focus Blast|p2a: Meowstic
|-resisted|p2a: Meowstic
|-damage|p2a: Meowstic|299\/351
|
|upkeep
|turn|3
|choice|switch 2|move thunderwave
|
|switch|p1a: Bronzor|Bronzor|318\/318
|move|p2a: Meowstic|Thunder Wave|p1a: Bronzor
|-status|p1a: Bronzor|par
|
|upkeep
|turn|4
|choice|move stealthrock|move sunnyday
|
|move|p2a: Meowstic|Sunny Day|p2a: Meowstic
|-weather|SunnyDay
|move|p1a: Bronzor|Stealth Rock|p2a: Meowstic
|-sidestart|p2: GhastlyChamber|move: Stealth Rock
|
|-weather|SunnyDay|[upkeep]
|upkeep
|turn|5
|choice|switch 6|switch 4
|
|switch|p2a: Heatmor|Heatmor, M|374\/374
|-damage|p2a: Heatmor|281\/374|[from] Stealth Rock
|switch|p1a: Simisear|Simisear, F|289\/289
|
|-weather|SunnyDay|[upkeep]
|upkeep
|turn|6
|choice|move rockslide|move focusblast
|
|move|p1a: Simisear|Rock Slide|p2a: Heatmor|[miss]
|-miss|p1a: Simisear|p2a: Heatmor
|move|p2a: Heatmor|Focus Blast|p1a: Simisear
|-damage|p1a: Simisear|64\/289
|
|-weather|SunnyDay|[upkeep]
|upkeep
|turn|7
|choice|switch 2|switch 6
|
|switch|p1a: Regice|Regice|229\/299
|switch|p2a: Golem|Golem, M|364\/364
|-damage|p2a: Golem|342\/364|[from] Stealth Rock
|
|-weather|SunnyDay|[upkeep]
|upkeep
|turn|8
|choice|move icebeam|switch 4
|
|switch|p2a: Meowstic|Meowstic, M|299\/351
|-damage|p2a: Meowstic|256\/351|[from] Stealth Rock
|move|p1a: Regice|Ice Beam|p2a: Meowstic
|-damage|p2a: Meowstic|136\/351
|
|-weather|SunnyDay|[upkeep]
|upkeep
|turn|9
|choice|switch 6|move psyshock
|
|switch|p1a: Bronzor|Bronzor|318\/318 par
|move|p2a: Meowstic|Psyshock|p1a: Bronzor
|-resisted|p1a: Bronzor
|-damage|p1a: Bronzor|306\/318 par
|
|-weather|SunnyDay|[upkeep]
|upkeep
|turn|10
|choice|move psywave|switch 2
|
|switch|p2a: Leafeon|Leafeon, M|271\/271
|-damage|p2a: Leafeon|238\/271|[from] Stealth Rock
|move|p1a: Bronzor|Psywave|p2a: Leafeon
|-damage|p2a: Leafeon|175\/271
|
|-weather|SunnyDay|[upkeep]
|upkeep
|turn|11
|choice|move psywave|move knockoff
|
|move|p2a: Leafeon|Knock Off|p1a: Bronzor
|-supereffective|p1a: Bronzor
|-damage|p1a: Bronzor|102\/318 par
|-enditem|p1a: Bronzor|Eviolite|[from] move: Knock Off|[of] p2a: Leafeon
|move|p1a: Bronzor|Psywave|p2a: Leafeon
|-damage|p2a: Leafeon|118\/271
|
|-weather|none
|upkeep
|turn|12
|choice|move rest|move knockoff
|
|move|p2a: Leafeon|Knock Off|p1a: Bronzor
|-supereffective|p1a: Bronzor
|-damage|p1a: Bronzor|0 fnt
|faint|p1a: Bronzor
|
|upkeep
|choice|switch 2|
|
|switch|p1a: Simisear|Simisear, F|64\/289
|turn|13
|choice|move overheat|move knockoff
|
|move|p1a: Simisear|Overheat|p2a: Leafeon
|-supereffective|p2a: Leafeon
|-damage|p2a: Leafeon|0 fnt
|-unboost|p1a: Simisear|spa|2
|-damage|p1a: Simisear|36\/289|[from] item: Life Orb
|faint|p2a: Leafeon
|
|upkeep
|choice||switch 4
|
|switch|p2a: Golem|Golem, M|342\/364
|-damage|p2a: Golem|320\/364|[from] Stealth Rock
|turn|14
|choice|move superpower|move stealthrock
|
|move|p1a: Simisear|Superpower|p2a: Golem
|-supereffective|p2a: Golem
|-damage|p2a: Golem|81\/364
|-unboost|p1a: Simisear|atk|1
|-unboost|p1a: Simisear|def|1
|-damage|p1a: Simisear|8\/289|[from] item: Life Orb
|move|p2a: Golem|Stealth Rock|p1a: Simisear
|-sidestart|p1: GG it's DeeBee|move: Stealth Rock
|
|upkeep
|turn|15
|choice|move superpower|move earthquake
|-enditem|p2a: Golem|Custap Berry|[eat]
|-activate|p2a: Golem|item: Custap Berry
|
|move|p2a: Golem|Earthquake|p1a: Simisear
|-supereffective|p1a: Simisear
|-crit|p1a: Simisear
|-damage|p1a: Simisear|0 fnt
|faint|p1a: Simisear
|
|upkeep
|choice|switch 5|
|
|switch|p1a: Cacturne|Cacturne, M|279\/279
|-damage|p1a: Cacturne|245\/279|[from] Stealth Rock
|turn|16
|choice|move suckerpunch|move explosion
|
|move|p1a: Cacturne|Sucker Punch|p2a: Golem
|-damage|p2a: Golem|0 fnt
|-damage|p1a: Cacturne|218\/279|[from] item: Life Orb
|faint|p2a: Golem
|
|upkeep
|choice||switch 3
|
|switch|p2a: Rotom|Rotom-Frost|217\/241
|-damage|p2a: Rotom|157\/241|[from] Stealth Rock
|turn|17
|choice|move suckerpunch|move voltswitch
|
|move|p1a: Cacturne|Sucker Punch|p2a: Rotom
|-damage|p2a: Rotom|32\/241
|-damage|p1a: Cacturne|191\/279|[from] item: Life Orb
|move|p2a: Rotom|Volt Switch|p1a: Cacturne
|-resisted|p1a: Cacturne
|-damage|p1a: Cacturne|82\/279
|-damage|p2a: Rotom|8\/241|[from] item: Life Orb
|choice||switch 5
|
|switch|p2a: Mawile|Mawile, F|304\/304
|-damage|p2a: Mawile|285\/304|[from] Stealth Rock
|-ability|p2a: Mawile|Intimidate|boost
|-unboost|p1a: Cacturne|atk|1
|
|-heal|p2a: Mawile|304\/304|[from] item: Leftovers
|upkeep
|turn|18
|choice|move gigadrain|move toxic
|
|move|p1a: Cacturne|Giga Drain|p2a: Mawile
|-resisted|p2a: Mawile
|-damage|p2a: Mawile|173\/304
|-heal|p1a: Cacturne|148\/279|[from] drain|[of] p2a: Mawile
|-damage|p1a: Cacturne|121\/279|[from] item: Life Orb
|move|p2a: Mawile|Toxic|p1a: Cacturne
|-status|p1a: Cacturne|tox
|
|-heal|p2a: Mawile|192\/304|[from] item: Leftovers
|-damage|p1a: Cacturne|104\/279 tox|[from] psn
|upkeep
|turn|19
|choice|switch 4|move protect
|
|switch|p1a: Ursaring|Ursaring, F|383\/383
|-damage|p1a: Ursaring|336\/383|[from] Stealth Rock
|move|p2a: Mawile|Protect|p2a: Mawile
|-fail|p2a: Mawile
|
|-heal|p1a: Ursaring|359\/383|[from] item: Leftovers
|-heal|p2a: Mawile|211\/304|[from] item: Leftovers
|upkeep
|turn|20
|choice|move bulkup|switch 6
|
|switch|p2a: Heatmor|Heatmor, M|281\/374
|-damage|p2a: Heatmor|188\/374|[from] Stealth Rock
|move|p1a: Ursaring|Bulk Up|p1a: Ursaring
|-boost|p1a: Ursaring|atk|1
|-boost|p1a: Ursaring|def|1
|
|-heal|p1a: Ursaring|382\/383|[from] item: Leftovers
|upkeep
|turn|21
|choice|move return|move focusblast
|
|move|p2a: Heatmor|Focus Blast|p1a: Ursaring
|-supereffective|p1a: Ursaring
|-damage|p1a: Ursaring|82\/383
|move|p1a: Ursaring|Return|p2a: Heatmor
|-crit|p2a: Heatmor
|-damage|p2a: Heatmor|0 fnt
|faint|p2a: Heatmor
|
|-heal|p1a: Ursaring|105\/383|[from] item: Leftovers
|upkeep
|choice||switch 6
|
|switch|p2a: Mawile|Mawile, F|211\/304
|-damage|p2a: Mawile|192\/304|[from] Stealth Rock
|-ability|p2a: Mawile|Intimidate|boost
|-unboost|p1a: Ursaring|atk|1
|turn|22
|choice|move rest|move playrough
|
|move|p1a: Ursaring|Rest|p1a: Ursaring
|-status|p1a: Ursaring|slp
|-heal|p1a: Ursaring|383\/383 slp|[silent]
|-status|p1a: Ursaring|slp|[from] move: Rest
|move|p2a: Mawile|Play Rough|p1a: Ursaring
|-damage|p1a: Ursaring|301\/383 slp
|
|-heal|p1a: Ursaring|324\/383 slp|[from] item: Leftovers
|-heal|p2a: Mawile|211\/304|[from] item: Leftovers
|upkeep
|turn|23
|c|☆GG it's DeeBee|i love this ursaring
|c|☆GhastlyChamber|gg
|c|☆GG it's DeeBee|gg
|c|☆GG it's DeeBee|heatmor is so good
|c|☆GhastlyChamber|it cant hit ghost types lmao
|c|☆GhastlyChamber|yeah
|choice|move sleeptalk|move protect
|
|move|p2a: Mawile|Protect|p2a: Mawile
|-singleturn|p2a: Mawile|Protect
|cant|p1a: Ursaring|slp
|move|p1a: Ursaring|Sleep Talk|p1a: Ursaring
|move|p1a: Ursaring|Return|p2a: Mawile|[from]Sleep Talk
|-activate|p2a: Mawile|move: Protect
|
|-heal|p1a: Ursaring|347\/383 slp|[from] item: Leftovers
|-heal|p2a: Mawile|230\/304|[from] item: Leftovers
|upkeep
|turn|24
|c|☆GG it's DeeBee|it's so damn strong
|c|☆GG it's DeeBee|cuz got an incredible coverage
|c|☆GG it's DeeBee|and it's really fast
|c|☆GhastlyChamber|I used to run toxic orb ursaring swords dance facade
|c|☆GG it's DeeBee|yh
|c|☆GhastlyChamber|quick feet
|c|☆GG it's DeeBee|but this is the spedef one
|c|☆GhastlyChamber|yeah lmao
|c|☆GG it's DeeBee|which setup on defensive mons
|c|☆GG it's DeeBee|with guts
|choice|move sleeptalk|switch 2
|
|switch|p2a: Meowstic|Meowstic, M|136\/351
|-damage|p2a: Meowstic|93\/351|[from] Stealth Rock
|cant|p1a: Ursaring|slp
|move|p1a: Ursaring|Sleep Talk|p1a: Ursaring
|move|p1a: Ursaring|Bulk Up|p1a: Ursaring|[from]Sleep Talk
|-boost|p1a: Ursaring|atk|1
|-boost|p1a: Ursaring|def|1
|
|-heal|p1a: Ursaring|370\/383 slp|[from] item: Leftovers
|upkeep
|turn|25
|choice|move return|move psyshock
|
|move|p2a: Meowstic|Psyshock|p1a: Ursaring
|-damage|p1a: Ursaring|315\/383 slp
|-curestatus|p1a: Ursaring|slp|[msg]
|move|p1a: Ursaring|Return|p2a: Meowstic
|-damage|p2a: Meowstic|0 fnt
|faint|p2a: Meowstic
|
|-heal|p1a: Ursaring|338\/383|[from] item: Leftovers
|upkeep
|choice||switch 2
|
|switch|p2a: Mawile|Mawile, F|230\/304
|-damage|p2a: Mawile|211\/304|[from] Stealth Rock
|-ability|p2a: Mawile|Intimidate|boost
|-unboost|p1a: Ursaring|atk|1
|turn|26
|c|☆GG it's DeeBee|u can setup on audino
|c|☆GG it's DeeBee|and beat the tangdino core
|choice|move bulkup|move toxic
|
|move|p1a: Ursaring|Bulk Up|p1a: Ursaring
|-boost|p1a: Ursaring|atk|1
|-boost|p1a: Ursaring|def|1
|move|p2a: Mawile|Toxic|p1a: Ursaring
|-status|p1a: Ursaring|tox
|
|-heal|p1a: Ursaring|361\/383 tox|[from] item: Leftovers
|-heal|p2a: Mawile|230\/304|[from] item: Leftovers
|-damage|p1a: Ursaring|338\/383 tox|[from] psn
|upkeep
|turn|27
|choice|move bulkup|move playrough
|
|move|p1a: Ursaring|Bulk Up|p1a: Ursaring
|-boost|p1a: Ursaring|atk|1
|-boost|p1a: Ursaring|def|1
|move|p2a: Mawile|Play Rough|p1a: Ursaring
|-damage|p1a: Ursaring|299\/383 tox
|
|-heal|p1a: Ursaring|322\/383 tox|[from] item: Leftovers
|-heal|p2a: Mawile|249\/304|[from] item: Leftovers
|-damage|p1a: Ursaring|276\/383 tox|[from] psn
|upkeep
|turn|28
|c|☆GG it's DeeBee|i loved to uso also
|c|☆GG it's DeeBee|sub sd bouffalnt
|c|☆GG it's DeeBee|which is incredible
|choice|move rest|move painsplit
|
|move|p1a: Ursaring|Rest|p1a: Ursaring
|-status|p1a: Ursaring|slp
|-heal|p1a: Ursaring|383\/383 slp|[silent]
|-status|p1a: Ursaring|slp|[from] move: Rest
|move|p2a: Mawile|Pain Split|p1a: Ursaring
|-sethp|p1a: Ursaring|316\/383 slp|p2a: Mawile|304\/304|[from] move: Pain Split
|
|-heal|p1a: Ursaring|339\/383 slp|[from] item: Leftovers
|upkeep
|turn|29
|choice|move sleeptalk|move playrough
|
|cant|p1a: Ursaring|slp
|move|p1a: Ursaring|Sleep Talk|p1a: Ursaring
|move|p1a: Ursaring|Bulk Up|p1a: Ursaring|[from]Sleep Talk
|-boost|p1a: Ursaring|atk|1
|-boost|p1a: Ursaring|def|1
|move|p2a: Mawile|Play Rough|p1a: Ursaring
|-damage|p1a: Ursaring|306\/383 slp
|
|-heal|p1a: Ursaring|329\/383 slp|[from] item: Leftovers
|upkeep
|turn|30
|c|☆GhastlyChamber|yeah lmao gg
|c|☆GG it's DeeBee|gg buddy
|-message|GhastlyChamber forfeited.
|
|win|GG it's DeeBee
|l|GhastlyChamber</script>
</div>
<div class="battle-log battle-log-inline"><div class="inner"><div class="battle-options"></div><div class="inner"><div class="chat"><small>GG it's DeeBee joined.</small></div><div class="chat"><small>GhastlyChamber joined.</small></div><div class=""><small>Format:</small> <br><strong>PU</strong></div><div class=""><small><em>Sleep Clause Mod:</em> Limit one foe put to sleep</small></div><div class=""><small><em>Species Clause:</em> Limit one of each Pokémon</small></div><div class=""><small><em>OHKO Clause:</em> OHKO moves are banned</small></div><div class=""><small><em>Moody Clause:</em> Moody is banned</small></div><div class=""><small><em>Evasion Moves Clause:</em> Evasion moves are banned</small></div><div class=""><small><em>Endless Battle Clause:</em> Forcing endless battles is banned</small></div><div class=""><small><em>HP Percentage Mod:</em> HP is shown in percentages</small></div><div class=""><small><em>Swagger Clause:</em> Swagger is banned</small></div><div class=""><small><em>Baton Pass Clause:</em> Limit one Baton Passer, can't pass Spe and other stats simultaneously</small></div><div class="chat battle-history"><strong>GG it's DeeBee's team:</strong> <em style="color:#445566;display:block;">Simisear / Regice / Vibrava / Ursaring / Cacturne / Bronzor</em></div><div class="chat battle-history"><strong>GhastlyChamber's team:</strong> <em style="color:#445566;display:block;">Golem / Leafeon / Meowstic / Heatmor / Mawile / Rotom-Frost</em></div><div class="chat chatmessage-ggitsdeebee"><strong style="color:hsl(173,65%,34.666666666666664%)"><small>☆</small><span class="username" data-name="GG it's DeeBee">GG it's DeeBee</span>:</strong> <em>u'd like to help me to fix this team</em></div><div class="chat chatmessage-ghastlychamber"><strong style="color:hsl(69,73%,33.459906677533446%)"><small>☆</small><span class="username" data-name="GhastlyChamber">GhastlyChamber</span>:</strong> <em>sure haha</em></div><div class="chat chatmessage-ggitsdeebee"><strong style="color:hsl(173,65%,34.666666666666664%)"><small>☆</small><span class="username" data-name="GG it's DeeBee">GG it's DeeBee</span>:</strong> <em>cuz i built it but i never tested it</em></div><div class="chat chatmessage-ggitsdeebee"><strong style="color:hsl(173,65%,34.666666666666664%)"><small>☆</small><span class="username" data-name="GG it's DeeBee">GG it's DeeBee</span>:</strong> <em>xD</em></div><div class="spacer battle-history"><br></div><div class="battle-history">Battle started between GG it's DeeBee and GhastlyChamber!<br></div><div class="spacer battle-history"><br></div><div class="battle-history">Go! <strong>Bronzor</strong>!<br></div><div class="spacer battle-history"><br></div><div class="battle-history">GhastlyChamber sent out Rotom (<strong>Rotom-Frost</strong>)!<br></div><div class="spacer battle-history"><br></div><h2 class="battle-history">Turn 1</h2><div class="spacer battle-history"><br></div><div class="battle-history">Bronzor, come back!<br></div><div class="battle-history">Go! <strong>Regice</strong>!<br></div><div class="spacer battle-history"><br></div><div class="battle-history">The opposing Rotom used <strong>Trick</strong>!<br></div><div class="battle-history"><small>The opposing Rotom switched items with its target!</small><br></div><div class="battle-history"><small>Regice obtained one Choice Scarf.</small><br></div><div class="battle-history"><small>The opposing Rotom obtained one Life Orb.</small><br></div><div class="spacer battle-history"><br></div><h2 class="battle-history">Turn 2</h2><div class="spacer battle-history"><br></div><div class="battle-history">The opposing Rotom used <strong>Volt Switch</strong>!<br></div><div class="battle-history"><small>(Regice lost <abbr title="−70/299">23.4%</abbr> of its health!)</small><br></div><div class="battle-history"><small>The opposing Rotom lost some of its HP!</small><br></div><div class="spacer battle-history"><br></div><div class="battle-history">The opposing Rotom went back to GhastlyChamber!<br></div><div class="battle-history">GhastlyChamber sent out <strong>Meowstic</strong>!<br></div><div class="spacer battle-history"><br></div><div class="battle-history">Regice used <strong>Focus Blast</strong>!<br></div><div class="battle-history"><small>It's not very effective...</small><br></div><div class="battle-history"><small>(The opposing Meowstic lost <abbr title="−52/351">14.8%</abbr> of its health!)</small><br></div><div class="spacer battle-history"><br></div><h2 class="battle-history">Turn 3</h2><div class="spacer battle-history"><br></div><div class="battle-history">Regice, come back!<br></div><div class="battle-history">Go! <strong>Bronzor</strong>!<br></div><div class="spacer battle-history"><br></div><div class="battle-history">The opposing Meowstic used <strong>Thunder Wave</strong>!<br></div><div class="battle-history"><small>Bronzor is paralyzed! It may be unable to move!</small><br></div><div class="spacer battle-history"><br></div><h2 class="battle-history">Turn 4</h2><div class="spacer battle-history"><br></div><div class="battle-history">The opposing Meowstic used <strong>Sunny Day</strong>!<br></div><div class="battle-history"><small>The sunlight turned harsh!</small><br></div><div class="spacer battle-history"><br></div><div class="battle-history">Bronzor used <strong>Stealth Rock</strong>!<br></div><div class="battle-history"><small>Pointed stones float in the air around the opposing team!</small><br></div><div class="spacer battle-history"><br></div><div class="battle-history"><small>(The sunlight is strong!)</small><br></div><div class="spacer battle-history"><br></div><h2 class="battle-history">Turn 5</h2><div class="spacer battle-history"><br></div><div class="battle-history">GhastlyChamber withdrew Meowstic!<br></div><div class="battle-history">GhastlyChamber sent out <strong>Heatmor</strong>!<br></div><div class="battle-history"><small>Pointed stones dug into the opposing Heatmor!</small><br></div><div class="spacer battle-history"><br></div><div class="battle-history">Bronzor, come back!<br></div><div class="battle-history">Go! <strong>Simisear</strong>!<br></div><div class="spacer battle-history"><br></div><div class="battle-history"><small>(The sunlight is strong!)</small><br></div><div class="spacer battle-history"><br></div><h2 class="battle-history">Turn 6</h2><div class="spacer battle-history"><br></div><div class="battle-history">Simisear used <strong>Rock Slide</strong>!<br></div><div class="battle-history"><small>The opposing Heatmor avoided the attack!</small><br></div><div class="spacer battle-history"><br></div><div class="battle-history">The opposing Heatmor used <strong>Focus Blast</strong>!<br></div><div class="battle-history"><small>(Simisear lost <abbr title="−225/289">77.9%</abbr> of its health!)</small><br></div><div class="spacer battle-history"><br></div><div class="battle-history"><small>(The sunlight is strong!)</small><br></div><div class="spacer battle-history"><br></div><h2 class="battle-history">Turn 7</h2><div class="spacer battle-history"><br></div><div class="battle-history">Simisear, come back!<br></div><div class="battle-history">Go! <strong>Regice</strong>!<br></div><div class="spacer battle-history"><br></div><div class="battle-history">GhastlyChamber withdrew Heatmor!<br></div><div class="battle-history">GhastlyChamber sent out <strong>Golem</strong>!<br></div><div class="battle-history"><small>Pointed stones dug into the opposing Golem!</small><br></div><div class="spacer battle-history"><br></div><div class="battle-history"><small>(The sunlight is strong!)</small><br></div><div class="spacer battle-history"><br></div><h2 class="battle-history">Turn 8</h2><div class="spacer battle-history"><br></div><div class="battle-history">GhastlyChamber withdrew Golem!<br></div><div class="battle-history">GhastlyChamber sent out <strong>Meowstic</strong>!<br></div><div class="battle-history"><small>Pointed stones dug into the opposing Meowstic!</small><br></div><div class="spacer battle-history"><br></div><div class="battle-history">Regice used <strong>Ice Beam</strong>!<br></div><div class="battle-history"><small>(The opposing Meowstic lost <abbr title="−120/351">34.2%</abbr> of its health!)</small><br></div><div class="spacer battle-history"><br></div><div class="battle-history"><small>(The sunlight is strong!)</small><br></div><div class="spacer battle-history"><br></div><h2 class="battle-history">Turn 9</h2><div class="spacer battle-history"><br></div><div class="battle-history">Regice, come back!<br></div><div class="battle-history">Go! <strong>Bronzor</strong>!<br></div><div class="spacer battle-history"><br></div><div class="battle-history">The opposing Meowstic used <strong>Psyshock</strong>!<br></div><div class="battle-history"><small>It's not very effective...</small><br></div><div class="battle-history"><small>(Bronzor lost <abbr title="−12/318">3.8%</abbr> of its health!)</small><br></div><div class="spacer battle-history"><br></div><div class="battle-history"><small>(The sunlight is strong!)</small><br></div><div class="spacer battle-history"><br></div><h2 class="battle-history">Turn 10</h2><div class="spacer battle-history"><br></div><div class="battle-history">GhastlyChamber withdrew Meowstic!<br></div><div class="battle-history">GhastlyChamber sent out <strong>Leafeon</strong>!<br></div><div class="battle-history"><small>Pointed stones dug into the opposing Leafeon!</small><br></div><div class="spacer battle-history"><br></div><div class="battle-history">Bronzor used <strong>Psywave</strong>!<br></div><div class="battle-history"><small>(The opposing Leafeon lost <abbr title="−63/271">23.2%</abbr> of its health!)</small><br></div><div class="spacer battle-history"><br></div><div class="battle-history"><small>(The sunlight is strong!)</small><br></div><div class="spacer battle-history"><br></div><h2 class="battle-history">Turn 11</h2><div class="spacer battle-history"><br></div><div class="battle-history">The opposing Leafeon used <strong>Knock Off</strong>!<br></div><div class="battle-history"><small>It's super effective!</small><br></div><div class="battle-history"><small>(Bronzor lost <abbr title="−204/318">64.2%</abbr> of its health!)</small><br></div><div class="battle-history"><small>The opposing Leafeon knocked off Bronzor's Eviolite!</small><br></div><div class="spacer battle-history"><br></div><div class="battle-history">Bronzor used <strong>Psywave</strong>!<br></div><div class="battle-history"><small>(The opposing Leafeon lost <abbr title="−57/271">21.0%</abbr> of its health!)</small><br></div><div class="spacer battle-history"><br></div><div class="battle-history"><small>The sunlight faded.</small><br></div><div class="spacer battle-history"><br></div><h2 class="battle-history">Turn 12</h2><div class="spacer battle-history"><br></div><div class="battle-history">The opposing Leafeon used <strong>Knock Off</strong>!<br></div><div class="battle-history"><small>It's super effective!</small><br></div><div class="battle-history"><small>(Bronzor lost <abbr title="−102/318">32.1%</abbr> of its health!)</small><br></div><div class="spacer battle-history"><br></div><div class="battle-history">Bronzor fainted!<br></div><div class="spacer battle-history"><br></div><div class="battle-history">Go! <strong>Simisear</strong>!<br></div><div class="spacer battle-history"><br></div><h2 class="battle-history">Turn 13</h2><div class="spacer battle-history"><br></div><div class="battle-history">Simisear used <strong>Overheat</strong>!<br></div><div class="battle-history"><small>It's super effective!</small><br></div><div class="battle-history"><small>(The opposing Leafeon lost <abbr title="−118/271">43.5%</abbr> of its health!)</small><br></div><div class="battle-history"><small>Simisear's Special Attack fell harshly!</small><br></div><div class="battle-history"><small>Simisear lost some of its HP!</small><br></div><div class="spacer battle-history"><br></div><div class="battle-history">The opposing Leafeon fainted!<br></div><div class="spacer battle-history"><br></div><div class="battle-history">GhastlyChamber sent out <strong>Golem</strong>!<br></div><div class="battle-history"><small>Pointed stones dug into the opposing Golem!</small><br></div><div class="spacer battle-history"><br></div><h2 class="battle-history">Turn 14</h2><div class="spacer battle-history"><br></div><div class="battle-history">Simisear used <strong>Superpower</strong>!<br></div><div class="battle-history"><small>It's super effective!</small><br></div><div class="battle-history"><small>(The opposing Golem lost <abbr title="−239/364">65.7%</abbr> of its health!)</small><br></div><div class="battle-history"><small>Simisear's Attack fell!</small><br></div><div class="battle-history"><small>Simisear's Defense fell!</small><br></div><div class="battle-history"><small>Simisear lost some of its HP!</small><br></div><div class="spacer battle-history"><br></div><div class="battle-history">The opposing Golem used <strong>Stealth Rock</strong>!<br></div><div class="battle-history"><small>Pointed stones float in the air around your team!</small><br></div><div class="spacer battle-history"><br></div><h2 class="battle-history">Turn 15</h2><div class="spacer battle-history"><br></div><div class="battle-history"><small>The opposing Golem ate its Custap Berry!</small><br></div><div class="battle-history"><small>The opposing Golem's Custap Berry let it move first!</small><br></div><div class="spacer battle-history"><br></div><div class="battle-history">The opposing Golem used <strong>Earthquake</strong>!<br></div><div class="battle-history"><small>It's super effective!</small><br></div><div class="battle-history"><small>A critical hit!</small><br></div><div class="battle-history"><small>(Simisear lost <abbr title="−8/289">2.8%</abbr> of its health!)</small><br></div><div class="spacer battle-history"><br></div><div class="battle-history">Simisear fainted!<br></div><div class="spacer battle-history"><br></div><div class="battle-history">Go! <strong>Cacturne</strong>!<br></div><div class="battle-history"><small>Pointed stones dug into Cacturne!</small><br></div><div class="spacer battle-history"><br></div><h2 class="battle-history">Turn 16</h2><div class="spacer battle-history"><br></div><div class="battle-history">Cacturne used <strong>Sucker Punch</strong>!<br></div><div class="battle-history"><small>(The opposing Golem lost <abbr title="−81/364">22.3%</abbr> of its health!)</small><br></div><div class="battle-history"><small>Cacturne lost some of its HP!</small><br></div><div class="spacer battle-history"><br></div><div class="battle-history">The opposing Golem fainted!<br></div><div class="spacer battle-history"><br></div><div class="battle-history">GhastlyChamber sent out Rotom (<strong>Rotom-Frost</strong>)!<br></div><div class="battle-history"><small>Pointed stones dug into the opposing Rotom!</small><br></div><div class="spacer battle-history"><br></div><h2 class="battle-history">Turn 17</h2><div class="spacer battle-history"><br></div><div class="battle-history">Cacturne used <strong>Sucker Punch</strong>!<br></div><div class="battle-history"><small>(The opposing Rotom lost <abbr title="−125/241">51.9%</abbr> of its health!)</small><br></div><div class="battle-history"><small>Cacturne lost some of its HP!</small><br></div><div class="spacer battle-history"><br></div><div class="battle-history">The opposing Rotom used <strong>Volt Switch</strong>!<br></div><div class="battle-history"><small>It's not very effective...</small><br></div><div class="battle-history"><small>(Cacturne lost <abbr title="−109/279">39.1%</abbr> of its health!)</small><br></div><div class="battle-history"><small>The opposing Rotom lost some of its HP!</small><br></div><div class="spacer battle-history"><br></div><div class="battle-history">The opposing Rotom went back to GhastlyChamber!<br></div><div class="battle-history">GhastlyChamber sent out <strong>Mawile</strong>!<br></div><div class="battle-history"><small>Pointed stones dug into the opposing Mawile!</small><br></div><div class="battle-history"><small>[The opposing Mawile's Intimidate]</small><br></div><div class="battle-history"><small>Cacturne's Attack fell!</small><br></div><div class="spacer battle-history"><br></div><div class="battle-history"><small>The opposing Mawile restored a little HP using its Leftovers!</small><br></div><div class="spacer battle-history"><br></div><h2 class="battle-history">Turn 18</h2><div class="spacer battle-history"><br></div><div class="battle-history">Cacturne used <strong>Giga Drain</strong>!<br></div><div class="battle-history"><small>It's not very effective...</small><br></div><div class="battle-history"><small>(The opposing Mawile lost <abbr title="−131/304">43.1%</abbr> of its health!)</small><br></div><div class="battle-history"><small>The opposing Mawile had its energy drained!</small><br></div><div class="battle-history"><small>Cacturne lost some of its HP!</small><br></div><div class="spacer battle-history"><br></div><div class="battle-history">The opposing Mawile used <strong>Toxic</strong>!<br></div><div class="battle-history"><small>Cacturne was badly poisoned!</small><br></div><div class="spacer battle-history"><br></div><div class="battle-history"><small>The opposing Mawile restored a little HP using its Leftovers!</small><br></div><div class="battle-history"><small>Cacturne was hurt by poison!</small><br></div><div class="spacer battle-history"><br></div><h2 class="battle-history">Turn 19</h2><div class="spacer battle-history"><br></div><div class="battle-history">Cacturne, come back!<br></div><div class="battle-history">Go! <strong>Ursaring</strong>!<br></div><div class="battle-history"><small>Pointed stones dug into Ursaring!</small><br></div><div class="spacer battle-history"><br></div><div class="battle-history">The opposing Mawile used <strong>Protect</strong>!<br></div><div class="battle-history"><small>But it failed!</small><br></div><div class="spacer battle-history"><br></div><div class="battle-history"><small>Ursaring restored a little HP using its Leftovers!</small><br></div><div class="battle-history"><small>The opposing Mawile restored a little HP using its Leftovers!</small><br></div><div class="spacer battle-history"><br></div><h2 class="battle-history">Turn 20</h2><div class="spacer battle-history"><br></div><div class="battle-history">GhastlyChamber withdrew Mawile!<br></div><div class="battle-history">GhastlyChamber sent out <strong>Heatmor</strong>!<br></div><div class="battle-history"><small>Pointed stones dug into the opposing Heatmor!</small><br></div><div class="spacer battle-history"><br></div><div class="battle-history">Ursaring used <strong>Bulk Up</strong>!<br></div><div class="battle-history"><small>Ursaring's Attack rose!</small><br></div><div class="battle-history"><small>Ursaring's Defense rose!</small><br></div><div class="spacer battle-history"><br></div><div class="battle-history"><small>Ursaring restored a little HP using its Leftovers!</small><br></div><div class="spacer battle-history"><br></div><h2 class="battle-history">Turn 21</h2><div class="spacer battle-history"><br></div><div class="battle-history">The opposing Heatmor used <strong>Focus Blast</strong>!<br></div><div class="battle-history"><small>It's super effective!</small><br></div><div class="battle-history"><small>(Ursaring lost <abbr title="−300/383">78.3%</abbr> of its health!)</small><br></div><div class="spacer battle-history"><br></div><div class="battle-history">Ursaring used <strong>Return</strong>!<br></div><div class="battle-history"><small>A critical hit!</small><br></div><div class="battle-history"><small>(The opposing Heatmor lost <abbr title="−188/374">50.3%</abbr> of its health!)</small><br></div><div class="spacer battle-history"><br></div><div class="battle-history">The opposing Heatmor fainted!<br></div><div class="spacer battle-history"><br></div><div class="battle-history"><small>Ursaring restored a little HP using its Leftovers!</small><br></div><div class="spacer battle-history"><br></div><div class="battle-history">GhastlyChamber sent out <strong>Mawile</strong>!<br></div><div class="battle-history"><small>Pointed stones dug into the opposing Mawile!</small><br></div><div class="battle-history"><small>[The opposing Mawile's Intimidate]</small><br></div><div class="battle-history"><small>Ursaring's Attack fell!</small><br></div><div class="spacer battle-history"><br></div><h2 class="battle-history">Turn 22</h2><div class="spacer battle-history"><br></div><div class="battle-history">Ursaring used <strong>Rest</strong>!<br></div><div class="battle-history"><small>Ursaring fell asleep!</small><br></div><div class="battle-history"><small>Ursaring slept and became healthy!</small><br></div><div class="spacer battle-history"><br></div><div class="battle-history">The opposing Mawile used <strong>Play Rough</strong>!<br></div><div class="battle-history"><small>(Ursaring lost <abbr title="−82/383">21.4%</abbr> of its health!)</small><br></div><div class="spacer battle-history"><br></div><div class="battle-history"><small>Ursaring restored a little HP using its Leftovers!</small><br></div><div class="battle-history"><small>The opposing Mawile restored a little HP using its Leftovers!</small><br></div><div class="spacer battle-history"><br></div><h2 class="battle-history">Turn 23</h2><div class="chat chatmessage-ggitsdeebee"><strong style="color:hsl(173,65%,34.666666666666664%)"><small>☆</small><span class="username" data-name="GG it's DeeBee">GG it's DeeBee</span>:</strong> <em>i love this ursaring</em></div><div class="chat chatmessage-ghastlychamber"><strong style="color:hsl(69,73%,33.459906677533446%)"><small>☆</small><span class="username" data-name="GhastlyChamber">GhastlyChamber</span>:</strong> <em>gg</em></div><div class="chat chatmessage-ggitsdeebee"><strong style="color:hsl(173,65%,34.666666666666664%)"><small>☆</small><span class="username" data-name="GG it's DeeBee">GG it's DeeBee</span>:</strong> <em>gg</em></div><div class="chat chatmessage-ggitsdeebee"><strong style="color:hsl(173,65%,34.666666666666664%)"><small>☆</small><span class="username" data-name="GG it's DeeBee">GG it's DeeBee</span>:</strong> <em>heatmor is so good</em></div><div class="chat chatmessage-ghastlychamber"><strong style="color:hsl(69,73%,33.459906677533446%)"><small>☆</small><span class="username" data-name="GhastlyChamber">GhastlyChamber</span>:</strong> <em>it cant hit ghost types lmao</em></div><div class="chat chatmessage-ghastlychamber"><strong style="color:hsl(69,73%,33.459906677533446%)"><small>☆</small><span class="username" data-name="GhastlyChamber">GhastlyChamber</span>:</strong> <em>yeah</em></div><div class="spacer battle-history"><br></div><div class="battle-history">The opposing Mawile used <strong>Protect</strong>!<br></div><div class="battle-history"><small>The opposing Mawile protected itself!</small><br></div><div class="spacer battle-history"><br></div><div class="battle-history">Ursaring is fast asleep.<br></div><div class="spacer battle-history"><br></div><div class="battle-history">Ursaring used <strong>Sleep Talk</strong>!<br></div><div class="spacer battle-history"><br></div><div class="battle-history">Ursaring used <strong>Return</strong>!<br></div><div class="battle-history"><small>The opposing Mawile protected itself!</small><br></div><div class="spacer battle-history"><br></div><div class="battle-history"><small>Ursaring restored a little HP using its Leftovers!</small><br></div><div class="battle-history"><small>The opposing Mawile restored a little HP using its Leftovers!</small><br></div><div class="spacer battle-history"><br></div><h2 class="battle-history">Turn 24</h2><div class="chat chatmessage-ggitsdeebee"><strong style="color:hsl(173,65%,34.666666666666664%)"><small>☆</small><span class="username" data-name="GG it's DeeBee">GG it's DeeBee</span>:</strong> <em>it's so damn strong</em></div><div class="chat chatmessage-ggitsdeebee"><strong style="color:hsl(173,65%,34.666666666666664%)"><small>☆</small><span class="username" data-name="GG it's DeeBee">GG it's DeeBee</span>:</strong> <em>cuz got an incredible coverage</em></div><div class="chat chatmessage-ggitsdeebee"><strong style="color:hsl(173,65%,34.666666666666664%)"><small>☆</small><span class="username" data-name="GG it's DeeBee">GG it's DeeBee</span>:</strong> <em>and it's really fast</em></div><div class="chat chatmessage-ghastlychamber"><strong style="color:hsl(69,73%,33.459906677533446%)"><small>☆</small><span class="username" data-name="GhastlyChamber">GhastlyChamber</span>:</strong> <em>I used to run toxic orb ursaring swords dance facade</em></div><div class="chat chatmessage-ggitsdeebee"><strong style="color:hsl(173,65%,34.666666666666664%)"><small>☆</small><span class="username" data-name="GG it's DeeBee">GG it's DeeBee</span>:</strong> <em>yh</em></div><div class="chat chatmessage-ghastlychamber"><strong style="color:hsl(69,73%,33.459906677533446%)"><small>☆</small><span class="username" data-name="GhastlyChamber">GhastlyChamber</span>:</strong> <em>quick feet</em></div><div class="chat chatmessage-ggitsdeebee"><strong style="color:hsl(173,65%,34.666666666666664%)"><small>☆</small><span class="username" data-name="GG it's DeeBee">GG it's DeeBee</span>:</strong> <em>but this is the spedef one</em></div><div class="chat chatmessage-ghastlychamber"><strong style="color:hsl(69,73%,33.459906677533446%)"><small>☆</small><span class="username" data-name="GhastlyChamber">GhastlyChamber</span>:</strong> <em>yeah lmao</em></div><div class="chat chatmessage-ggitsdeebee"><strong style="color:hsl(173,65%,34.666666666666664%)"><small>☆</small><span class="username" data-name="GG it's DeeBee">GG it's DeeBee</span>:</strong> <em>which setup on defensive mons</em></div><div class="chat chatmessage-ggitsdeebee"><strong style="color:hsl(173,65%,34.666666666666664%)"><small>☆</small><span class="username" data-name="GG it's DeeBee">GG it's DeeBee</span>:</strong> <em>with guts</em></div><div class="spacer battle-history"><br></div><div class="battle-history">GhastlyChamber withdrew Mawile!<br></div><div class="battle-history">GhastlyChamber sent out <strong>Meowstic</strong>!<br></div><div class="battle-history"><small>Pointed stones dug into the opposing Meowstic!</small><br></div><div class="spacer battle-history"><br></div><div class="battle-history">Ursaring is fast asleep.<br></div><div class="spacer battle-history"><br></div><div class="battle-history">Ursaring used <strong>Sleep Talk</strong>!<br></div><div class="spacer battle-history"><br></div><div class="battle-history">Ursaring used <strong>Bulk Up</strong>!<br></div><div class="battle-history"><small>Ursaring's Attack rose!</small><br></div><div class="battle-history"><small>Ursaring's Defense rose!</small><br></div><div class="spacer battle-history"><br></div><div class="battle-history"><small>Ursaring restored a little HP using its Leftovers!</small><br></div><div class="spacer battle-history"><br></div><h2 class="battle-history">Turn 25</h2><div class="spacer battle-history"><br></div><div class="battle-history">The opposing Meowstic used <strong>Psyshock</strong>!<br></div><div class="battle-history"><small>(Ursaring lost <abbr title="−55/383">14.4%</abbr> of its health!)</small><br></div><div class="battle-history"><small>Ursaring woke up!</small><br></div><div class="spacer battle-history"><br></div><div class="battle-history">Ursaring used <strong>Return</strong>!<br></div><div class="battle-history"><small>(The opposing Meowstic lost <abbr title="−93/351">26.5%</abbr> of its health!)</small><br></div><div class="spacer battle-history"><br></div><div class="battle-history">The opposing Meowstic fainted!<br></div><div class="spacer battle-history"><br></div><div class="battle-history"><small>Ursaring restored a little HP using its Leftovers!</small><br></div><div class="spacer battle-history"><br></div><div class="battle-history">GhastlyChamber sent out <strong>Mawile</strong>!<br></div><div class="battle-history"><small>Pointed stones dug into the opposing Mawile!</small><br></div><div class="battle-history"><small>[The opposing Mawile's Intimidate]</small><br></div><div class="battle-history"><small>Ursaring's Attack fell!</small><br></div><div class="spacer battle-history"><br></div><h2 class="battle-history">Turn 26</h2><div class="chat chatmessage-ggitsdeebee"><strong style="color:hsl(173,65%,34.666666666666664%)"><small>☆</small><span class="username" data-name="GG it's DeeBee">GG it's DeeBee</span>:</strong> <em>u can setup on audino</em></div><div class="chat chatmessage-ggitsdeebee"><strong style="color:hsl(173,65%,34.666666666666664%)"><small>☆</small><span class="username" data-name="GG it's DeeBee">GG it's DeeBee</span>:</strong> <em>and beat the tangdino core</em></div><div class="spacer battle-history"><br></div><div class="battle-history">Ursaring used <strong>Bulk Up</strong>!<br></div><div class="battle-history"><small>Ursaring's Attack rose!</small><br></div><div class="battle-history"><small>Ursaring's Defense rose!</small><br></div><div class="spacer battle-history"><br></div><div class="battle-history">The opposing Mawile used <strong>Toxic</strong>!<br></div><div class="battle-history"><small>Ursaring was badly poisoned!</small><br></div><div class="spacer battle-history"><br></div><div class="battle-history"><small>Ursaring restored a little HP using its Leftovers!</small><br></div><div class="battle-history"><small>The opposing Mawile restored a little HP using its Leftovers!</small><br></div><div class="battle-history"><small>Ursaring was hurt by poison!</small><br></div><div class="spacer battle-history"><br></div><h2 class="battle-history">Turn 27</h2><div class="spacer battle-history"><br></div><div class="battle-history">Ursaring used <strong>Bulk Up</strong>!<br></div><div class="battle-history"><small>Ursaring's Attack rose!</small><br></div><div class="battle-history"><small>Ursaring's Defense rose!</small><br></div><div class="spacer battle-history"><br></div><div class="battle-history">The opposing Mawile used <strong>Play Rough</strong>!<br></div><div class="battle-history"><small>(Ursaring lost <abbr title="−39/383">10.2%</abbr> of its health!)</small><br></div><div class="spacer battle-history"><br></div><div class="battle-history"><small>Ursaring restored a little HP using its Leftovers!</small><br></div><div class="battle-history"><small>The opposing Mawile restored a little HP using its Leftovers!</small><br></div><div class="battle-history"><small>Ursaring was hurt by poison!</small><br></div><div class="spacer battle-history"><br></div><h2 class="battle-history">Turn 28</h2><div class="chat chatmessage-ggitsdeebee"><strong style="color:hsl(173,65%,34.666666666666664%)"><small>☆</small><span class="username" data-name="GG it's DeeBee">GG it's DeeBee</span>:</strong> <em>i loved to uso also</em></div><div class="chat chatmessage-ggitsdeebee"><strong style="color:hsl(173,65%,34.666666666666664%)"><small>☆</small><span class="username" data-name="GG it's DeeBee">GG it's DeeBee</span>:</strong> <em>sub sd bouffalnt</em></div><div class="chat chatmessage-ggitsdeebee"><strong style="color:hsl(173,65%,34.666666666666664%)"><small>☆</small><span class="username" data-name="GG it's DeeBee">GG it's DeeBee</span>:</strong> <em>which is incredible</em></div><div class="spacer battle-history"><br></div><div class="battle-history">Ursaring used <strong>Rest</strong>!<br></div><div class="battle-history"><small>Ursaring fell asleep!</small><br></div><div class="battle-history"><small>Ursaring slept and became healthy!</small><br></div><div class="spacer battle-history"><br></div><div class="battle-history">The opposing Mawile used <strong>Pain Split</strong>!<br></div><div class="battle-history"><small>The battlers shared their pain!</small><br></div><div class="spacer battle-history"><br></div><div class="battle-history"><small>Ursaring restored a little HP using its Leftovers!</small><br></div><div class="spacer battle-history"><br></div><h2 class="battle-history">Turn 29</h2><div class="spacer battle-history"><br></div><div class="battle-history">Ursaring is fast asleep.<br></div><div class="spacer battle-history"><br></div><div class="battle-history">Ursaring used <strong>Sleep Talk</strong>!<br></div><div class="spacer battle-history"><br></div><div class="battle-history">Ursaring used <strong>Bulk Up</strong>!<br></div><div class="battle-history"><small>Ursaring's Attack rose!</small><br></div><div class="battle-history"><small>Ursaring's Defense rose!</small><br></div><div class="spacer battle-history"><br></div><div class="battle-history">The opposing Mawile used <strong>Play Rough</strong>!<br></div><div class="battle-history"><small>(Ursaring lost <abbr title="−33/383">8.6%</abbr> of its health!)</small><br></div><div class="spacer battle-history"><br></div><div class="battle-history"><small>Ursaring restored a little HP using its Leftovers!</small><br></div><div class="spacer battle-history"><br></div><h2 class="battle-history">Turn 30</h2><div class="chat chatmessage-ghastlychamber"><strong style="color:hsl(69,73%,33.459906677533446%)"><small>☆</small><span class="username" data-name="GhastlyChamber">GhastlyChamber</span>:</strong> <em>yeah lmao gg</em></div><div class="chat chatmessage-ggitsdeebee"><strong style="color:hsl(173,65%,34.666666666666664%)"><small>☆</small><span class="username" data-name="GG it's DeeBee">GG it's DeeBee</span>:</strong> <em>gg buddy</em></div><div class="spacer battle-history"><br></div><div class="battle-history"><small>GhastlyChamber forfeited.</small><br></div><div class="spacer battle-history"><br></div><div class="battle-history"><strong>GG it's DeeBee</strong> won the battle!<br></div><div class="chat"><small>GhastlyChamber left.</small></div></div><div class="inner-preempt"></div></div></div>
</div>
<script>
let daily = Math.floor(Date.now()/1000/60/60/24);document.write('<script src="https://play.pokemonshowdown.com/js/replay-embed.js?version'+daily+'"></'+'script>');
</script>
