<!DOCTYPE html>
<meta charset="utf-8" />
<!-- version 1 -->
<title>PU replay: quagstesting vs. LinkCode</title>
<style>
html,body {font-family:Verdana, sans-serif;font-size:10pt;margin:0;padding:0;}body{padding:12px 0;} .battle-log {font-family:Verdana, sans-serif;font-size:10pt;} .battle-log-inline {border:1px solid #AAAAAA;background:#EEF2F5;color:black;max-width:640px;margin:0 auto 80px;padding-bottom:5px;} .battle-log .inner {padding:4px 8px 0px 8px;} .battle-log .inner-preempt {padding:0 8px 4px 8px;} .battle-log .inner-after {margin-top:0.5em;} .battle-log h2 {margin:0.5em -8px;padding:4px 8px;border:1px solid #AAAAAA;background:#E0E7EA;border-left:0;border-right:0;font-family:Verdana, sans-serif;font-size:13pt;} .battle-log .chat {vertical-align:middle;padding:3px 0 3px 0;font-size:8pt;} .battle-log .chat strong {color:#40576A;} .battle-log .chat em {padding:1px 4px 1px 3px;color:#000000;font-style:normal;} .chat.mine {background:rgba(0,0,0,0.05);margin-left:-8px;margin-right:-8px;padding-left:8px;padding-right:8px;} .spoiler {color:#BBBBBB;background:#BBBBBB;padding:0px 3px;} .spoiler:hover, .spoiler:active, .spoiler-shown {color:#000000;background:#E2E2E2;padding:0px 3px;} .spoiler a {color:#BBBBBB;} .spoiler:hover a, .spoiler:active a, .spoiler-shown a {color:#2288CC;} .chat code, .chat .spoiler:hover code, .chat .spoiler:active code, .chat .spoiler-shown code {border:1px solid #C0C0C0;background:#EEEEEE;color:black;padding:0 2px;} .chat .spoiler code {border:1px solid #CCCCCC;background:#CCCCCC;color:#CCCCCC;} .battle-log .rated {padding:3px 4px;} .battle-log .rated strong {color:white;background:#89A;padding:1px 4px;border-radius:4px;} .spacer {margin-top:0.5em;} .message-announce {background:#6688AA;color:white;padding:1px 4px 2px;} .message-announce a, .broadcast-green a, .broadcast-blue a, .broadcast-red a {color:#DDEEFF;} .broadcast-green {background-color:#559955;color:white;padding:2px 4px;} .broadcast-blue {background-color:#6688AA;color:white;padding:2px 4px;} .infobox {border:1px solid #6688AA;padding:2px 4px;} .infobox-limited {max-height:200px;overflow:auto;overflow-x:hidden;} .broadcast-red {background-color:#AA5544;color:white;padding:2px 4px;} .message-learn-canlearn {font-weight:bold;color:#228822;text-decoration:underline;} .message-learn-cannotlearn {font-weight:bold;color:#CC2222;text-decoration:underline;} .message-effect-weak {font-weight:bold;color:#CC2222;} .message-effect-resist {font-weight:bold;color:#6688AA;} .message-effect-immune {font-weight:bold;color:#666666;} .message-learn-list {margin-top:0;margin-bottom:0;} .message-throttle-notice, .message-error {color:#992222;} .message-overflow, .chat small.message-overflow {font-size:0pt;} .message-overflow::before {font-size:9pt;content:'...';} .subtle {color:#3A4A66;}
</style>
<div class="wrapper replay-wrapper" style="max-width:1180px;margin:0 auto">
<input type="hidden" name="replayid" value="pu-560878685" />
<div class="battle"></div><div class="battle-log"></div><div class="replay-controls"></div><div class="replay-controls-2"></div>
<h1 style="font-weight:normal;text-align:center"><strong>PU</strong><br /><a href="http://pokemonshowdown.com/users/quagstesting" class="subtle" target="_blank">quagstesting</a> vs. <a href="http://pokemonshowdown.com/users/linkcode" class="subtle" target="_blank">LinkCode</a></h1>
<script type="text/plain" class="battle-log-data">|j|quagstesting
|j|LinkCode
|player|p1|quagstesting|56
|player|p2|LinkCode|258
|gametype|singles
|gen|6
|tier|PU
|rated
|seed|4264,6208,37795,22238
|rule|Sleep Clause Mod: Limit one foe put to sleep
|rule|Species Clause: Limit one of each Pokémon
|rule|OHKO Clause: OHKO moves are banned
|rule|Moody Clause: Moody is banned
|rule|Evasion Moves Clause: Evasion moves are banned
|rule|Endless Battle Clause: Forcing endless battles is banned
|rule|HP Percentage Mod: HP is shown in percentages
|clearpoke
|poke|p1|Combusken, M|item
|poke|p1|Metang|item
|poke|p1|Pelipper, F|item
|poke|p1|Muk, F|item
|poke|p1|Leafeon, F|item
|poke|p1|Stoutland, M|item
|poke|p2|Meowstic, M|item
|poke|p2|Clefairy, F|
|rule|Swagger Clause: Swagger is banned
|rule|Baton Pass Clause: Limit one Baton Passer, can't pass Spe and other stats simultaneously
|teampreview
|c|☆quagstesting|hf
|choice|team 6, team 2, team 3, team 4, team 5, team 1|team 1, team 2
|
|start
|switch|p1a: Stoutland|Stoutland, M|311\/311
|switch|p2a: Meowstic|Meowstic, M|351\/351
|turn|1
|c|☆LinkCode|We're not here to have fun.
|choice|move frustration|move barrier
|
|move|p2a: Meowstic|Barrier|p2a: Meowstic
|-boost|p2a: Meowstic|def|2
|move|p1a: Stoutland|Frustration|p2a: Meowstic
|-damage|p2a: Meowstic|230\/351
|
|-heal|p2a: Meowstic|251\/351|[from] item: Leftovers
|upkeep
|turn|2
|c|☆quagstesting|lul
|choice|move frustration|move barrier
|
|move|p2a: Meowstic|Barrier|p2a: Meowstic
|-boost|p2a: Meowstic|def|2
|move|p1a: Stoutland|Frustration|p2a: Meowstic
|-damage|p2a: Meowstic|172\/351
|
|-heal|p2a: Meowstic|193\/351|[from] item: Leftovers
|upkeep
|turn|3
|choice|move frustration|move substitute
|
|move|p2a: Meowstic|Substitute|p2a: Meowstic
|-start|p2a: Meowstic|Substitute
|-damage|p2a: Meowstic|106\/351
|move|p1a: Stoutland|Frustration|p2a: Meowstic
|-activate|p2a: Meowstic|move: Substitute|[damage]
|
|-heal|p2a: Meowstic|127\/351|[from] item: Leftovers
|upkeep
|turn|4
|choice|move frustration|move calmmind
|
|move|p2a: Meowstic|Calm Mind|p2a: Meowstic
|-boost|p2a: Meowstic|spa|1
|-boost|p2a: Meowstic|spd|1
|move|p1a: Stoutland|Frustration|p2a: Meowstic
|-end|p2a: Meowstic|Substitute
|
|-heal|p2a: Meowstic|148\/351|[from] item: Leftovers
|upkeep
|turn|5
|choice|move frustration|move substitute
|
|move|p2a: Meowstic|Substitute|p2a: Meowstic
|-start|p2a: Meowstic|Substitute
|-damage|p2a: Meowstic|61\/351
|move|p1a: Stoutland|Frustration|p2a: Meowstic
|-activate|p2a: Meowstic|move: Substitute|[damage]
|
|-heal|p2a: Meowstic|82\/351|[from] item: Leftovers
|upkeep
|turn|6
|choice|move frustration|move barrier
|
|move|p2a: Meowstic|Barrier|p2a: Meowstic
|-boost|p2a: Meowstic|def|2
|move|p1a: Stoutland|Frustration|p2a: Meowstic
|-end|p2a: Meowstic|Substitute
|
|-heal|p2a: Meowstic|103\/351|[from] item: Leftovers
|upkeep
|turn|7
|choice|move frustration|move substitute
|
|move|p2a: Meowstic|Substitute|p2a: Meowstic
|-start|p2a: Meowstic|Substitute
|-damage|p2a: Meowstic|16\/351
|move|p1a: Stoutland|Frustration|p2a: Meowstic
|-activate|p2a: Meowstic|move: Substitute|[damage]
|
|-heal|p2a: Meowstic|37\/351|[from] item: Leftovers
|upkeep
|turn|8
|choice|move frustration|move calmmind
|
|move|p2a: Meowstic|Calm Mind|p2a: Meowstic
|-boost|p2a: Meowstic|spa|1
|-boost|p2a: Meowstic|spd|1
|move|p1a: Stoutland|Frustration|p2a: Meowstic
|-end|p2a: Meowstic|Substitute
|
|-heal|p2a: Meowstic|58\/351|[from] item: Leftovers
|upkeep
|turn|9
|choice|move frustration|move assist
|
|move|p2a: Meowstic|Assist|p2a: Meowstic
|move|p2a: Meowstic|Stored Power|p1a: Stoutland|[from]Assist
|-damage|p1a: Stoutland|0 fnt
|faint|p1a: Stoutland
|
|-heal|p2a: Meowstic|79\/351|[from] item: Leftovers
|upkeep
|choice|switch 2|
|
|switch|p1a: Metang|Metang|321\/321
|turn|10
|choice|move meteormash|move assist
|
|move|p2a: Meowstic|Assist|p2a: Meowstic
|move|p2a: Meowstic|Moonblast|p1a: Metang|[from]Assist
|-resisted|p1a: Metang
|-damage|p1a: Metang|267\/321
|move|p1a: Metang|Meteor Mash|p2a: Meowstic
|-damage|p2a: Meowstic|51\/351
|
|-heal|p2a: Meowstic|72\/351|[from] item: Leftovers
|upkeep
|turn|11
|choice|move meteormash|move assist
|
|move|p2a: Meowstic|Assist|p2a: Meowstic
|move|p2a: Meowstic|Stored Power|p1a: Metang|[from]Assist
|-resisted|p1a: Metang
|-damage|p1a: Metang|179\/321
|move|p1a: Metang|Meteor Mash|p2a: Meowstic
|-damage|p2a: Meowstic|45\/351
|
|-heal|p2a: Meowstic|66\/351|[from] item: Leftovers
|upkeep
|turn|12
|choice|move meteormash|move calmmind
|
|move|p2a: Meowstic|Calm Mind|p2a: Meowstic
|-boost|p2a: Meowstic|spa|1
|-boost|p2a: Meowstic|spd|1
|move|p1a: Metang|Meteor Mash|p2a: Meowstic
|-damage|p2a: Meowstic|39\/351
|
|-heal|p2a: Meowstic|60\/351|[from] item: Leftovers
|upkeep
|turn|13
|choice|move meteormash|move calmmind
|
|move|p2a: Meowstic|Calm Mind|p2a: Meowstic
|-boost|p2a: Meowstic|spa|1
|-boost|p2a: Meowstic|spd|1
|move|p1a: Metang|Meteor Mash|p2a: Meowstic
|-damage|p2a: Meowstic|33\/351
|
|-heal|p2a: Meowstic|54\/351|[from] item: Leftovers
|upkeep
|turn|14
|choice|move meteormash|move assist
|
|move|p2a: Meowstic|Assist|p2a: Meowstic
|move|p2a: Meowstic|Stored Power|p1a: Metang|[from]Assist
|-resisted|p1a: Metang
|-damage|p1a: Metang|2\/321
|move|p1a: Metang|Meteor Mash|p2a: Meowstic|[miss]
|-miss|p1a: Metang|p2a: Meowstic
|
|-heal|p2a: Meowstic|75\/351|[from] item: Leftovers
|upkeep
|turn|15
|c|☆quagstesting|im embarrased
|c|☆quagstesting|lmao
|-message|quagstesting forfeited.
|
|win|LinkCode
|l|quagstesting
|raw|quagstesting's rating: 1301 &rarr; <strong>1270<\/strong><br \/>(-31 for losing)
|raw|LinkCode's rating: 1083 &rarr; <strong>1126<\/strong><br \/>(+43 for winning)
|j|Elira
|l|Elira
|j|Elira
|l|Elira</script>
</div>
<div class="battle-log battle-log-inline"><div class="inner"><div class="battle-options"></div><div class="inner"><div class="chat"><small>quagstesting joined.</small></div><div class="chat"><small>LinkCode joined.</small></div><div class=""><small>Format:</small> <br><strong>PU</strong></div><div class="rated"><strong>Rated battle</strong></div><div class=""><small><em>Sleep Clause Mod:</em> Limit one foe put to sleep</small></div><div class=""><small><em>Species Clause:</em> Limit one of each Pokémon</small></div><div class=""><small><em>OHKO Clause:</em> OHKO moves are banned</small></div><div class=""><small><em>Moody Clause:</em> Moody is banned</small></div><div class=""><small><em>Evasion Moves Clause:</em> Evasion moves are banned</small></div><div class=""><small><em>Endless Battle Clause:</em> Forcing endless battles is banned</small></div><div class=""><small><em>HP Percentage Mod:</em> HP is shown in percentages</small></div><div class=""><small><em>Swagger Clause:</em> Swagger is banned</small></div><div class=""><small><em>Baton Pass Clause:</em> Limit one Baton Passer, can't pass Spe and other stats simultaneously</small></div><div class="chat battle-history"><strong>quagstesting's team:</strong> <em style="color:#445566;display:block;">Combusken / Metang / Pelipper / Muk / Leafeon / Stoutland</em></div><div class="chat battle-history"><strong>LinkCode's team:</strong> <em style="color:#445566;display:block;">Meowstic / Clefairy</em></div><div class="chat chatmessage-quagstesting"><strong style="color:hsl(294,83%,43.788983944898206%)"><small>☆</small><span class="username" data-name="quagstesting">quagstesting</span>:</strong> <em>hf</em></div><div class="spacer battle-history"><br></div><div class="battle-history">Battle started between quagstesting and LinkCode!<br></div><div class="spacer battle-history"><br></div><div class="battle-history">Go! <strong>Stoutland</strong>!<br></div><div class="spacer battle-history"><br></div><div class="battle-history">LinkCode sent out <strong>Meowstic</strong>!<br></div><div class="spacer battle-history"><br></div><h2 class="battle-history">Turn 1</h2><div class="chat chatmessage-linkcode"><strong style="color:hsl(212,67%,46.780258955716256%)"><small>☆</small><span class="username" data-name="LinkCode">LinkCode</span>:</strong> <em>We're not here to have fun.</em></div><div class="spacer battle-history"><br></div><div class="battle-history">The opposing Meowstic used <strong>Barrier</strong>!<br></div><div class="battle-history"><small>The opposing Meowstic's Defense rose sharply!</small><br></div><div class="spacer battle-history"><br></div><div class="battle-history">Stoutland used <strong>Frustration</strong>!<br></div><div class="battle-history"><small>(The opposing Meowstic lost <abbr title="−121/351">34.5%</abbr> of its health!)</small><br></div><div class="spacer battle-history"><br></div><div class="battle-history"><small>The opposing Meowstic restored a little HP using its Leftovers!</small><br></div><div class="spacer battle-history"><br></div><h2 class="battle-history">Turn 2</h2><div class="chat chatmessage-quagstesting"><strong style="color:hsl(294,83%,43.788983944898206%)"><small>☆</small><span class="username" data-name="quagstesting">quagstesting</span>:</strong> <em>lul</em></div><div class="spacer battle-history"><br></div><div class="battle-history">The opposing Meowstic used <strong>Barrier</strong>!<br></div><div class="battle-history"><small>The opposing Meowstic's Defense rose sharply!</small><br></div><div class="spacer battle-history"><br></div><div class="battle-history">Stoutland used <strong>Frustration</strong>!<br></div><div class="battle-history"><small>(The opposing Meowstic lost <abbr title="−79/351">22.5%</abbr> of its health!)</small><br></div><div class="spacer battle-history"><br></div><div class="battle-history"><small>The opposing Meowstic restored a little HP using its Leftovers!</small><br></div><div class="spacer battle-history"><br></div><h2 class="battle-history">Turn 3</h2><div class="spacer battle-history"><br></div><div class="battle-history">The opposing Meowstic used <strong>Substitute</strong>!<br></div><div class="battle-history"><small>The opposing Meowstic put in a substitute!</small><br></div><div class="battle-history"><small>(The opposing Meowstic lost <abbr title="−87/351">24.8%</abbr> of its health!)</small><br></div><div class="spacer battle-history"><br></div><div class="battle-history">Stoutland used <strong>Frustration</strong>!<br></div><div class="battle-history"><small>The substitute took damage for the opposing Meowstic!</small><br></div><div class="spacer battle-history"><br></div><div class="battle-history"><small>The opposing Meowstic restored a little HP using its Leftovers!</small><br></div><div class="spacer battle-history"><br></div><h2 class="battle-history">Turn 4</h2><div class="spacer battle-history"><br></div><div class="battle-history">The opposing Meowstic used <strong>Calm Mind</strong>!<br></div><div class="battle-history"><small>The opposing Meowstic's Special Attack rose!</small><br></div><div class="battle-history"><small>The opposing Meowstic's Special Defense rose!</small><br></div><div class="spacer battle-history"><br></div><div class="battle-history">Stoutland used <strong>Frustration</strong>!<br></div><div class="battle-history"><small>The opposing Meowstic's substitute faded!</small><br></div><div class="spacer battle-history"><br></div><div class="battle-history"><small>The opposing Meowstic restored a little HP using its Leftovers!</small><br></div><div class="spacer battle-history"><br></div><h2 class="battle-history">Turn 5</h2><div class="spacer battle-history"><br></div><div class="battle-history">The opposing Meowstic used <strong>Substitute</strong>!<br></div><div class="battle-history"><small>The opposing Meowstic put in a substitute!</small><br></div><div class="battle-history"><small>(The opposing Meowstic lost <abbr title="−87/351">24.8%</abbr> of its health!)</small><br></div><div class="spacer battle-history"><br></div><div class="battle-history">Stoutland used <strong>Frustration</strong>!<br></div><div class="battle-history"><small>The substitute took damage for the opposing Meowstic!</small><br></div><div class="spacer battle-history"><br></div><div class="battle-history"><small>The opposing Meowstic restored a little HP using its Leftovers!</small><br></div><div class="spacer battle-history"><br></div><h2 class="battle-history">Turn 6</h2><div class="spacer battle-history"><br></div><div class="battle-history">The opposing Meowstic used <strong>Barrier</strong>!<br></div><div class="battle-history"><small>The opposing Meowstic's Defense rose sharply!</small><br></div><div class="spacer battle-history"><br></div><div class="battle-history">Stoutland used <strong>Frustration</strong>!<br></div><div class="battle-history"><small>The opposing Meowstic's substitute faded!</small><br></div><div class="spacer battle-history"><br></div><div class="battle-history"><small>The opposing Meowstic restored a little HP using its Leftovers!</small><br></div><div class="spacer battle-history"><br></div><h2 class="battle-history">Turn 7</h2><div class="spacer battle-history"><br></div><div class="battle-history">The opposing Meowstic used <strong>Substitute</strong>!<br></div><div class="battle-history"><small>The opposing Meowstic put in a substitute!</small><br></div><div class="battle-history"><small>(The opposing Meowstic lost <abbr title="−87/351">24.8%</abbr> of its health!)</small><br></div><div class="spacer battle-history"><br></div><div class="battle-history">Stoutland used <strong>Frustration</strong>!<br></div><div class="battle-history"><small>The substitute took damage for the opposing Meowstic!</small><br></div><div class="spacer battle-history"><br></div><div class="battle-history"><small>The opposing Meowstic restored a little HP using its Leftovers!</small><br></div><div class="spacer battle-history"><br></div><h2 class="battle-history">Turn 8</h2><div class="spacer battle-history"><br></div><div class="battle-history">The opposing Meowstic used <strong>Calm Mind</strong>!<br></div><div class="battle-history"><small>The opposing Meowstic's Special Attack rose!</small><br></div><div class="battle-history"><small>The opposing Meowstic's Special Defense rose!</small><br></div><div class="spacer battle-history"><br></div><div class="battle-history">Stoutland used <strong>Frustration</strong>!<br></div><div class="battle-history"><small>The opposing Meowstic's substitute faded!</small><br></div><div class="spacer battle-history"><br></div><div class="battle-history"><small>The opposing Meowstic restored a little HP using its Leftovers!</small><br></div><div class="spacer battle-history"><br></div><h2 class="battle-history">Turn 9</h2><div class="spacer battle-history"><br></div><div class="battle-history">The opposing Meowstic used <strong>Assist</strong>!<br></div><div class="spacer battle-history"><br></div><div class="battle-history">The opposing Meowstic used <strong>Stored Power</strong>!<br></div><div class="battle-history"><small>(Stoutland lost <abbr title="−311/311">100%</abbr> of its health!)</small><br></div><div class="spacer battle-history"><br></div><div class="battle-history">Stoutland fainted!<br></div><div class="spacer battle-history"><br></div><div class="battle-history"><small>The opposing Meowstic restored a little HP using its Leftovers!</small><br></div><div class="spacer battle-history"><br></div><div class="battle-history">Go! <strong>Metang</strong>!<br></div><div class="spacer battle-history"><br></div><h2 class="battle-history">Turn 10</h2><div class="spacer battle-history"><br></div><div class="battle-history">The opposing Meowstic used <strong>Assist</strong>!<br></div><div class="spacer battle-history"><br></div><div class="battle-history">The opposing Meowstic used <strong>Moonblast</strong>!<br></div><div class="battle-history"><small>It's not very effective...</small><br></div><div class="battle-history"><small>(Metang lost <abbr title="−54/321">16.8%</abbr> of its health!)</small><br></div><div class="spacer battle-history"><br></div><div class="battle-history">Metang used <strong>Meteor Mash</strong>!<br></div><div class="battle-history"><small>(The opposing Meowstic lost <abbr title="−28/351">8.0%</abbr> of its health!)</small><br></div><div class="spacer battle-history"><br></div><div class="battle-history"><small>The opposing Meowstic restored a little HP using its Leftovers!</small><br></div><div class="spacer battle-history"><br></div><h2 class="battle-history">Turn 11</h2><div class="spacer battle-history"><br></div><div class="battle-history">The opposing Meowstic used <strong>Assist</strong>!<br></div><div class="spacer battle-history"><br></div><div class="battle-history">The opposing Meowstic used <strong>Stored Power</strong>!<br></div><div class="battle-history"><small>It's not very effective...</small><br></div><div class="battle-history"><small>(Metang lost <abbr title="−88/321">27.4%</abbr> of its health!)</small><br></div><div class="spacer battle-history"><br></div><div class="battle-history">Metang used <strong>Meteor Mash</strong>!<br></div><div class="battle-history"><small>(The opposing Meowstic lost <abbr title="−27/351">7.7%</abbr> of its health!)</small><br></div><div class="spacer battle-history"><br></div><div class="battle-history"><small>The opposing Meowstic restored a little HP using its Leftovers!</small><br></div><div class="spacer battle-history"><br></div><h2 class="battle-history">Turn 12</h2><div class="spacer battle-history"><br></div><div class="battle-history">The opposing Meowstic used <strong>Calm Mind</strong>!<br></div><div class="battle-history"><small>The opposing Meowstic's Special Attack rose!</small><br></div><div class="battle-history"><small>The opposing Meowstic's Special Defense rose!</small><br></div><div class="spacer battle-history"><br></div><div class="battle-history">Metang used <strong>Meteor Mash</strong>!<br></div><div class="battle-history"><small>(The opposing Meowstic lost <abbr title="−27/351">7.7%</abbr> of its health!)</small><br></div><div class="spacer battle-history"><br></div><div class="battle-history"><small>The opposing Meowstic restored a little HP using its Leftovers!</small><br></div><div class="spacer battle-history"><br></div><h2 class="battle-history">Turn 13</h2><div class="spacer battle-history"><br></div><div class="battle-history">The opposing Meowstic used <strong>Calm Mind</strong>!<br></div><div class="battle-history"><small>The opposing Meowstic's Special Attack rose!</small><br></div><div class="battle-history"><small>The opposing Meowstic's Special Defense rose!</small><br></div><div class="spacer battle-history"><br></div><div class="battle-history">Metang used <strong>Meteor Mash</strong>!<br></div><div class="battle-history"><small>(The opposing Meowstic lost <abbr title="−27/351">7.7%</abbr> of its health!)</small><br></div><div class="spacer battle-history"><br></div><div class="battle-history"><small>The opposing Meowstic restored a little HP using its Leftovers!</small><br></div><div class="spacer battle-history"><br></div><h2 class="battle-history">Turn 14</h2><div class="spacer battle-history"><br></div><div class="battle-history">The opposing Meowstic used <strong>Assist</strong>!<br></div><div class="spacer battle-history"><br></div><div class="battle-history">The opposing Meowstic used <strong>Stored Power</strong>!<br></div><div class="battle-history"><small>It's not very effective...</small><br></div><div class="battle-history"><small>(Metang lost <abbr title="−177/321">55.1%</abbr> of its health!)</small><br></div><div class="spacer battle-history"><br></div><div class="battle-history">Metang used <strong>Meteor Mash</strong>!<br></div><div class="battle-history"><small>The opposing Meowstic avoided the attack!</small><br></div><div class="spacer battle-history"><br></div><div class="battle-history"><small>The opposing Meowstic restored a little HP using its Leftovers!</small><br></div><div class="spacer battle-history"><br></div><h2 class="battle-history">Turn 15</h2><div class="chat chatmessage-quagstesting"><strong style="color:hsl(294,83%,43.788983944898206%)"><small>☆</small><span class="username" data-name="quagstesting">quagstesting</span>:</strong> <em>im embarrased</em></div><div class="chat chatmessage-quagstesting"><strong style="color:hsl(294,83%,43.788983944898206%)"><small>☆</small><span class="username" data-name="quagstesting">quagstesting</span>:</strong> <em>lmao</em></div><div class="spacer battle-history"><br></div><div class="battle-history"><small>quagstesting forfeited.</small><br></div><div class="spacer battle-history"><br></div><div class="battle-history"><strong>LinkCode</strong> won the battle!<br></div><div class="chat"><small>quagstesting left.</small></div><div class="chat">quagstesting's rating: 1301 → <strong>1270</strong><br>(-31 for losing)</div><div class="chat">LinkCode's rating: 1083 → <strong>1126</strong><br>(+43 for winning)</div><div class="chat"><small>Elira joined.</small></div><div class="chat"><small>Elira left.</small></div><div class="chat"><small>Elira joined.</small></div><div class="chat"><small>Elira left.</small></div></div><div class="inner-preempt"></div></div></div>
</div>
<script>
let daily = Math.floor(Date.now()/1000/60/60/24);document.write('<script src="https://play.pokemonshowdown.com/js/replay-embed.js?version'+daily+'"></'+'script>');
</script>
