<!DOCTYPE html>
<meta charset="utf-8" />
<!-- version 1 -->
<title>PU replay: Beksel ✘ vs. Erufun</title>
<style>
html,body {font-family:Verdana, sans-serif;font-size:10pt;margin:0;padding:0;}body{padding:12px 0;} .battle-log {font-family:Verdana, sans-serif;font-size:10pt;} .battle-log-inline {border:1px solid #AAAAAA;background:#EEF2F5;color:black;max-width:640px;margin:0 auto 80px;padding-bottom:5px;} .battle-log .inner {padding:4px 8px 0px 8px;} .battle-log .inner-preempt {padding:0 8px 4px 8px;} .battle-log .inner-after {margin-top:0.5em;} .battle-log h2 {margin:0.5em -8px;padding:4px 8px;border:1px solid #AAAAAA;background:#E0E7EA;border-left:0;border-right:0;font-family:Verdana, sans-serif;font-size:13pt;} .battle-log .chat {vertical-align:middle;padding:3px 0 3px 0;font-size:8pt;} .battle-log .chat strong {color:#40576A;} .battle-log .chat em {padding:1px 4px 1px 3px;color:#000000;font-style:normal;} .chat.mine {background:rgba(0,0,0,0.05);margin-left:-8px;margin-right:-8px;padding-left:8px;padding-right:8px;} .spoiler {color:#BBBBBB;background:#BBBBBB;padding:0px 3px;} .spoiler:hover, .spoiler:active, .spoiler-shown {color:#000000;background:#E2E2E2;padding:0px 3px;} .spoiler a {color:#BBBBBB;} .spoiler:hover a, .spoiler:active a, .spoiler-shown a {color:#2288CC;} .chat code, .chat .spoiler:hover code, .chat .spoiler:active code, .chat .spoiler-shown code {border:1px solid #C0C0C0;background:#EEEEEE;color:black;padding:0 2px;} .chat .spoiler code {border:1px solid #CCCCCC;background:#CCCCCC;color:#CCCCCC;} .battle-log .rated {padding:3px 4px;} .battle-log .rated strong {color:white;background:#89A;padding:1px 4px;border-radius:4px;} .spacer {margin-top:0.5em;} .message-announce {background:#6688AA;color:white;padding:1px 4px 2px;} .message-announce a, .broadcast-green a, .broadcast-blue a, .broadcast-red a {color:#DDEEFF;} .broadcast-green {background-color:#559955;color:white;padding:2px 4px;} .broadcast-blue {background-color:#6688AA;color:white;padding:2px 4px;} .infobox {border:1px solid #6688AA;padding:2px 4px;} .infobox-limited {max-height:200px;overflow:auto;overflow-x:hidden;} .broadcast-red {background-color:#AA5544;color:white;padding:2px 4px;} .message-learn-canlearn {font-weight:bold;color:#228822;text-decoration:underline;} .message-learn-cannotlearn {font-weight:bold;color:#CC2222;text-decoration:underline;} .message-effect-weak {font-weight:bold;color:#CC2222;} .message-effect-resist {font-weight:bold;color:#6688AA;} .message-effect-immune {font-weight:bold;color:#666666;} .message-learn-list {margin-top:0;margin-bottom:0;} .message-throttle-notice, .message-error {color:#992222;} .message-overflow, .chat small.message-overflow {font-size:0pt;} .message-overflow::before {font-size:9pt;content:'...';} .subtle {color:#3A4A66;}
</style>
<div class="wrapper replay-wrapper" style="max-width:1180px;margin:0 auto">
<input type="hidden" name="replayid" value="pokestrat-pu-5530" />
<div class="battle"></div><div class="battle-log"></div><div class="replay-controls"></div><div class="replay-controls-2"></div>
<h1 style="font-weight:normal;text-align:center"><strong>PU</strong><br /><a href="http://pokemonshowdown.com/users/beksel" class="subtle" target="_blank">Beksel ✘</a> vs. <a href="http://pokemonshowdown.com/users/erufun" class="subtle" target="_blank">Erufun</a></h1>
<script type="text/plain" class="battle-log-data">|j|Beksel ✘
|j|Erufun
|player|p1|Beksel ✘|230
|teamsize|p1|6
|player|p2|Erufun|227
|teamsize|p2|6
|gametype|singles
|gen|6
|tier|PU
|seed|36183,25222,49806,40611
|rule|Sleep Clause Mod: Limit one foe put to sleep
|rule|Species Clause: Limit one of each Pokémon
|rule|OHKO Clause: OHKO moves are banned
|rule|Moody Clause: Moody is banned
|rule|Evasion Moves Clause: Evasion moves are banned
|rule|Endless Battle Clause: Forcing endless battles is banned
|rule|HP Percentage Mod: HP is shown in percentages
|clearpoke
|poke|p1|Mawile, F|item
|poke|p1|Zebstrika, M|item
|poke|p1|Clefairy, F|item
|poke|p1|Jumpluff, M|item
|poke|p1|Cryogonal|item
|poke|p1|Ninetales, F|item
|poke|p2|Pawniard, F, shiny|item
|poke|p2|Probopass, M|item
|poke|p2|Rapidash, M, shiny|item
|poke|p2|Rampardos, M|item
|poke|p2|Clefairy, M|item
|poke|p2|Gourgeist-*, F|item
|rule|Swagger Clause: Swagger is banned
|rule|Baton Pass Clause: Limit one Baton Passer, can't pass Spe and other stats simultaneously
|teampreview
|c|☆Beksel ✘|Have Fun
|c|☆Erufun|Hf
|choice|team 3, team 2, team 1, team 4, team 5, team 6|team 6, team 2, team 3, team 4, team 5, team 1
|
|start
|switch|p1a: Clefairy|Clefairy, F|343\/343
|switch|p2a: Zinzin Fragile|Gourgeist-Small, F|251\/251
|-item|p1a: Clefairy|Eviolite|[from] ability: Frisk|[of] p2a: Zinzin Fragile|[identify]
|turn|1
|c|☆Erufun|tin ses vieux pokes mdrrr
|choice|move stealthrock|move seedbomb
|
|move|p2a: Zinzin Fragile|Seed Bomb|p1a: Clefairy
|-damage|p1a: Clefairy|234\/343
|-damage|p2a: Zinzin Fragile|226\/251|[from] item: Life Orb
|move|p1a: Clefairy|Stealth Rock|p2a: Zinzin Fragile
|-sidestart|p2: Erufun|move: Stealth Rock
|
|upkeep
|turn|2
|choice|move thunderwave|move rockslide
|
|move|p2a: Zinzin Fragile|Rock Slide|p1a: Clefairy|[miss]
|-miss|p2a: Zinzin Fragile|p1a: Clefairy
|move|p1a: Clefairy|Thunder Wave|p2a: Zinzin Fragile
|-status|p2a: Zinzin Fragile|par
|
|upkeep
|turn|3
|choice|move softboiled|move rockslide
|
|move|p1a: Clefairy|Soft-Boiled|p1a: Clefairy
|-heal|p1a: Clefairy|343\/343
|cant|p2a: Zinzin Fragile|par
|
|upkeep
|turn|4
|choice|switch 3|switch 2
|
|switch|p1a: New Méta|Mawile, F|241\/241
|switch|p2a: Scoliopede'|Probopass, M|324\/324
|-damage|p2a: Scoliopede'|304\/324|[from] Stealth Rock
|
|-heal|p2a: Scoliopede'|324\/324|[from] item: Leftovers
|upkeep
|turn|5
|choice|move substitute|move thunderwave
|
|move|p1a: New Méta|Substitute|p1a: New Méta
|-start|p1a: New Méta|Substitute
|-damage|p1a: New Méta|181\/241
|move|p2a: Scoliopede'|Thunder Wave|p1a: New Méta
|-fail|p1a: New Méta
|
|upkeep
|turn|6
|choice|move ironhead|move powergem
|
|move|p1a: New Méta|Iron Head|p2a: Scoliopede'
|-damage|p2a: Scoliopede'|191\/324
|move|p2a: Scoliopede'|Power Gem|p1a: New Méta
|-resisted|p1a: New Méta
|-end|p1a: New Méta|Substitute
|
|-heal|p2a: Scoliopede'|211\/324|[from] item: Leftovers
|upkeep
|turn|7
|choice|move focusblast|move thunderwave
|
|move|p1a: New Méta|Focus Blast|p2a: Scoliopede'
|-supereffective|p2a: Scoliopede'
|-damage|p2a: Scoliopede'|0 fnt
|faint|p2a: Scoliopede'
|
|upkeep
|c|☆Beksel ✘|!!
|c|☆Beksel ✘|Best set ever
|choice||switch 3
|
|switch|p2a: Je band BB !|Rapidash, M, shiny|271\/271
|-damage|p2a: Je band BB !|204\/271|[from] Stealth Rock
|turn|8
|choice|switch 3|move flareblitz
|
|switch|p1a: Clefairy|Clefairy, F|343\/343
|move|p2a: Je band BB !|Flare Blitz|p1a: Clefairy
|-damage|p1a: Clefairy|216\/343
|-damage|p2a: Je band BB !|162\/271|[from] Recoil|[of] p1a: Clefairy
|
|upkeep
|turn|9
|choice|move softboiled|switch 4
|
|switch|p2a: eskuz mwa|Rampardos, M|335\/335
|-damage|p2a: eskuz mwa|294\/335|[from] Stealth Rock
|move|p1a: Clefairy|Soft-Boiled|p1a: Clefairy
|-heal|p1a: Clefairy|343\/343
|
|upkeep
|turn|10
|choice|move thunderwave|move headsmash
|
|move|p2a: eskuz mwa|Head Smash|p1a: Clefairy
|-damage|p1a: Clefairy|97\/343
|-damage|p2a: eskuz mwa|171\/335|[from] Recoil|[of] p1a: Clefairy
|move|p1a: Clefairy|Thunder Wave|p2a: eskuz mwa
|-status|p2a: eskuz mwa|par
|
|upkeep
|turn|11
|choice|move softboiled|move headsmash
|
|move|p1a: Clefairy|Soft-Boiled|p1a: Clefairy
|-heal|p1a: Clefairy|269\/343
|move|p2a: eskuz mwa|Head Smash|p1a: Clefairy|[miss]
|-miss|p2a: eskuz mwa|p1a: Clefairy
|
|upkeep
|turn|12
|c|☆Erufun|lol
|c|☆Beksel ✘|rofl
|c|☆Beksel ✘|je voulais tu tappe
|c|☆Beksel ✘|pour le kill
|c|☆Erufun|bon du coup je te dis gg Beksel
|c|☆Beksel ✘|why?
|choice|switch 5|move headsmash
|
|switch|p1a: Cryogonal|Cryogonal|281\/281
|move|p2a: eskuz mwa|Head Smash|p1a: Cryogonal
|-supereffective|p1a: Cryogonal
|-damage|p1a: Cryogonal|0 fnt
|-damage|p2a: eskuz mwa|30\/335 par|[from] Recoil|[of] p1a: Cryogonal
|faint|p1a: Cryogonal
|
|upkeep
|c|☆Erufun|Avec propo out (le plus gros check a ton équipe) qu'est dead c'est plié je pense
|c|☆Beksel ✘|non
|c|☆Beksel ✘|probo j'ai 5 poké qui le deffonce
|c|☆Erufun|ah
|choice|switch 3|
|
|switch|p1a: New Méta|Mawile, F|181\/241
|turn|13
|c|☆Beksel ✘|la plus grosse menace
|c|☆Beksel ✘|ct lui
|c|☆Erufun|oui
|c|☆Beksel ✘|et tu la envoyer sur clef
|c|☆Erufun|et vu qu'il est para
|c|☆Erufun|:\/
|c|☆Beksel ✘|alors que t'as pawn
|choice|move ironhead|move headsmash
|
|move|p1a: New Méta|Iron Head|p2a: eskuz mwa
|-supereffective|p2a: eskuz mwa
|-damage|p2a: eskuz mwa|0 fnt
|faint|p2a: eskuz mwa
|
|upkeep
|choice||switch 6
|
|switch|p2a: Kapitain Krochet|Pawniard, F, shiny|231\/231
|-damage|p2a: Kapitain Krochet|217\/231|[from] Stealth Rock
|turn|14
|choice|switch 6|move swordsdance
|
|switch|p1a: Ninetales|Ninetales, F|287\/287
|move|p2a: Kapitain Krochet|Swords Dance|p2a: Kapitain Krochet
|-boost|p2a: Kapitain Krochet|atk|2
|
|upkeep
|turn|15
|choice|move willowisp|move knockoff
|
|move|p1a: Ninetales|Will-O-Wisp|p2a: Kapitain Krochet
|-status|p2a: Kapitain Krochet|brn
|move|p2a: Kapitain Krochet|Knock Off|p1a: Ninetales
|-damage|p1a: Ninetales|35\/287
|-enditem|p1a: Ninetales|Leftovers|[from] move: Knock Off|[of] p2a: Kapitain Krochet
|-damage|p2a: Kapitain Krochet|194\/231 brn|[from] item: Life Orb
|
|-damage|p2a: Kapitain Krochet|166\/231 brn|[from] brn
|upkeep
|turn|16
|c|☆Erufun|en vrai
|c|☆Erufun|j'aurai du lui mettre sucker punch
|c|☆Erufun|j'sais pas pk g mit sabotage
|choice|move fireblast|move poisonjab
|
|move|p1a: Ninetales|Fire Blast|p2a: Kapitain Krochet
|-supereffective|p2a: Kapitain Krochet
|-damage|p2a: Kapitain Krochet|0 fnt
|faint|p2a: Kapitain Krochet
|
|upkeep
|c|☆Beksel ✘|Bah il joue sabotage+sucker
|c|☆Beksel ✘|mais bon
|c|☆Erufun|j'ai mit poison jab pour les fairy
|c|☆Erufun|en 4
|choice||switch 2
|
|switch|p2a: Zinzin Fragile|Gourgeist-Small, F|226\/251 par
|-damage|p2a: Zinzin Fragile|195\/251 par|[from] Stealth Rock
|turn|17
|c|☆Beksel ✘|T'es bete?
|c|☆Beksel ✘|!weak fairy
|html|<div class="infobox">Fairy:<br \/><span class="message-effect-weak">Weaknesses<\/span>: Poison, Steel<br \/><span class="message-effect-resist">Resistances<\/span>: Bug, Dark, Fighting<br \/><span class="message-effect-immune">Immunities<\/span>: Dragon<\/div>
|c|☆Beksel ✘|"Steel"
|choice|move fireblast|move shadowsneak
|
|move|p2a: Zinzin Fragile|Shadow Sneak|p1a: Ninetales
|-damage|p1a: Ninetales|0 fnt
|-damage|p2a: Zinzin Fragile|170\/251 par|[from] item: Life Orb
|faint|p1a: Ninetales
|
|upkeep
|c|☆Erufun|grass pardon*
|c|☆Erufun|fairy je touche ac tete de fer
|c|☆Beksel ✘|pour tapper qui?
|c|☆Erufun|les plante du tier
|c|☆Erufun|même si j'connais pas le tier
|c|☆Erufun|mdrrr
|c|☆Beksel ✘|bah
|c|☆Beksel ✘|j'ai pas pas de plante a par jumpluff
|c|☆Beksel ✘|donc c bete
|choice|switch 4|
|
|switch|p1a: Jumpluff|Jumpluff, M|291\/291
|turn|18
|c|☆Beksel ✘|Il vaux rien sans sucker pawn
|choice|move acrobatics|move rockslide
|
|move|p1a: Jumpluff|Acrobatics|p2a: Zinzin Fragile
|-supereffective|p2a: Zinzin Fragile
|-damage|p2a: Zinzin Fragile|72\/251 par
|move|p2a: Zinzin Fragile|Rock Slide|p1a: Jumpluff
|-supereffective|p1a: Jumpluff
|-crit|p1a: Jumpluff
|-damage|p1a: Jumpluff|0 fnt
|-damage|p2a: Zinzin Fragile|47\/251 par|[from] item: Life Orb
|faint|p1a: Jumpluff
|
|upkeep
|c|☆Beksel ✘|rip
|c|☆Beksel ✘|j'ai mis un objet
|c|☆Beksel ✘|!dt natural gift
|c|~|\/data-move Natural Gift
|raw|<font size="1"><font color="#686868">Priority:<\/font> 0&nbsp;|&ThickSpace;<font color="#686868">Gen:<\/font> 4&nbsp;|&ThickSpace;<font color="#686868">Z-Power:<\/font> 160&nbsp;|&ThickSpace;<font color="#686868">Target:<\/font> One Adjacent Pokémon<\/font>
|c|☆Beksel ✘|!dt aspicot berry
No Pokémon, item, move, ability or nature named 'aspicot berry' was found. Showing the data of 'Apicot Berry' instead.
|c|~|\/data-item Apicot Berry
|raw|<font size="1"><font color="#686868">Gen:<\/font> 3&nbsp;|&ThickSpace;<font color="#686868">Fling Base Power:<\/font> 10&nbsp;|&ThickSpace;<font color="#686868">Fling Effect:<\/font> Activates the Berry's effect on the target.&nbsp;|&ThickSpace;<font color="#686868">Natural Gift Type:<\/font> Ground&nbsp;|&ThickSpace;<font color="#686868">Natural Gift Base Power:<\/font> 100<\/font>
|choice|switch 2|
|
|switch|p1a: Zebstrika|Zebstrika, M|291\/291
|turn|19
|c|☆Erufun|j'ai pas eu tort d'invest des EV en Def bizarrement
|c|☆Beksel ✘|Ca aurais rien changé
|c|☆Beksel ✘|si j'avais pas d'objet t'aurais été OHKo
|choice|move thunderbolt|move shadowsneak
|
|move|p2a: Zinzin Fragile|Shadow Sneak|p1a: Zebstrika
|-damage|p1a: Zebstrika|188\/291
|-damage|p2a: Zinzin Fragile|22\/251 par|[from] item: Life Orb
|move|p1a: Zebstrika|Thunderbolt|p2a: Zinzin Fragile
|-resisted|p2a: Zinzin Fragile
|-damage|p2a: Zinzin Fragile|0 fnt
|-damage|p1a: Zebstrika|159\/291|[from] item: Life Orb
|faint|p2a: Zinzin Fragile
|
|upkeep
|choice||switch 5
|
|switch|p2a: Clefable.Jr|Clefairy, M|344\/344
|turn|20
|choice|switch 5|move calmmind
|
|switch|p1a: Clefairy|Clefairy, F|269\/343
|move|p2a: Clefable.Jr|Calm Mind|p2a: Clefable.Jr
|-boost|p2a: Clefable.Jr|spa|1
|-boost|p2a: Clefable.Jr|spd|1
|
|upkeep
|turn|21
|choice|move thunderwave|move calmmind
|
|move|p1a: Clefairy|Thunder Wave|p2a: Clefable.Jr
|-status|p2a: Clefable.Jr|par
|move|p2a: Clefable.Jr|Calm Mind|p2a: Clefable.Jr
|-boost|p2a: Clefable.Jr|spa|1
|-boost|p2a: Clefable.Jr|spd|1
|
|upkeep
|turn|22
|choice|move encore|move calmmind
|
|move|p1a: Clefairy|Encore|p2a: Clefable.Jr
|-start|p2a: Clefable.Jr|Encore
|cant|p2a: Clefable.Jr|par
|
|upkeep
|turn|23
|choice|switch 6|move calmmind
|
|switch|p1a: New Méta|Mawile, F|181\/241
|move|p2a: Clefable.Jr|Calm Mind|p2a: Clefable.Jr
|-boost|p2a: Clefable.Jr|spa|1
|-boost|p2a: Clefable.Jr|spd|1
|
|upkeep
|turn|24
|choice|move substitute|switch 4
|
|switch|p2a: Je band BB !|Rapidash, M, shiny|162\/271
|-damage|p2a: Je band BB !|95\/271|[from] Stealth Rock
|move|p1a: New Méta|Substitute|p1a: New Méta
|-start|p1a: New Méta|Substitute
|-damage|p1a: New Méta|121\/241
|
|upkeep
|turn|25
|choice|move ironhead|move flareblitz
|
|move|p2a: Je band BB !|Flare Blitz|p1a: New Méta
|-supereffective|p1a: New Méta
|-end|p1a: New Méta|Substitute
|-damage|p2a: Je band BB !|75\/271|[from] Recoil|[of] p1a: New Méta
|move|p1a: New Méta|Iron Head|p2a: Je band BB !
|-resisted|p2a: Je band BB !
|-damage|p2a: Je band BB !|0 fnt
|faint|p2a: Je band BB !
|
|upkeep
|c|☆Beksel ✘|gg
|choice||switch 4
|
|switch|p2a: Clefable.Jr|Clefairy, M|344\/344 par
|turn|26
|c|☆Erufun|gg
|c|☆Beksel ✘|J'ai rock slide d'ailleur ^^
|choice|move ironhead|move flamethrower
|
|move|p1a: New Méta|Iron Head|p2a: Clefable.Jr
|-supereffective|p2a: Clefable.Jr
|-damage|p2a: Clefable.Jr|45\/344 par
|move|p2a: Clefable.Jr|Flamethrower|p1a: New Méta
|-supereffective|p1a: New Méta
|-damage|p1a: New Méta|0 fnt
|faint|p1a: New Méta
|
|upkeep
|c|☆Erufun|sympa aussi
|choice|switch 5|
|
|switch|p1a: Zebstrika|Zebstrika, M|159\/291
|turn|27
|choice|move thunderbolt|move flamethrower
|
|move|p1a: Zebstrika|Thunderbolt|p2a: Clefable.Jr
|-damage|p2a: Clefable.Jr|0 fnt
|-damage|p1a: Zebstrika|130\/291|[from] item: Life Orb
|faint|p2a: Clefable.Jr
|
|win|Beksel ✘
|c|☆Erufun|gg</script>
</div>
<div class="battle-log battle-log-inline"><div class="inner"><div class="battle-options"></div><div class="inner"><div class="chat"><small>Beksel ✘ joined.</small></div><div class="chat"><small>Erufun joined.</small></div><div class=""><small>Format:</small> <br><strong>PU</strong></div><div class=""><small><em>Sleep Clause Mod:</em> Limit one foe put to sleep</small></div><div class=""><small><em>Species Clause:</em> Limit one of each Pokémon</small></div><div class=""><small><em>OHKO Clause:</em> OHKO moves are banned</small></div><div class=""><small><em>Moody Clause:</em> Moody is banned</small></div><div class=""><small><em>Evasion Moves Clause:</em> Evasion moves are banned</small></div><div class=""><small><em>Endless Battle Clause:</em> Forcing endless battles is banned</small></div><div class=""><small><em>HP Percentage Mod:</em> HP is shown in percentages</small></div><div class=""><small><em>Swagger Clause:</em> Swagger is banned</small></div><div class=""><small><em>Baton Pass Clause:</em> Limit one Baton Passer, can't pass Spe and other stats simultaneously</small></div><div class="chat battle-history"><strong>Beksel ✘'s team:</strong> <em style="color:#445566;display:block;">Mawile / Zebstrika / Clefairy / Jumpluff / Cryogonal / Ninetales</em></div><div class="chat battle-history"><strong>Erufun's team:</strong> <em style="color:#445566;display:block;">Pawniard / Probopass / Rapidash / Rampardos / Clefairy / Gourgeist-*</em></div><div class="chat chatmessage-beksel"><strong style="color:hsl(31,69%,45%)"><small>☆</small><span class="username" data-name="Beksel ✘">Beksel ✘</span>:</strong> <em>Have Fun</em></div><div class="chat chatmessage-erufun"><strong style="color:hsl(120,47%,39%)"><small>☆</small><span class="username" data-name="Erufun">Erufun</span>:</strong> <em>Hf</em></div><div class="spacer battle-history"><br></div><div class="battle-history">Battle started between Beksel ✘ and Erufun!<br></div><div class="spacer battle-history"><br></div><div class="battle-history">Go! <strong>Clefairy</strong>!<br></div><div class="spacer battle-history"><br></div><div class="battle-history">Erufun sent out Zinzin Fragile (<strong>Gourgeist-Small</strong>)!<br></div><div class="battle-history"><small>[The opposing Zinzin Fragile's Frisk]</small><br><small>The opposing Zinzin Fragile frisked Clefairy and found its Eviolite!</small><br></div><div class="spacer battle-history"><br></div><h2 class="battle-history">Turn 1</h2><div class="chat chatmessage-erufun"><strong style="color:hsl(120,47%,39%)"><small>☆</small><span class="username" data-name="Erufun">Erufun</span>:</strong> <em>tin ses vieux pokes mdrrr</em></div><div class="spacer battle-history"><br></div><div class="battle-history">The opposing Zinzin Fragile used <strong>Seed Bomb</strong>!<br></div><div class="battle-history"><small>(Clefairy lost <abbr title="−109/343">31.8%</abbr> of its health!)</small><br></div><div class="battle-history"><small>The opposing Zinzin Fragile lost some of its HP!</small><br></div><div class="spacer battle-history"><br></div><div class="battle-history">Clefairy used <strong>Stealth Rock</strong>!<br></div><div class="battle-history"><small>Pointed stones float in the air around the opposing team!</small><br></div><div class="spacer battle-history"><br></div><h2 class="battle-history">Turn 2</h2><div class="spacer battle-history"><br></div><div class="battle-history">The opposing Zinzin Fragile used <strong>Rock Slide</strong>!<br></div><div class="battle-history"><small>Clefairy avoided the attack!</small><br></div><div class="spacer battle-history"><br></div><div class="battle-history">Clefairy used <strong>Thunder Wave</strong>!<br></div><div class="battle-history"><small>The opposing Zinzin Fragile is paralyzed! It may be unable to move!</small><br></div><div class="spacer battle-history"><br></div><h2 class="battle-history">Turn 3</h2><div class="spacer battle-history"><br></div><div class="battle-history">Clefairy used <strong>Soft-Boiled</strong>!<br></div><div class="battle-history"><small>Clefairy restored its HP.</small><br></div><div class="spacer battle-history"><br></div><div class="battle-history">The opposing Zinzin Fragile is paralyzed! It can't move!<br></div><div class="spacer battle-history"><br></div><h2 class="battle-history">Turn 4</h2><div class="spacer battle-history"><br></div><div class="battle-history">Clefairy, come back!<br></div><div class="battle-history">Go! New Méta (<strong>Mawile</strong>)!<br></div><div class="spacer battle-history"><br></div><div class="battle-history">Erufun withdrew Zinzin Fragile!<br></div><div class="battle-history">Erufun sent out Scoliopede' (<strong>Probopass</strong>)!<br></div><div class="battle-history"><small>Pointed stones dug into the opposing Scoliopede'!</small><br></div><div class="spacer battle-history"><br></div><div class="battle-history"><small>The opposing Scoliopede' restored a little HP using its Leftovers!</small><br></div><div class="spacer battle-history"><br></div><h2 class="battle-history">Turn 5</h2><div class="spacer battle-history"><br></div><div class="battle-history">New Méta used <strong>Substitute</strong>!<br></div><div class="battle-history"><small>New Méta put in a substitute!</small><br></div><div class="battle-history"><small>(New Méta lost <abbr title="−60/241">24.9%</abbr> of its health!)</small><br></div><div class="spacer battle-history"><br></div><div class="battle-history">The opposing Scoliopede' used <strong>Thunder Wave</strong>!<br></div><div class="battle-history"><small>But it failed!</small><br></div><div class="spacer battle-history"><br></div><h2 class="battle-history">Turn 6</h2><div class="spacer battle-history"><br></div><div class="battle-history">New Méta used <strong>Iron Head</strong>!<br></div><div class="battle-history"><small>(The opposing Scoliopede' lost <abbr title="−133/324">41.0%</abbr> of its health!)</small><br></div><div class="spacer battle-history"><br></div><div class="battle-history">The opposing Scoliopede' used <strong>Power Gem</strong>!<br></div><div class="battle-history"><small>It's not very effective...</small><br></div><div class="battle-history"><small>New Méta's substitute faded!</small><br></div><div class="spacer battle-history"><br></div><div class="battle-history"><small>The opposing Scoliopede' restored a little HP using its Leftovers!</small><br></div><div class="spacer battle-history"><br></div><h2 class="battle-history">Turn 7</h2><div class="spacer battle-history"><br></div><div class="battle-history">New Méta used <strong>Focus Blast</strong>!<br></div><div class="battle-history"><small>It's super effective!</small><br></div><div class="battle-history"><small>(The opposing Scoliopede' lost <abbr title="−211/324">65.1%</abbr> of its health!)</small><br></div><div class="spacer battle-history"><br></div><div class="battle-history">The opposing Scoliopede' fainted!<br></div><div class="chat chatmessage-beksel"><strong style="color:hsl(31,69%,45%)"><small>☆</small><span class="username" data-name="Beksel ✘">Beksel ✘</span>:</strong> <em>!!</em></div><div class="chat chatmessage-beksel"><strong style="color:hsl(31,69%,45%)"><small>☆</small><span class="username" data-name="Beksel ✘">Beksel ✘</span>:</strong> <em>Best set ever</em></div><div class="spacer battle-history"><br></div><div class="battle-history">Erufun sent out Je band BB ! (<strong>Rapidash</strong>)!<br></div><div class="battle-history"><small>Pointed stones dug into the opposing Je band BB !!</small><br></div><div class="spacer battle-history"><br></div><h2 class="battle-history">Turn 8</h2><div class="spacer battle-history"><br></div><div class="battle-history">New Méta, come back!<br></div><div class="battle-history">Go! <strong>Clefairy</strong>!<br></div><div class="spacer battle-history"><br></div><div class="battle-history">The opposing Je band BB ! used <strong>Flare Blitz</strong>!<br></div><div class="battle-history"><small>(Clefairy lost <abbr title="−127/343">37.0%</abbr> of its health!)</small><br></div><div class="battle-history"><small>The opposing Je band BB ! is damaged by the recoil!</small><br></div><div class="spacer battle-history"><br></div><h2 class="battle-history">Turn 9</h2><div class="spacer battle-history"><br></div><div class="battle-history">Erufun withdrew Je band BB !!<br></div><div class="battle-history">Erufun sent out eskuz mwa (<strong>Rampardos</strong>)!<br></div><div class="battle-history"><small>Pointed stones dug into the opposing eskuz mwa!</small><br></div><div class="spacer battle-history"><br></div><div class="battle-history">Clefairy used <strong>Soft-Boiled</strong>!<br></div><div class="battle-history"><small>Clefairy restored its HP.</small><br></div><div class="spacer battle-history"><br></div><h2 class="battle-history">Turn 10</h2><div class="spacer battle-history"><br></div><div class="battle-history">The opposing eskuz mwa used <strong>Head Smash</strong>!<br></div><div class="battle-history"><small>(Clefairy lost <abbr title="−246/343">71.7%</abbr> of its health!)</small><br></div><div class="battle-history"><small>The opposing eskuz mwa is damaged by the recoil!</small><br></div><div class="spacer battle-history"><br></div><div class="battle-history">Clefairy used <strong>Thunder Wave</strong>!<br></div><div class="battle-history"><small>The opposing eskuz mwa is paralyzed! It may be unable to move!</small><br></div><div class="spacer battle-history"><br></div><h2 class="battle-history">Turn 11</h2><div class="spacer battle-history"><br></div><div class="battle-history">Clefairy used <strong>Soft-Boiled</strong>!<br></div><div class="battle-history"><small>Clefairy restored its HP.</small><br></div><div class="spacer battle-history"><br></div><div class="battle-history">The opposing eskuz mwa used <strong>Head Smash</strong>!<br></div><div class="battle-history"><small>Clefairy avoided the attack!</small><br></div><div class="spacer battle-history"><br></div><h2 class="battle-history">Turn 12</h2><div class="chat chatmessage-erufun"><strong style="color:hsl(120,47%,39%)"><small>☆</small><span class="username" data-name="Erufun">Erufun</span>:</strong> <em>lol</em></div><div class="chat chatmessage-beksel"><strong style="color:hsl(31,69%,45%)"><small>☆</small><span class="username" data-name="Beksel ✘">Beksel ✘</span>:</strong> <em>rofl</em></div><div class="chat chatmessage-beksel"><strong style="color:hsl(31,69%,45%)"><small>☆</small><span class="username" data-name="Beksel ✘">Beksel ✘</span>:</strong> <em>je voulais tu tappe</em></div><div class="chat chatmessage-beksel"><strong style="color:hsl(31,69%,45%)"><small>☆</small><span class="username" data-name="Beksel ✘">Beksel ✘</span>:</strong> <em>pour le kill</em></div><div class="chat chatmessage-erufun"><strong style="color:hsl(120,47%,39%)"><small>☆</small><span class="username" data-name="Erufun">Erufun</span>:</strong> <em>bon du coup je te dis gg Beksel</em></div><div class="chat chatmessage-beksel"><strong style="color:hsl(31,69%,45%)"><small>☆</small><span class="username" data-name="Beksel ✘">Beksel ✘</span>:</strong> <em>why?</em></div><div class="spacer battle-history"><br></div><div class="battle-history">Clefairy, come back!<br></div><div class="battle-history">Go! <strong>Cryogonal</strong>!<br></div><div class="spacer battle-history"><br></div><div class="battle-history">The opposing eskuz mwa used <strong>Head Smash</strong>!<br></div><div class="battle-history"><small>It's super effective!</small><br></div><div class="battle-history"><small>(Cryogonal lost <abbr title="−281/281">100%</abbr> of its health!)</small><br></div><div class="battle-history"><small>The opposing eskuz mwa is damaged by the recoil!</small><br></div><div class="spacer battle-history"><br></div><div class="battle-history">Cryogonal fainted!<br></div><div class="chat chatmessage-erufun"><strong style="color:hsl(120,47%,39%)"><small>☆</small><span class="username" data-name="Erufun">Erufun</span>:</strong> <em>Avec propo out (le plus gros check a ton équipe) qu'est dead c'est plié je pense</em></div><div class="chat chatmessage-beksel"><strong style="color:hsl(31,69%,45%)"><small>☆</small><span class="username" data-name="Beksel ✘">Beksel ✘</span>:</strong> <em>non</em></div><div class="chat chatmessage-beksel"><strong style="color:hsl(31,69%,45%)"><small>☆</small><span class="username" data-name="Beksel ✘">Beksel ✘</span>:</strong> <em>probo j'ai 5 poké qui le deffonce</em></div><div class="chat chatmessage-erufun"><strong style="color:hsl(120,47%,39%)"><small>☆</small><span class="username" data-name="Erufun">Erufun</span>:</strong> <em>ah</em></div><div class="spacer battle-history"><br></div><div class="battle-history">Go! New Méta (<strong>Mawile</strong>)!<br></div><div class="spacer battle-history"><br></div><h2 class="battle-history">Turn 13</h2><div class="chat chatmessage-beksel"><strong style="color:hsl(31,69%,45%)"><small>☆</small><span class="username" data-name="Beksel ✘">Beksel ✘</span>:</strong> <em>la plus grosse menace</em></div><div class="chat chatmessage-beksel"><strong style="color:hsl(31,69%,45%)"><small>☆</small><span class="username" data-name="Beksel ✘">Beksel ✘</span>:</strong> <em>ct lui</em></div><div class="chat chatmessage-erufun"><strong style="color:hsl(120,47%,39%)"><small>☆</small><span class="username" data-name="Erufun">Erufun</span>:</strong> <em>oui</em></div><div class="chat chatmessage-beksel"><strong style="color:hsl(31,69%,45%)"><small>☆</small><span class="username" data-name="Beksel ✘">Beksel ✘</span>:</strong> <em>et tu la envoyer sur clef</em></div><div class="chat chatmessage-erufun"><strong style="color:hsl(120,47%,39%)"><small>☆</small><span class="username" data-name="Erufun">Erufun</span>:</strong> <em>et vu qu'il est para</em></div><div class="chat chatmessage-erufun"><strong style="color:hsl(120,47%,39%)"><small>☆</small><span class="username" data-name="Erufun">Erufun</span>:</strong> <em>:/</em></div><div class="chat chatmessage-beksel"><strong style="color:hsl(31,69%,45%)"><small>☆</small><span class="username" data-name="Beksel ✘">Beksel ✘</span>:</strong> <em>alors que t'as pawn</em></div><div class="spacer battle-history"><br></div><div class="battle-history">New Méta used <strong>Iron Head</strong>!<br></div><div class="battle-history"><small>It's super effective!</small><br></div><div class="battle-history"><small>(The opposing eskuz mwa lost <abbr title="−30/335">9.0%</abbr> of its health!)</small><br></div><div class="spacer battle-history"><br></div><div class="battle-history">The opposing eskuz mwa fainted!<br></div><div class="spacer battle-history"><br></div><div class="battle-history">Erufun sent out Kapitain Krochet (<strong>Pawniard</strong>)!<br></div><div class="battle-history"><small>Pointed stones dug into the opposing Kapitain Krochet!</small><br></div><div class="spacer battle-history"><br></div><h2 class="battle-history">Turn 14</h2><div class="spacer battle-history"><br></div><div class="battle-history">New Méta, come back!<br></div><div class="battle-history">Go! <strong>Ninetales</strong>!<br></div><div class="spacer battle-history"><br></div><div class="battle-history">The opposing Kapitain Krochet used <strong>Swords Dance</strong>!<br></div><div class="battle-history"><small>The opposing Kapitain Krochet's Attack rose sharply!</small><br></div><div class="spacer battle-history"><br></div><h2 class="battle-history">Turn 15</h2><div class="spacer battle-history"><br></div><div class="battle-history">Ninetales used <strong>Will-O-Wisp</strong>!<br></div><div class="battle-history"><small>The opposing Kapitain Krochet was burned!</small><br></div><div class="spacer battle-history"><br></div><div class="battle-history">The opposing Kapitain Krochet used <strong>Knock Off</strong>!<br></div><div class="battle-history"><small>(Ninetales lost <abbr title="−252/287">87.8%</abbr> of its health!)</small><br></div><div class="battle-history"><small>The opposing Kapitain Krochet knocked off Ninetales's Leftovers!</small><br></div><div class="battle-history"><small>The opposing Kapitain Krochet lost some of its HP!</small><br></div><div class="spacer battle-history"><br></div><div class="battle-history"><small>The opposing Kapitain Krochet was hurt by its burn!</small><br></div><div class="spacer battle-history"><br></div><h2 class="battle-history">Turn 16</h2><div class="chat chatmessage-erufun"><strong style="color:hsl(120,47%,39%)"><small>☆</small><span class="username" data-name="Erufun">Erufun</span>:</strong> <em>en vrai</em></div><div class="chat chatmessage-erufun"><strong style="color:hsl(120,47%,39%)"><small>☆</small><span class="username" data-name="Erufun">Erufun</span>:</strong> <em>j'aurai du lui mettre sucker punch</em></div><div class="chat chatmessage-erufun"><strong style="color:hsl(120,47%,39%)"><small>☆</small><span class="username" data-name="Erufun">Erufun</span>:</strong> <em>j'sais pas pk g mit sabotage</em></div><div class="spacer battle-history"><br></div><div class="battle-history">Ninetales used <strong>Fire Blast</strong>!<br></div><div class="battle-history"><small>It's super effective!</small><br></div><div class="battle-history"><small>(The opposing Kapitain Krochet lost <abbr title="−166/231">71.9%</abbr> of its health!)</small><br></div><div class="spacer battle-history"><br></div><div class="battle-history">The opposing Kapitain Krochet fainted!<br></div><div class="chat chatmessage-beksel"><strong style="color:hsl(31,69%,45%)"><small>☆</small><span class="username" data-name="Beksel ✘">Beksel ✘</span>:</strong> <em>Bah il joue sabotage+sucker</em></div><div class="chat chatmessage-beksel"><strong style="color:hsl(31,69%,45%)"><small>☆</small><span class="username" data-name="Beksel ✘">Beksel ✘</span>:</strong> <em>mais bon</em></div><div class="chat chatmessage-erufun"><strong style="color:hsl(120,47%,39%)"><small>☆</small><span class="username" data-name="Erufun">Erufun</span>:</strong> <em>j'ai mit poison jab pour les fairy</em></div><div class="chat chatmessage-erufun"><strong style="color:hsl(120,47%,39%)"><small>☆</small><span class="username" data-name="Erufun">Erufun</span>:</strong> <em>en 4</em></div><div class="spacer battle-history"><br></div><div class="battle-history">Erufun sent out Zinzin Fragile (<strong>Gourgeist-Small</strong>)!<br></div><div class="battle-history"><small>Pointed stones dug into the opposing Zinzin Fragile!</small><br></div><div class="spacer battle-history"><br></div><h2 class="battle-history">Turn 17</h2><div class="chat chatmessage-beksel"><strong style="color:hsl(31,69%,45%)"><small>☆</small><span class="username" data-name="Beksel ✘">Beksel ✘</span>:</strong> <em>T'es bete?</em></div><div class="chat chatmessage-beksel"><strong style="color:hsl(31,69%,45%)"><small>☆</small><span class="username" data-name="Beksel ✘">Beksel ✘</span>:</strong> <em>!weak fairy</em></div><div class="chat"><div class="infobox">Fairy:<br><span class="message-effect-weak">Weaknesses</span>: Poison, Steel<br><span class="message-effect-resist">Resistances</span>: Bug, Dark, Fighting<br><span class="message-effect-immune">Immunities</span>: Dragon</div></div><div class="chat chatmessage-beksel"><strong style="color:hsl(31,69%,45%)"><small>☆</small><span class="username" data-name="Beksel ✘">Beksel ✘</span>:</strong> <em>"Steel"</em></div><div class="spacer battle-history"><br></div><div class="battle-history">The opposing Zinzin Fragile used <strong>Shadow Sneak</strong>!<br></div><div class="battle-history"><small>(Ninetales lost <abbr title="−35/287">12.2%</abbr> of its health!)</small><br></div><div class="battle-history"><small>The opposing Zinzin Fragile lost some of its HP!</small><br></div><div class="spacer battle-history"><br></div><div class="battle-history">Ninetales fainted!<br></div><div class="chat chatmessage-erufun"><strong style="color:hsl(120,47%,39%)"><small>☆</small><span class="username" data-name="Erufun">Erufun</span>:</strong> <em>grass pardon*</em></div><div class="chat chatmessage-erufun"><strong style="color:hsl(120,47%,39%)"><small>☆</small><span class="username" data-name="Erufun">Erufun</span>:</strong> <em>fairy je touche ac tete de fer</em></div><div class="chat chatmessage-beksel"><strong style="color:hsl(31,69%,45%)"><small>☆</small><span class="username" data-name="Beksel ✘">Beksel ✘</span>:</strong> <em>pour tapper qui?</em></div><div class="chat chatmessage-erufun"><strong style="color:hsl(120,47%,39%)"><small>☆</small><span class="username" data-name="Erufun">Erufun</span>:</strong> <em>les plante du tier</em></div><div class="chat chatmessage-erufun"><strong style="color:hsl(120,47%,39%)"><small>☆</small><span class="username" data-name="Erufun">Erufun</span>:</strong> <em>même si j'connais pas le tier</em></div><div class="chat chatmessage-erufun"><strong style="color:hsl(120,47%,39%)"><small>☆</small><span class="username" data-name="Erufun">Erufun</span>:</strong> <em>mdrrr</em></div><div class="chat chatmessage-beksel"><strong style="color:hsl(31,69%,45%)"><small>☆</small><span class="username" data-name="Beksel ✘">Beksel ✘</span>:</strong> <em>bah</em></div><div class="chat chatmessage-beksel"><strong style="color:hsl(31,69%,45%)"><small>☆</small><span class="username" data-name="Beksel ✘">Beksel ✘</span>:</strong> <em>j'ai pas pas de plante a par jumpluff</em></div><div class="chat chatmessage-beksel"><strong style="color:hsl(31,69%,45%)"><small>☆</small><span class="username" data-name="Beksel ✘">Beksel ✘</span>:</strong> <em>donc c bete</em></div><div class="spacer battle-history"><br></div><div class="battle-history">Go! <strong>Jumpluff</strong>!<br></div><div class="spacer battle-history"><br></div><h2 class="battle-history">Turn 18</h2><div class="chat chatmessage-beksel"><strong style="color:hsl(31,69%,45%)"><small>☆</small><span class="username" data-name="Beksel ✘">Beksel ✘</span>:</strong> <em>Il vaux rien sans sucker pawn</em></div><div class="spacer battle-history"><br></div><div class="battle-history">Jumpluff used <strong>Acrobatics</strong>!<br></div><div class="battle-history"><small>It's super effective!</small><br></div><div class="battle-history"><small>(The opposing Zinzin Fragile lost <abbr title="−98/251">39.0%</abbr> of its health!)</small><br></div><div class="spacer battle-history"><br></div><div class="battle-history">The opposing Zinzin Fragile used <strong>Rock Slide</strong>!<br></div><div class="battle-history"><small>It's super effective!</small><br></div><div class="battle-history"><small>A critical hit!</small><br></div><div class="battle-history"><small>(Jumpluff lost <abbr title="−291/291">100%</abbr> of its health!)</small><br></div><div class="battle-history"><small>The opposing Zinzin Fragile lost some of its HP!</small><br></div><div class="spacer battle-history"><br></div><div class="battle-history">Jumpluff fainted!<br></div><div class="chat chatmessage-beksel"><strong style="color:hsl(31,69%,45%)"><small>☆</small><span class="username" data-name="Beksel ✘">Beksel ✘</span>:</strong> <em>rip</em></div><div class="chat chatmessage-beksel"><strong style="color:hsl(31,69%,45%)"><small>☆</small><span class="username" data-name="Beksel ✘">Beksel ✘</span>:</strong> <em>j'ai mis un objet</em></div><div class="chat chatmessage-beksel"><strong style="color:hsl(31,69%,45%)"><small>☆</small><span class="username" data-name="Beksel ✘">Beksel ✘</span>:</strong> <em>!dt natural gift</em></div><div class="chat message-error">[outdated code no longer supported]</div><div class="chat"><font size="1"><font color="#686868">Priority:</font> 0&nbsp;|  <font color="#686868">Gen:</font> 4&nbsp;|  <font color="#686868">Z-Power:</font> 160&nbsp;|  <font color="#686868">Target:</font> One Adjacent Pokémon</font></div><div class="chat chatmessage-beksel"><strong style="color:hsl(31,69%,45%)"><small>☆</small><span class="username" data-name="Beksel ✘">Beksel ✘</span>:</strong> <em>!dt aspicot berry</em></div><div class="chat">No Pokémon, item, move, ability or nature named 'aspicot berry' was found. Showing the data of 'Apicot Berry' instead.</div><div class="chat message-error">[outdated code no longer supported]</div><div class="chat"><font size="1"><font color="#686868">Gen:</font> 3&nbsp;|  <font color="#686868">Fling Base Power:</font> 10&nbsp;|  <font color="#686868">Fling Effect:</font> Activates the Berry's effect on the target.&nbsp;|  <font color="#686868">Natural Gift Type:</font> Ground&nbsp;|  <font color="#686868">Natural Gift Base Power:</font> 100</font></div><div class="spacer battle-history"><br></div><div class="battle-history">Go! <strong>Zebstrika</strong>!<br></div><div class="spacer battle-history"><br></div><h2 class="battle-history">Turn 19</h2><div class="chat chatmessage-erufun"><strong style="color:hsl(120,47%,39%)"><small>☆</small><span class="username" data-name="Erufun">Erufun</span>:</strong> <em>j'ai pas eu tort d'invest des EV en Def bizarrement</em></div><div class="chat chatmessage-beksel"><strong style="color:hsl(31,69%,45%)"><small>☆</small><span class="username" data-name="Beksel ✘">Beksel ✘</span>:</strong> <em>Ca aurais rien changé</em></div><div class="chat chatmessage-beksel"><strong style="color:hsl(31,69%,45%)"><small>☆</small><span class="username" data-name="Beksel ✘">Beksel ✘</span>:</strong> <em>si j'avais pas d'objet t'aurais été OHKo</em></div><div class="spacer battle-history"><br></div><div class="battle-history">The opposing Zinzin Fragile used <strong>Shadow Sneak</strong>!<br></div><div class="battle-history"><small>(Zebstrika lost <abbr title="−103/291">35.4%</abbr> of its health!)</small><br></div><div class="battle-history"><small>The opposing Zinzin Fragile lost some of its HP!</small><br></div><div class="spacer battle-history"><br></div><div class="battle-history">Zebstrika used <strong>Thunderbolt</strong>!<br></div><div class="battle-history"><small>It's not very effective...</small><br></div><div class="battle-history"><small>(The opposing Zinzin Fragile lost <abbr title="−22/251">8.8%</abbr> of its health!)</small><br></div><div class="battle-history"><small>Zebstrika lost some of its HP!</small><br></div><div class="spacer battle-history"><br></div><div class="battle-history">The opposing Zinzin Fragile fainted!<br></div><div class="spacer battle-history"><br></div><div class="battle-history">Erufun sent out Clefable.Jr (<strong>Clefairy</strong>)!<br></div><div class="spacer battle-history"><br></div><h2 class="battle-history">Turn 20</h2><div class="spacer battle-history"><br></div><div class="battle-history">Zebstrika, come back!<br></div><div class="battle-history">Go! <strong>Clefairy</strong>!<br></div><div class="spacer battle-history"><br></div><div class="battle-history">The opposing Clefable.Jr used <strong>Calm Mind</strong>!<br></div><div class="battle-history"><small>The opposing Clefable.Jr's Special Attack rose!</small><br></div><div class="battle-history"><small>The opposing Clefable.Jr's Special Defense rose!</small><br></div><div class="spacer battle-history"><br></div><h2 class="battle-history">Turn 21</h2><div class="spacer battle-history"><br></div><div class="battle-history">Clefairy used <strong>Thunder Wave</strong>!<br></div><div class="battle-history"><small>The opposing Clefable.Jr is paralyzed! It may be unable to move!</small><br></div><div class="spacer battle-history"><br></div><div class="battle-history">The opposing Clefable.Jr used <strong>Calm Mind</strong>!<br></div><div class="battle-history"><small>The opposing Clefable.Jr's Special Attack rose!</small><br></div><div class="battle-history"><small>The opposing Clefable.Jr's Special Defense rose!</small><br></div><div class="spacer battle-history"><br></div><h2 class="battle-history">Turn 22</h2><div class="spacer battle-history"><br></div><div class="battle-history">Clefairy used <strong>Encore</strong>!<br></div><div class="battle-history"><small>The opposing Clefable.Jr received an encore!</small><br></div><div class="spacer battle-history"><br></div><div class="battle-history">The opposing Clefable.Jr is paralyzed! It can't move!<br></div><div class="spacer battle-history"><br></div><h2 class="battle-history">Turn 23</h2><div class="spacer battle-history"><br></div><div class="battle-history">Clefairy, come back!<br></div><div class="battle-history">Go! New Méta (<strong>Mawile</strong>)!<br></div><div class="spacer battle-history"><br></div><div class="battle-history">The opposing Clefable.Jr used <strong>Calm Mind</strong>!<br></div><div class="battle-history"><small>The opposing Clefable.Jr's Special Attack rose!</small><br></div><div class="battle-history"><small>The opposing Clefable.Jr's Special Defense rose!</small><br></div><div class="spacer battle-history"><br></div><h2 class="battle-history">Turn 24</h2><div class="spacer battle-history"><br></div><div class="battle-history">Erufun withdrew Clefable.Jr!<br></div><div class="battle-history">Erufun sent out Je band BB ! (<strong>Rapidash</strong>)!<br></div><div class="battle-history"><small>Pointed stones dug into the opposing Je band BB !!</small><br></div><div class="spacer battle-history"><br></div><div class="battle-history">New Méta used <strong>Substitute</strong>!<br></div><div class="battle-history"><small>New Méta put in a substitute!</small><br></div><div class="battle-history"><small>(New Méta lost <abbr title="−60/241">24.9%</abbr> of its health!)</small><br></div><div class="spacer battle-history"><br></div><h2 class="battle-history">Turn 25</h2><div class="spacer battle-history"><br></div><div class="battle-history">The opposing Je band BB ! used <strong>Flare Blitz</strong>!<br></div><div class="battle-history"><small>It's super effective!</small><br></div><div class="battle-history"><small>New Méta's substitute faded!</small><br></div><div class="battle-history"><small>The opposing Je band BB ! is damaged by the recoil!</small><br></div><div class="spacer battle-history"><br></div><div class="battle-history">New Méta used <strong>Iron Head</strong>!<br></div><div class="battle-history"><small>It's not very effective...</small><br></div><div class="battle-history"><small>(The opposing Je band BB ! lost <abbr title="−75/271">27.7%</abbr> of its health!)</small><br></div><div class="spacer battle-history"><br></div><div class="battle-history">The opposing Je band BB ! fainted!<br></div><div class="chat chatmessage-beksel"><strong style="color:hsl(31,69%,45%)"><small>☆</small><span class="username" data-name="Beksel ✘">Beksel ✘</span>:</strong> <em>gg</em></div><div class="spacer battle-history"><br></div><div class="battle-history">Erufun sent out Clefable.Jr (<strong>Clefairy</strong>)!<br></div><div class="spacer battle-history"><br></div><h2 class="battle-history">Turn 26</h2><div class="chat chatmessage-erufun"><strong style="color:hsl(120,47%,39%)"><small>☆</small><span class="username" data-name="Erufun">Erufun</span>:</strong> <em>gg</em></div><div class="chat chatmessage-beksel"><strong style="color:hsl(31,69%,45%)"><small>☆</small><span class="username" data-name="Beksel ✘">Beksel ✘</span>:</strong> <em>J'ai rock slide d'ailleur ^^</em></div><div class="spacer battle-history"><br></div><div class="battle-history">New Méta used <strong>Iron Head</strong>!<br></div><div class="battle-history"><small>It's super effective!</small><br></div><div class="battle-history"><small>(The opposing Clefable.Jr lost <abbr title="−299/344">86.9%</abbr> of its health!)</small><br></div><div class="spacer battle-history"><br></div><div class="battle-history">The opposing Clefable.Jr used <strong>Flamethrower</strong>!<br></div><div class="battle-history"><small>It's super effective!</small><br></div><div class="battle-history"><small>(New Méta lost <abbr title="−121/241">50.2%</abbr> of its health!)</small><br></div><div class="spacer battle-history"><br></div><div class="battle-history">New Méta fainted!<br></div><div class="chat chatmessage-erufun"><strong style="color:hsl(120,47%,39%)"><small>☆</small><span class="username" data-name="Erufun">Erufun</span>:</strong> <em>sympa aussi</em></div><div class="spacer battle-history"><br></div><div class="battle-history">Go! <strong>Zebstrika</strong>!<br></div><div class="spacer battle-history"><br></div><h2 class="battle-history">Turn 27</h2><div class="spacer battle-history"><br></div><div class="battle-history">Zebstrika used <strong>Thunderbolt</strong>!<br></div><div class="battle-history"><small>(The opposing Clefable.Jr lost <abbr title="−45/344">13.1%</abbr> of its health!)</small><br></div><div class="battle-history"><small>Zebstrika lost some of its HP!</small><br></div><div class="spacer battle-history"><br></div><div class="battle-history">The opposing Clefable.Jr fainted!<br></div><div class="spacer battle-history"><br></div><div class="battle-history"><strong>Beksel ✘</strong> won the battle!<br></div><div class="chat chatmessage-erufun"><strong style="color:hsl(120,47%,39%)"><small>☆</small><span class="username" data-name="Erufun">Erufun</span>:</strong> <em>gg</em></div></div><div class="inner-preempt"></div></div></div>
</div>
<script>
let daily = Math.floor(Date.now()/1000/60/60/24);document.write('<script src="https://play.pokemonshowdown.com/js/replay-embed.js?version'+daily+'"></'+'script>');
</script>
