<!DOCTYPE html>
<meta charset="utf-8" />
<!-- version 1 -->
<title>PU replay: linchung545 vs. teddyi</title>
<style>
html,body {font-family:Verdana, sans-serif;font-size:10pt;margin:0;padding:0;}body{padding:12px 0;} .battle-log {font-family:Verdana, sans-serif;font-size:10pt;} .battle-log-inline {border:1px solid #AAAAAA;background:#EEF2F5;color:black;max-width:640px;margin:0 auto 80px;padding-bottom:5px;} .battle-log .inner {padding:4px 8px 0px 8px;} .battle-log .inner-preempt {padding:0 8px 4px 8px;} .battle-log .inner-after {margin-top:0.5em;} .battle-log h2 {margin:0.5em -8px;padding:4px 8px;border:1px solid #AAAAAA;background:#E0E7EA;border-left:0;border-right:0;font-family:Verdana, sans-serif;font-size:13pt;} .battle-log .chat {vertical-align:middle;padding:3px 0 3px 0;font-size:8pt;} .battle-log .chat strong {color:#40576A;} .battle-log .chat em {padding:1px 4px 1px 3px;color:#000000;font-style:normal;} .chat.mine {background:rgba(0,0,0,0.05);margin-left:-8px;margin-right:-8px;padding-left:8px;padding-right:8px;} .spoiler {color:#BBBBBB;background:#BBBBBB;padding:0px 3px;} .spoiler:hover, .spoiler:active, .spoiler-shown {color:#000000;background:#E2E2E2;padding:0px 3px;} .spoiler a {color:#BBBBBB;} .spoiler:hover a, .spoiler:active a, .spoiler-shown a {color:#2288CC;} .chat code, .chat .spoiler:hover code, .chat .spoiler:active code, .chat .spoiler-shown code {border:1px solid #C0C0C0;background:#EEEEEE;color:black;padding:0 2px;} .chat .spoiler code {border:1px solid #CCCCCC;background:#CCCCCC;color:#CCCCCC;} .battle-log .rated {padding:3px 4px;} .battle-log .rated strong {color:white;background:#89A;padding:1px 4px;border-radius:4px;} .spacer {margin-top:0.5em;} .message-announce {background:#6688AA;color:white;padding:1px 4px 2px;} .message-announce a, .broadcast-green a, .broadcast-blue a, .broadcast-red a {color:#DDEEFF;} .broadcast-green {background-color:#559955;color:white;padding:2px 4px;} .broadcast-blue {background-color:#6688AA;color:white;padding:2px 4px;} .infobox {border:1px solid #6688AA;padding:2px 4px;} .infobox-limited {max-height:200px;overflow:auto;overflow-x:hidden;} .broadcast-red {background-color:#AA5544;color:white;padding:2px 4px;} .message-learn-canlearn {font-weight:bold;color:#228822;text-decoration:underline;} .message-learn-cannotlearn {font-weight:bold;color:#CC2222;text-decoration:underline;} .message-effect-weak {font-weight:bold;color:#CC2222;} .message-effect-resist {font-weight:bold;color:#6688AA;} .message-effect-immune {font-weight:bold;color:#666666;} .message-learn-list {margin-top:0;margin-bottom:0;} .message-throttle-notice, .message-error {color:#992222;} .message-overflow, .chat small.message-overflow {font-size:0pt;} .message-overflow::before {font-size:9pt;content:'...';} .subtle {color:#3A4A66;}
</style>
<div class="wrapper replay-wrapper" style="max-width:1180px;margin:0 auto">
<input type="hidden" name="replayid" value="pu-551500250" />
<div class="battle"></div><div class="battle-log"></div><div class="replay-controls"></div><div class="replay-controls-2"></div>
<h1 style="font-weight:normal;text-align:center"><strong>PU</strong><br /><a href="http://pokemonshowdown.com/users/linchung545" class="subtle" target="_blank">linchung545</a> vs. <a href="http://pokemonshowdown.com/users/teddyi" class="subtle" target="_blank">teddyi</a></h1>
<script type="text/plain" class="battle-log-data">|j|linchung545
|j|teddyi
|player|p1|linchung545|1
|player|p2|teddyi|129
|gametype|singles
|gen|6
|tier|PU
|seed|6906,9552,20384,40717
|rule|Sleep Clause Mod: Limit one foe put to sleep
|rule|Species Clause: Limit one of each Pokémon
|rule|OHKO Clause: OHKO moves are banned
|rule|Moody Clause: Moody is banned
|rule|Evasion Moves Clause: Evasion moves are banned
|rule|Endless Battle Clause: Forcing endless battles is banned
|rule|HP Percentage Mod: HP is shown in percentages
|clearpoke
|poke|p1|Altaria, F|item
|poke|p1|Arbok, F|item
|poke|p1|Articuno|item
|poke|p1|Banette, M|item
|poke|p1|Furfrou, F|item
|poke|p1|Luxray, M|item
|poke|p2|Muk, M, shiny|item
|poke|p2|Probopass, F|item
|poke|p2|Leafeon, M, shiny|item
|poke|p2|Vullaby, F, shiny|item
|poke|p2|Clefairy, M|item
|poke|p2|Mr. Mime, F|item
|rule|Swagger Clause: Swagger is banned
|rule|Baton Pass Clause: Limit one Baton Passer, can't pass Spe and other stats simultaneously
|teampreview
|choice|team 5, team 2, team 3, team 4, team 1, team 6|team 5, team 2, team 3, team 4, team 1, team 6
|
|start
|switch|p1a: Furfrou|Furfrou, F|291\/291
|switch|p2a: Clefairy|Clefairy, M|344\/344
|turn|1
|j|Fight Series
|choice|move frustration|move thunderwave
|
|move|p1a: Furfrou|Frustration|p2a: Clefairy
|-damage|p2a: Clefairy|145\/344
|-damage|p1a: Furfrou|262\/291|[from] item: Life Orb
|move|p2a: Clefairy|Thunder Wave|p1a: Furfrou
|-status|p1a: Furfrou|par
|
|upkeep
|turn|2
|choice|move frustration|switch 2
|
|switch|p2a: Probopass|Probopass, F|304\/304
|-item|p2a: Probopass|Air Balloon
|move|p1a: Furfrou|Frustration|p2a: Probopass
|-resisted|p2a: Probopass
|-damage|p2a: Probopass|272\/304
|-enditem|p2a: Probopass|Air Balloon
|-damage|p1a: Furfrou|233\/291 par|[from] item: Life Orb
|
|upkeep
|turn|3
|choice|move zenheadbutt|move flashcannon
|
|move|p2a: Probopass|Flash Cannon|p1a: Furfrou
|-damage|p1a: Furfrou|115\/291 par
|cant|p1a: Furfrou|par
|
|upkeep
|turn|4
|choice|move zenheadbutt|move flashcannon
|
|move|p2a: Probopass|Flash Cannon|p1a: Furfrou
|-damage|p1a: Furfrou|0 fnt
|faint|p1a: Furfrou
|
|upkeep
|choice|switch 4|
|
|switch|p1a: Banette|Banette, M|332\/332
|turn|5
|choice|move darkpulse|move earthpower
|
|move|p1a: Banette|Dark Pulse|p2a: Probopass
|-damage|p2a: Probopass|219\/304
|cant|p2a: Probopass|flinch
|
|upkeep
|turn|6
|choice|move darkpulse|move flashcannon
|
|move|p1a: Banette|Dark Pulse|p2a: Probopass
|-damage|p2a: Probopass|166\/304
|move|p2a: Probopass|Flash Cannon|p1a: Banette
|-damage|p1a: Banette|224\/332
|
|upkeep
|turn|7
|choice|switch 2|move earthpower
|
|switch|p1a: Arbok|Arbok, F|261\/261
|-ability|p1a: Arbok|Intimidate|boost
|-unboost|p2a: Probopass|atk|1
|move|p2a: Probopass|Earth Power|p1a: Arbok
|-supereffective|p1a: Arbok
|-damage|p1a: Arbok|55\/261
|
|upkeep
|turn|8
|choice|move earthquake|switch 4
|
|switch|p2a: Vullaby|Vullaby, F, shiny|343\/343
|move|p1a: Arbok|Earthquake|p2a: Vullaby
|-immune|p2a: Vullaby|[msg]
|
|upkeep
|turn|9
|choice|switch 3|move foulplay
|
|switch|p1a: Articuno|Articuno|383\/383
|-ability|p1a: Articuno|Pressure
|move|p2a: Vullaby|Foul Play|p1a: Articuno
|-damage|p1a: Articuno|302\/383
|
|upkeep
|turn|10
|choice|move freezedry|switch 4
|
|switch|p2a: Probopass|Probopass, F|166\/304
|move|p1a: Articuno|Freeze-Dry|p2a: Probopass
|-resisted|p2a: Probopass
|-damage|p2a: Probopass|128\/304
|
|upkeep
|turn|11
|choice|move extrasensory|move flashcannon
|
|move|p1a: Articuno|Extrasensory|p2a: Probopass
|-resisted|p2a: Probopass
|-damage|p2a: Probopass|100\/304
|move|p2a: Probopass|Flash Cannon|p1a: Articuno
|-supereffective|p1a: Articuno
|-damage|p1a: Articuno|138\/383
|-enditem|p1a: Articuno|Sitrus Berry|[eat]
|-heal|p1a: Articuno|233\/383|[from] item: Sitrus Berry
|
|upkeep
|turn|12
|choice|switch 5|move flashcannon
|
|switch|p1a: Altaria|Altaria, F|291\/291
|move|p2a: Probopass|Flash Cannon|p1a: Altaria
|-damage|p1a: Altaria|182\/291
|
|upkeep
|turn|13
|choice|move flamethrower|move flashcannon
|
|move|p1a: Altaria|Flamethrower|p2a: Probopass
|-damage|p2a: Probopass|49\/304
|move|p2a: Probopass|Flash Cannon|p1a: Altaria
|-damage|p1a: Altaria|73\/291
|
|upkeep
|turn|14
|choice|move flamethrower|move flashcannon
|
|move|p1a: Altaria|Flamethrower|p2a: Probopass
|-damage|p2a: Probopass|2\/304
|move|p2a: Probopass|Flash Cannon|p1a: Altaria
|-damage|p1a: Altaria|0 fnt
|faint|p1a: Altaria
|
|upkeep
|choice|switch 3|
|
|switch|p1a: Arbok|Arbok, F|55\/261
|-ability|p1a: Arbok|Intimidate|boost
|-unboost|p2a: Probopass|atk|1
|turn|15
|choice|move dragontail|switch 4
|
|switch|p2a: Vullaby|Vullaby, F, shiny|343\/343
|move|p1a: Arbok|Dragon Tail|p2a: Vullaby
|-damage|p2a: Vullaby|299\/343
|drag|p2a: Clefairy|Clefairy, M|145\/344
|
|upkeep
|turn|16
|choice|move dragontail|move stealthrock
|
|move|p2a: Clefairy|Stealth Rock|p1a: Arbok
|-sidestart|p1: linchung545|move: Stealth Rock
|move|p1a: Arbok|Dragon Tail|p2a: Clefairy
|-immune|p2a: Clefairy|[msg]
|
|upkeep
|turn|17
|choice|switch 6|move moonblast
|
|switch|p1a: Luxray|Luxray, M|364\/364
|-damage|p1a: Luxray|319\/364|[from] Stealth Rock
|move|p2a: Clefairy|Moonblast|p1a: Luxray
|-damage|p1a: Luxray|256\/364
|
|upkeep
|turn|18
|choice|move frustration|move softboiled
|
|move|p1a: Luxray|Frustration|p2a: Clefairy
|-damage|p2a: Clefairy|0 fnt
|faint|p2a: Clefairy
|
|upkeep
|choice||switch 3
|
|switch|p2a: Leafeon|Leafeon, M, shiny|271\/271
|turn|19
|choice|move icefang|move knockoff
|
|move|p2a: Leafeon|Knock Off|p1a: Luxray
|-crit|p1a: Luxray
|-damage|p1a: Luxray|59\/364
|-enditem|p1a: Luxray|Assault Vest|[from] move: Knock Off|[of] p2a: Leafeon
|move|p1a: Luxray|Ice Fang|p2a: Leafeon
|-supereffective|p2a: Leafeon
|-enditem|p2a: Leafeon|Yache Berry|[eat]
|-enditem|p2a: Leafeon|Yache Berry|[weaken]
|-damage|p2a: Leafeon|204\/271
|
|upkeep
|turn|20
|choice|move icefang|move leafblade
|
|move|p2a: Leafeon|Leaf Blade|p1a: Luxray
|-crit|p1a: Luxray
|-damage|p1a: Luxray|0 fnt
|faint|p1a: Luxray
|
|upkeep
|choice|switch 6|
|
|switch|p1a: Arbok|Arbok, F|55\/261
|-damage|p1a: Arbok|23\/261|[from] Stealth Rock
|-ability|p1a: Arbok|Intimidate|boost
|-unboost|p2a: Leafeon|atk|1
|turn|21
|choice|move gunkshot|move knockoff
|
|move|p2a: Leafeon|Knock Off|p1a: Arbok
|-damage|p1a: Arbok|0 fnt
|-enditem|p1a: Arbok|Choice Band|[from] move: Knock Off|[of] p2a: Leafeon
|faint|p1a: Arbok
|
|upkeep
|choice|switch 5|
|
|switch|p1a: Articuno|Articuno|233\/383
|-damage|p1a: Articuno|42\/383|[from] Stealth Rock
|-ability|p1a: Articuno|Pressure
|turn|22
|choice|move freezedry|move knockoff
|
|move|p2a: Leafeon|Knock Off|p1a: Articuno
|-damage|p1a: Articuno|0 fnt
|faint|p1a: Articuno
|
|upkeep
|choice|switch 2|
|
|switch|p1a: Banette|Banette, M|224\/332
|-damage|p1a: Banette|183\/332|[from] Stealth Rock
|turn|23
|c|☆teddyi|gg
|choice|move darkpulse|move knockoff
|
|move|p2a: Leafeon|Knock Off|p1a: Banette
|-supereffective|p1a: Banette
|-damage|p1a: Banette|0 fnt
|-enditem|p1a: Banette|Assault Vest|[from] move: Knock Off|[of] p2a: Leafeon
|faint|p1a: Banette
|
|win|teddyi
|l|linchung545</script>
</div>
<div class="battle-log battle-log-inline"><div class="inner"><div class="battle-options"></div><div class="inner"><div class="chat"><small>linchung545 joined.</small></div><div class="chat"><small>teddyi joined.</small></div><div class=""><small>Format:</small> <br><strong>PU</strong></div><div class=""><small><em>Sleep Clause Mod:</em> Limit one foe put to sleep</small></div><div class=""><small><em>Species Clause:</em> Limit one of each Pokémon</small></div><div class=""><small><em>OHKO Clause:</em> OHKO moves are banned</small></div><div class=""><small><em>Moody Clause:</em> Moody is banned</small></div><div class=""><small><em>Evasion Moves Clause:</em> Evasion moves are banned</small></div><div class=""><small><em>Endless Battle Clause:</em> Forcing endless battles is banned</small></div><div class=""><small><em>HP Percentage Mod:</em> HP is shown in percentages</small></div><div class=""><small><em>Swagger Clause:</em> Swagger is banned</small></div><div class=""><small><em>Baton Pass Clause:</em> Limit one Baton Passer, can't pass Spe and other stats simultaneously</small></div><div class="chat battle-history"><strong>linchung545's team:</strong> <em style="color:#445566;display:block;">Altaria / Arbok / Articuno / Banette / Furfrou / Luxray</em></div><div class="chat battle-history"><strong>teddyi's team:</strong> <em style="color:#445566;display:block;">Muk / Probopass / Leafeon / Vullaby / Clefairy / Mr. Mime</em></div><div class="spacer battle-history"><br></div><div class="battle-history">Battle started between linchung545 and teddyi!<br></div><div class="spacer battle-history"><br></div><div class="battle-history">Go! <strong>Furfrou</strong>!<br></div><div class="spacer battle-history"><br></div><div class="battle-history">teddyi sent out <strong>Clefairy</strong>!<br></div><div class="spacer battle-history"><br></div><h2 class="battle-history">Turn 1</h2><div class="chat"><small>Fight Series joined.</small></div><div class="spacer battle-history"><br></div><div class="battle-history">Furfrou used <strong>Frustration</strong>!<br></div><div class="battle-history"><small>(The opposing Clefairy lost <abbr title="−199/344">57.8%</abbr> of its health!)</small><br></div><div class="battle-history"><small>Furfrou lost some of its HP!</small><br></div><div class="spacer battle-history"><br></div><div class="battle-history">The opposing Clefairy used <strong>Thunder Wave</strong>!<br></div><div class="battle-history"><small>Furfrou is paralyzed! It may be unable to move!</small><br></div><div class="spacer battle-history"><br></div><h2 class="battle-history">Turn 2</h2><div class="spacer battle-history"><br></div><div class="battle-history">teddyi withdrew Clefairy!<br></div><div class="battle-history">teddyi sent out <strong>Probopass</strong>!<br></div><div class="battle-history"><small>The opposing Probopass floats in the air with its Air Balloon!</small><br></div><div class="spacer battle-history"><br></div><div class="battle-history">Furfrou used <strong>Frustration</strong>!<br></div><div class="battle-history"><small>It's not very effective...</small><br></div><div class="battle-history"><small>(The opposing Probopass lost <abbr title="−32/304">10.5%</abbr> of its health!)</small><br></div><div class="battle-history"><small>The opposing Probopass's Air Balloon popped!</small><br></div><div class="battle-history"><small>Furfrou lost some of its HP!</small><br></div><div class="spacer battle-history"><br></div><h2 class="battle-history">Turn 3</h2><div class="spacer battle-history"><br></div><div class="battle-history">The opposing Probopass used <strong>Flash Cannon</strong>!<br></div><div class="battle-history"><small>(Furfrou lost <abbr title="−118/291">40.5%</abbr> of its health!)</small><br></div><div class="spacer battle-history"><br></div><div class="battle-history">Furfrou is paralyzed! It can't move!<br></div><div class="spacer battle-history"><br></div><h2 class="battle-history">Turn 4</h2><div class="spacer battle-history"><br></div><div class="battle-history">The opposing Probopass used <strong>Flash Cannon</strong>!<br></div><div class="battle-history"><small>(Furfrou lost <abbr title="−115/291">39.5%</abbr> of its health!)</small><br></div><div class="spacer battle-history"><br></div><div class="battle-history">Furfrou fainted!<br></div><div class="spacer battle-history"><br></div><div class="battle-history">Go! <strong>Banette</strong>!<br></div><div class="spacer battle-history"><br></div><h2 class="battle-history">Turn 5</h2><div class="spacer battle-history"><br></div><div class="battle-history">Banette used <strong>Dark Pulse</strong>!<br></div><div class="battle-history"><small>(The opposing Probopass lost <abbr title="−53/304">17.4%</abbr> of its health!)</small><br></div><div class="spacer battle-history"><br></div><div class="battle-history">The opposing Probopass flinched and couldn't move!<br></div><div class="spacer battle-history"><br></div><h2 class="battle-history">Turn 6</h2><div class="spacer battle-history"><br></div><div class="battle-history">Banette used <strong>Dark Pulse</strong>!<br></div><div class="battle-history"><small>(The opposing Probopass lost <abbr title="−53/304">17.4%</abbr> of its health!)</small><br></div><div class="spacer battle-history"><br></div><div class="battle-history">The opposing Probopass used <strong>Flash Cannon</strong>!<br></div><div class="battle-history"><small>(Banette lost <abbr title="−108/332">32.5%</abbr> of its health!)</small><br></div><div class="spacer battle-history"><br></div><h2 class="battle-history">Turn 7</h2><div class="spacer battle-history"><br></div><div class="battle-history">Banette, come back!<br></div><div class="battle-history">Go! <strong>Arbok</strong>!<br></div><div class="battle-history"><small>[Arbok's Intimidate]</small><br></div><div class="battle-history"><small>The opposing Probopass's Attack fell!</small><br></div><div class="spacer battle-history"><br></div><div class="battle-history">The opposing Probopass used <strong>Earth Power</strong>!<br></div><div class="battle-history"><small>It's super effective!</small><br></div><div class="battle-history"><small>(Arbok lost <abbr title="−206/261">78.9%</abbr> of its health!)</small><br></div><div class="spacer battle-history"><br></div><h2 class="battle-history">Turn 8</h2><div class="spacer battle-history"><br></div><div class="battle-history">teddyi withdrew Probopass!<br></div><div class="battle-history">teddyi sent out <strong>Vullaby</strong>!<br></div><div class="spacer battle-history"><br></div><div class="battle-history">Arbok used <strong>Earthquake</strong>!<br></div><div class="battle-history"><small>It doesn't affect the opposing Vullaby...</small><br></div><div class="spacer battle-history"><br></div><h2 class="battle-history">Turn 9</h2><div class="spacer battle-history"><br></div><div class="battle-history">Arbok, come back!<br></div><div class="battle-history">Go! <strong>Articuno</strong>!<br></div><div class="battle-history"><small>[Articuno's Pressure]</small><br><small>Articuno is exerting its pressure!</small><br></div><div class="spacer battle-history"><br></div><div class="battle-history">The opposing Vullaby used <strong>Foul Play</strong>!<br></div><div class="battle-history"><small>(Articuno lost <abbr title="−81/383">21.1%</abbr> of its health!)</small><br></div><div class="spacer battle-history"><br></div><h2 class="battle-history">Turn 10</h2><div class="spacer battle-history"><br></div><div class="battle-history">teddyi withdrew Vullaby!<br></div><div class="battle-history">teddyi sent out <strong>Probopass</strong>!<br></div><div class="spacer battle-history"><br></div><div class="battle-history">Articuno used <strong>Freeze-Dry</strong>!<br></div><div class="battle-history"><small>It's not very effective...</small><br></div><div class="battle-history"><small>(The opposing Probopass lost <abbr title="−38/304">12.5%</abbr> of its health!)</small><br></div><div class="spacer battle-history"><br></div><h2 class="battle-history">Turn 11</h2><div class="spacer battle-history"><br></div><div class="battle-history">Articuno used <strong>Extrasensory</strong>!<br></div><div class="battle-history"><small>It's not very effective...</small><br></div><div class="battle-history"><small>(The opposing Probopass lost <abbr title="−28/304">9.2%</abbr> of its health!)</small><br></div><div class="spacer battle-history"><br></div><div class="battle-history">The opposing Probopass used <strong>Flash Cannon</strong>!<br></div><div class="battle-history"><small>It's super effective!</small><br></div><div class="battle-history"><small>(Articuno lost <abbr title="−164/383">42.8%</abbr> of its health!)</small><br></div><div class="battle-history"><small>Articuno ate its Sitrus Berry!</small><br></div><div class="battle-history"><small>Articuno restored HP using its Sitrus Berry!</small><br></div><div class="spacer battle-history"><br></div><h2 class="battle-history">Turn 12</h2><div class="spacer battle-history"><br></div><div class="battle-history">Articuno, come back!<br></div><div class="battle-history">Go! <strong>Altaria</strong>!<br></div><div class="spacer battle-history"><br></div><div class="battle-history">The opposing Probopass used <strong>Flash Cannon</strong>!<br></div><div class="battle-history"><small>(Altaria lost <abbr title="−109/291">37.5%</abbr> of its health!)</small><br></div><div class="spacer battle-history"><br></div><h2 class="battle-history">Turn 13</h2><div class="spacer battle-history"><br></div><div class="battle-history">Altaria used <strong>Flamethrower</strong>!<br></div><div class="battle-history"><small>(The opposing Probopass lost <abbr title="−51/304">16.8%</abbr> of its health!)</small><br></div><div class="spacer battle-history"><br></div><div class="battle-history">The opposing Probopass used <strong>Flash Cannon</strong>!<br></div><div class="battle-history"><small>(Altaria lost <abbr title="−109/291">37.5%</abbr> of its health!)</small><br></div><div class="spacer battle-history"><br></div><h2 class="battle-history">Turn 14</h2><div class="spacer battle-history"><br></div><div class="battle-history">Altaria used <strong>Flamethrower</strong>!<br></div><div class="battle-history"><small>(The opposing Probopass lost <abbr title="−47/304">15.5%</abbr> of its health!)</small><br></div><div class="spacer battle-history"><br></div><div class="battle-history">The opposing Probopass used <strong>Flash Cannon</strong>!<br></div><div class="battle-history"><small>(Altaria lost <abbr title="−73/291">25.1%</abbr> of its health!)</small><br></div><div class="spacer battle-history"><br></div><div class="battle-history">Altaria fainted!<br></div><div class="spacer battle-history"><br></div><div class="battle-history">Go! <strong>Arbok</strong>!<br></div><div class="battle-history"><small>[Arbok's Intimidate]</small><br></div><div class="battle-history"><small>The opposing Probopass's Attack fell!</small><br></div><div class="spacer battle-history"><br></div><h2 class="battle-history">Turn 15</h2><div class="spacer battle-history"><br></div><div class="battle-history">teddyi withdrew Probopass!<br></div><div class="battle-history">teddyi sent out <strong>Vullaby</strong>!<br></div><div class="spacer battle-history"><br></div><div class="battle-history">Arbok used <strong>Dragon Tail</strong>!<br></div><div class="battle-history"><small>(The opposing Vullaby lost <abbr title="−44/343">12.8%</abbr> of its health!)</small><br></div><div class="spacer battle-history"><br></div><div class="battle-history"><strong>Clefairy</strong> was dragged out!<br></div><div class="spacer battle-history"><br></div><h2 class="battle-history">Turn 16</h2><div class="spacer battle-history"><br></div><div class="battle-history">The opposing Clefairy used <strong>Stealth Rock</strong>!<br></div><div class="battle-history"><small>Pointed stones float in the air around your team!</small><br></div><div class="spacer battle-history"><br></div><div class="battle-history">Arbok used <strong>Dragon Tail</strong>!<br></div><div class="battle-history"><small>It doesn't affect the opposing Clefairy...</small><br></div><div class="spacer battle-history"><br></div><h2 class="battle-history">Turn 17</h2><div class="spacer battle-history"><br></div><div class="battle-history">Arbok, come back!<br></div><div class="battle-history">Go! <strong>Luxray</strong>!<br></div><div class="battle-history"><small>Pointed stones dug into Luxray!</small><br></div><div class="spacer battle-history"><br></div><div class="battle-history">The opposing Clefairy used <strong>Moonblast</strong>!<br></div><div class="battle-history"><small>(Luxray lost <abbr title="−63/364">17.3%</abbr> of its health!)</small><br></div><div class="spacer battle-history"><br></div><h2 class="battle-history">Turn 18</h2><div class="spacer battle-history"><br></div><div class="battle-history">Luxray used <strong>Frustration</strong>!<br></div><div class="battle-history"><small>(The opposing Clefairy lost <abbr title="−145/344">42.2%</abbr> of its health!)</small><br></div><div class="spacer battle-history"><br></div><div class="battle-history">The opposing Clefairy fainted!<br></div><div class="spacer battle-history"><br></div><div class="battle-history">teddyi sent out <strong>Leafeon</strong>!<br></div><div class="spacer battle-history"><br></div><h2 class="battle-history">Turn 19</h2><div class="spacer battle-history"><br></div><div class="battle-history">The opposing Leafeon used <strong>Knock Off</strong>!<br></div><div class="battle-history"><small>A critical hit!</small><br></div><div class="battle-history"><small>(Luxray lost <abbr title="−197/364">54.1%</abbr> of its health!)</small><br></div><div class="battle-history"><small>The opposing Leafeon knocked off Luxray's Assault Vest!</small><br></div><div class="spacer battle-history"><br></div><div class="battle-history">Luxray used <strong>Ice Fang</strong>!<br></div><div class="battle-history"><small>It's super effective!</small><br></div><div class="battle-history"><small>The opposing Leafeon ate its Yache Berry!</small><br></div><div class="battle-history"><small>The Yache Berry weakened the damage to the opposing Leafeon!</small><br></div><div class="battle-history"><small>(The opposing Leafeon lost <abbr title="−67/271">24.7%</abbr> of its health!)</small><br></div><div class="spacer battle-history"><br></div><h2 class="battle-history">Turn 20</h2><div class="spacer battle-history"><br></div><div class="battle-history">The opposing Leafeon used <strong>Leaf Blade</strong>!<br></div><div class="battle-history"><small>A critical hit!</small><br></div><div class="battle-history"><small>(Luxray lost <abbr title="−59/364">16.2%</abbr> of its health!)</small><br></div><div class="spacer battle-history"><br></div><div class="battle-history">Luxray fainted!<br></div><div class="spacer battle-history"><br></div><div class="battle-history">Go! <strong>Arbok</strong>!<br></div><div class="battle-history"><small>Pointed stones dug into Arbok!</small><br></div><div class="battle-history"><small>[Arbok's Intimidate]</small><br></div><div class="battle-history"><small>The opposing Leafeon's Attack fell!</small><br></div><div class="spacer battle-history"><br></div><h2 class="battle-history">Turn 21</h2><div class="spacer battle-history"><br></div><div class="battle-history">The opposing Leafeon used <strong>Knock Off</strong>!<br></div><div class="battle-history"><small>(Arbok lost <abbr title="−23/261">8.8%</abbr> of its health!)</small><br></div><div class="battle-history"><small>The opposing Leafeon knocked off Arbok's Choice Band!</small><br></div><div class="spacer battle-history"><br></div><div class="battle-history">Arbok fainted!<br></div><div class="spacer battle-history"><br></div><div class="battle-history">Go! <strong>Articuno</strong>!<br></div><div class="battle-history"><small>Pointed stones dug into Articuno!</small><br></div><div class="battle-history"><small>[Articuno's Pressure]</small><br><small>Articuno is exerting its pressure!</small><br></div><div class="spacer battle-history"><br></div><h2 class="battle-history">Turn 22</h2><div class="spacer battle-history"><br></div><div class="battle-history">The opposing Leafeon used <strong>Knock Off</strong>!<br></div><div class="battle-history"><small>(Articuno lost <abbr title="−42/383">11.0%</abbr> of its health!)</small><br></div><div class="spacer battle-history"><br></div><div class="battle-history">Articuno fainted!<br></div><div class="spacer battle-history"><br></div><div class="battle-history">Go! <strong>Banette</strong>!<br></div><div class="battle-history"><small>Pointed stones dug into Banette!</small><br></div><div class="spacer battle-history"><br></div><h2 class="battle-history">Turn 23</h2><div class="chat chatmessage-teddyi"><strong style="color:hsl(47,49%,37%)"><small>☆</small><span class="username" data-name="teddyi">teddyi</span>:</strong> <em>gg</em></div><div class="spacer battle-history"><br></div><div class="battle-history">The opposing Leafeon used <strong>Knock Off</strong>!<br></div><div class="battle-history"><small>It's super effective!</small><br></div><div class="battle-history"><small>(Banette lost <abbr title="−183/332">55.1%</abbr> of its health!)</small><br></div><div class="battle-history"><small>The opposing Leafeon knocked off Banette's Assault Vest!</small><br></div><div class="spacer battle-history"><br></div><div class="battle-history">Banette fainted!<br></div><div class="spacer battle-history"><br></div><div class="battle-history"><strong>teddyi</strong> won the battle!<br></div><div class="chat"><small>linchung545 left.</small></div></div><div class="inner-preempt"></div></div></div>
</div>
<script>
let daily = Math.floor(Date.now()/1000/60/60/24);document.write('<script src="https://play.pokemonshowdown.com/js/replay-embed.js?version'+daily+'"></'+'script>');
</script>
