<!DOCTYPE html>
<meta charset="utf-8" />
<!-- version 1 -->
<title>PU replay: Alolan's_Butt vs. lcezasfuck</title>
<style>
html,body {font-family:Verdana, sans-serif;font-size:10pt;margin:0;padding:0;}body{padding:12px 0;} .battle-log {font-family:Verdana, sans-serif;font-size:10pt;} .battle-log-inline {border:1px solid #AAAAAA;background:#EEF2F5;color:black;max-width:640px;margin:0 auto 80px;padding-bottom:5px;} .battle-log .inner {padding:4px 8px 0px 8px;} .battle-log .inner-preempt {padding:0 8px 4px 8px;} .battle-log .inner-after {margin-top:0.5em;} .battle-log h2 {margin:0.5em -8px;padding:4px 8px;border:1px solid #AAAAAA;background:#E0E7EA;border-left:0;border-right:0;font-family:Verdana, sans-serif;font-size:13pt;} .battle-log .chat {vertical-align:middle;padding:3px 0 3px 0;font-size:8pt;} .battle-log .chat strong {color:#40576A;} .battle-log .chat em {padding:1px 4px 1px 3px;color:#000000;font-style:normal;} .chat.mine {background:rgba(0,0,0,0.05);margin-left:-8px;margin-right:-8px;padding-left:8px;padding-right:8px;} .spoiler {color:#BBBBBB;background:#BBBBBB;padding:0px 3px;} .spoiler:hover, .spoiler:active, .spoiler-shown {color:#000000;background:#E2E2E2;padding:0px 3px;} .spoiler a {color:#BBBBBB;} .spoiler:hover a, .spoiler:active a, .spoiler-shown a {color:#2288CC;} .chat code, .chat .spoiler:hover code, .chat .spoiler:active code, .chat .spoiler-shown code {border:1px solid #C0C0C0;background:#EEEEEE;color:black;padding:0 2px;} .chat .spoiler code {border:1px solid #CCCCCC;background:#CCCCCC;color:#CCCCCC;} .battle-log .rated {padding:3px 4px;} .battle-log .rated strong {color:white;background:#89A;padding:1px 4px;border-radius:4px;} .spacer {margin-top:0.5em;} .message-announce {background:#6688AA;color:white;padding:1px 4px 2px;} .message-announce a, .broadcast-green a, .broadcast-blue a, .broadcast-red a {color:#DDEEFF;} .broadcast-green {background-color:#559955;color:white;padding:2px 4px;} .broadcast-blue {background-color:#6688AA;color:white;padding:2px 4px;} .infobox {border:1px solid #6688AA;padding:2px 4px;} .infobox-limited {max-height:200px;overflow:auto;overflow-x:hidden;} .broadcast-red {background-color:#AA5544;color:white;padding:2px 4px;} .message-learn-canlearn {font-weight:bold;color:#228822;text-decoration:underline;} .message-learn-cannotlearn {font-weight:bold;color:#CC2222;text-decoration:underline;} .message-effect-weak {font-weight:bold;color:#CC2222;} .message-effect-resist {font-weight:bold;color:#6688AA;} .message-effect-immune {font-weight:bold;color:#666666;} .message-learn-list {margin-top:0;margin-bottom:0;} .message-throttle-notice, .message-error {color:#992222;} .message-overflow, .chat small.message-overflow {font-size:0pt;} .message-overflow::before {font-size:9pt;content:'...';} .subtle {color:#3A4A66;}
</style>
<div class="wrapper replay-wrapper" style="max-width:1180px;margin:0 auto">
<input type="hidden" name="replayid" value="pu-563380200" />
<div class="battle"></div><div class="battle-log"></div><div class="replay-controls"></div><div class="replay-controls-2"></div>
<h1 style="font-weight:normal;text-align:center"><strong>PU</strong><br /><a href="http://pokemonshowdown.com/users/alolansbutt" class="subtle" target="_blank">Alolan's_Butt</a> vs. <a href="http://pokemonshowdown.com/users/lcezasfuck" class="subtle" target="_blank">lcezasfuck</a></h1>
<script type="text/plain" class="battle-log-data">|j|Alolan's_Butt
|j|lcezasfuck
|player|p1|Alolan's_Butt|2
|player|p2|lcezasfuck|1
|gametype|singles
|gen|6
|tier|PU
|rated
|seed|31219,46509,6534,4846
|rule|Sleep Clause Mod: Limit one foe put to sleep
|rule|Species Clause: Limit one of each Pokémon
|rule|OHKO Clause: OHKO moves are banned
|rule|Moody Clause: Moody is banned
|rule|Evasion Moves Clause: Evasion moves are banned
|rule|Endless Battle Clause: Forcing endless battles is banned
|rule|HP Percentage Mod: HP is shown in percentages
|clearpoke
|poke|p1|Natu, F|item
|poke|p1|Lopunny, F|item
|poke|p1|Misdreavus, M|item
|poke|p1|Aipom, F, shiny|item
|poke|p1|Smeargle, M|item
|poke|p1|Furfrou, M|item
|poke|p2|Monferno, M|item
|poke|p2|Clefairy, F|item
|poke|p2|Avalugg, F|item
|poke|p2|Politoed, M|item
|poke|p2|Marowak, F|item
|poke|p2|Raichu, F|item
|rule|Swagger Clause: Swagger is banned
|rule|Baton Pass Clause: Limit one Baton Passer, can't pass Spe and other stats simultaneously
|teampreview
|choice|team 4, team 2, team 3, team 1, team 5, team 6|team 1, team 2, team 3, team 4, team 5, team 6
|
|start
|switch|p1a: Aipom|Aipom, F, shiny|252\/252
|switch|p2a: Monferno|Monferno, M|269\/269
|turn|1
|choice|move knockoff|move firepunch
|
|move|p2a: Monferno|Fire Punch|p1a: Aipom
|-damage|p1a: Aipom|72\/252
|-status|p1a: Aipom|brn
|move|p1a: Aipom|Knock Off|p2a: Monferno
|-resisted|p2a: Monferno
|-crit|p2a: Monferno
|-damage|p2a: Monferno|225\/269
|-enditem|p2a: Monferno|Eviolite|[from] move: Knock Off|[of] p1a: Aipom
|-damage|p1a: Aipom|47\/252 brn|[from] item: Life Orb
|
|-damage|p1a: Aipom|16\/252 brn|[from] brn
|upkeep
|turn|2
|choice|move lowkick|move firepunch
|
|move|p2a: Monferno|Fire Punch|p1a: Aipom
|-damage|p1a: Aipom|0 fnt
|faint|p1a: Aipom
|
|upkeep
|choice|switch 3|
|
|switch|p1a: AssHole|Misdreavus, M|324\/324
|turn|3
|choice|move thunderwave|switch 2
|
|switch|p2a: Clefairy|Clefairy, F|344\/344
|move|p1a: AssHole|Thunder Wave|p2a: Clefairy
|-status|p2a: Clefairy|par
|
|upkeep
|turn|4
|choice|switch 5|move knockoff
|
|switch|p1a: Special|Smeargle, M|314\/314
|cant|p2a: Clefairy|par
|
|upkeep
|turn|5
|choice|move stickyweb|switch 2
|
|switch|p2a: Monferno|Monferno, M|225\/269
|move|p1a: Special|Sticky Web|p2a: Monferno
|-sidestart|p2: lcezasfuck|move: Sticky Web
|
|upkeep
|turn|6
|choice|move stealthrock|move doublekick
|
|move|p2a: Monferno|Double Kick|p1a: Special
|-supereffective|p1a: Special
|-damage|p1a: Special|134\/314
|-supereffective|p1a: Special
|-damage|p1a: Special|0 fnt
|-hitcount|p1a: Special|2
|faint|p1a: Special
|
|upkeep
|choice|switch 5|
|
|switch|p1a: AssHole|Misdreavus, M|324\/324
|turn|7
|choice|move meanlook|switch 2
|
|switch|p2a: Clefairy|Clefairy, F|344\/344 par
|-activate|p2a: Clefairy|move: Sticky Web
|-unboost|p2a: Clefairy|spe|1
|move|p1a: AssHole|Mean Look|p2a: Clefairy
|-activate|p2a: Clefairy|trapped
|
|upkeep
|turn|8
|choice|move taunt|move knockoff
|
|move|p1a: AssHole|Taunt|p2a: Clefairy
|-start|p2a: Clefairy|move: Taunt
|move|p2a: Clefairy|Knock Off|p1a: AssHole
|-supereffective|p1a: AssHole
|-damage|p1a: AssHole|272\/324
|-enditem|p1a: AssHole|Eviolite|[from] move: Knock Off|[of] p2a: Clefairy
|
|upkeep
|turn|9
|choice|move flash|move moonblast
|
|move|p1a: AssHole|Flash|p2a: Clefairy
|-unboost|p2a: Clefairy|accuracy|1
|move|p2a: Clefairy|Moonblast|p1a: AssHole
|-damage|p1a: AssHole|184\/324
|
|upkeep
|turn|10
|choice|switch 2|move moonblast
|
|switch|p1a: encore Incominggg|Lopunny, F|306\/306
|move|p2a: Clefairy|Moonblast|p1a: encore Incominggg
|-damage|p1a: encore Incominggg|225\/306
|
|-end|p2a: Clefairy|move: Taunt
|upkeep
|turn|11
|choice|move cosmicpower|switch 4
|
|switch|p2a: Come on Fire|Politoed, M|384\/384
|-activate|p2a: Come on Fire|move: Sticky Web
|-unboost|p2a: Come on Fire|spe|1
|move|p1a: encore Incominggg|Cosmic Power|p1a: encore Incominggg
|-boost|p1a: encore Incominggg|def|1
|-boost|p1a: encore Incominggg|spd|1
|
|upkeep
|turn|12
|choice|move cosmicpower|move encore
|
|move|p1a: encore Incominggg|Cosmic Power|p1a: encore Incominggg
|-boost|p1a: encore Incominggg|def|1
|-boost|p1a: encore Incominggg|spd|1
|move|p2a: Come on Fire|Encore|p1a: encore Incominggg
|-start|p1a: encore Incominggg|Encore
|
|upkeep
|turn|13
|choice|move cosmicpower|switch 3
|
|switch|p2a: Avalugg|Avalugg, F|394\/394
|-activate|p2a: Avalugg|move: Sticky Web
|-unboost|p2a: Avalugg|spe|1
|move|p1a: encore Incominggg|Cosmic Power|p1a: encore Incominggg
|-boost|p1a: encore Incominggg|def|1
|-boost|p1a: encore Incominggg|spd|1
|
|upkeep
|turn|14
|choice|move cosmicpower|move roar
|
|move|p1a: encore Incominggg|Cosmic Power|p1a: encore Incominggg
|-boost|p1a: encore Incominggg|def|1
|-boost|p1a: encore Incominggg|spd|1
|move|p2a: Avalugg|Roar|p1a: encore Incominggg
|drag|p1a: AssHole|Misdreavus, M|184\/324
|
|upkeep
|turn|15
|choice|move taunt|move avalanche
|
|move|p1a: AssHole|Taunt|p2a: Avalugg
|-start|p2a: Avalugg|move: Taunt
|move|p2a: Avalugg|Avalanche|p1a: AssHole
|-damage|p1a: AssHole|106\/324
|
|upkeep
|turn|16
|choice|move meanlook|move avalanche
|
|move|p1a: AssHole|Mean Look|p2a: Avalugg
|-activate|p2a: Avalugg|trapped
|move|p2a: Avalugg|Avalanche|p1a: AssHole
|-damage|p1a: AssHole|27\/324
|
|upkeep
|turn|17
|choice|move flash|move avalanche
|
|move|p1a: AssHole|Flash|p2a: Avalugg
|-unboost|p2a: Avalugg|accuracy|1
|move|p2a: Avalugg|Avalanche|p1a: AssHole
|-damage|p1a: AssHole|0 fnt
|faint|p1a: AssHole
|
|-end|p2a: Avalugg|move: Taunt
|upkeep
|choice|switch 2|
|
|switch|p1a: encore Incominggg|Lopunny, F|225\/306
|turn|18
|choice|move encore|switch 2
|
|switch|p2a: Monferno|Monferno, M|225\/269
|-activate|p2a: Monferno|move: Sticky Web
|-unboost|p2a: Monferno|spe|1
|move|p1a: encore Incominggg|Encore|p2a: Monferno
|-fail|p2a: Monferno
|
|upkeep
|turn|19
|choice|move cosmicpower|move closecombat
|
|move|p1a: encore Incominggg|Cosmic Power|p1a: encore Incominggg
|-boost|p1a: encore Incominggg|def|1
|-boost|p1a: encore Incominggg|spd|1
|move|p2a: Monferno|Close Combat|p1a: encore Incominggg
|-supereffective|p1a: encore Incominggg
|-crit|p1a: encore Incominggg
|-damage|p1a: encore Incominggg|0 fnt
|-unboost|p2a: Monferno|def|1
|-unboost|p2a: Monferno|spd|1
|faint|p1a: encore Incominggg
|
|upkeep
|-message|Alolan's_Butt forfeited.
|
|win|lcezasfuck
|l|Alolan's_Butt
|raw|Alolan&apos;s_Butt's rating: 1300 &rarr; <strong>1282<\/strong><br \/>(-18 for losing)
|raw|lcezasfuck's rating: 1408 &rarr; <strong>1422<\/strong><br \/>(+14 for winning)</script>
</div>
<div class="battle-log battle-log-inline"><div class="inner"><div class="battle-options"></div><div class="inner"><div class="chat"><small>Alolan's_Butt joined.</small></div><div class="chat"><small>lcezasfuck joined.</small></div><div class=""><small>Format:</small> <br><strong>PU</strong></div><div class="rated"><strong>Rated battle</strong></div><div class=""><small><em>Sleep Clause Mod:</em> Limit one foe put to sleep</small></div><div class=""><small><em>Species Clause:</em> Limit one of each Pokémon</small></div><div class=""><small><em>OHKO Clause:</em> OHKO moves are banned</small></div><div class=""><small><em>Moody Clause:</em> Moody is banned</small></div><div class=""><small><em>Evasion Moves Clause:</em> Evasion moves are banned</small></div><div class=""><small><em>Endless Battle Clause:</em> Forcing endless battles is banned</small></div><div class=""><small><em>HP Percentage Mod:</em> HP is shown in percentages</small></div><div class=""><small><em>Swagger Clause:</em> Swagger is banned</small></div><div class=""><small><em>Baton Pass Clause:</em> Limit one Baton Passer, can't pass Spe and other stats simultaneously</small></div><div class="chat battle-history"><strong>Alolan's_Butt's team:</strong> <em style="color:#445566;display:block;">Natu / Lopunny / Misdreavus / Aipom / Smeargle / Furfrou</em></div><div class="chat battle-history"><strong>lcezasfuck's team:</strong> <em style="color:#445566;display:block;">Monferno / Clefairy / Avalugg / Politoed / Marowak / Raichu</em></div><div class="spacer battle-history"><br></div><div class="battle-history">Battle started between Alolan's_Butt and lcezasfuck!<br></div><div class="spacer battle-history"><br></div><div class="battle-history">Go! <strong>Aipom</strong>!<br></div><div class="spacer battle-history"><br></div><div class="battle-history">lcezasfuck sent out <strong>Monferno</strong>!<br></div><div class="spacer battle-history"><br></div><h2 class="battle-history">Turn 1</h2><div class="spacer battle-history"><br></div><div class="battle-history">The opposing Monferno used <strong>Fire Punch</strong>!<br></div><div class="battle-history"><small>(Aipom lost <abbr title="−180/252">71.4%</abbr> of its health!)</small><br></div><div class="battle-history"><small>Aipom was burned!</small><br></div><div class="spacer battle-history"><br></div><div class="battle-history">Aipom used <strong>Knock Off</strong>!<br></div><div class="battle-history"><small>It's not very effective...</small><br></div><div class="battle-history"><small>A critical hit!</small><br></div><div class="battle-history"><small>(The opposing Monferno lost <abbr title="−44/269">16.4%</abbr> of its health!)</small><br></div><div class="battle-history"><small>Aipom knocked off the opposing Monferno's Eviolite!</small><br></div><div class="battle-history"><small>Aipom lost some of its HP!</small><br></div><div class="spacer battle-history"><br></div><div class="battle-history"><small>Aipom was hurt by its burn!</small><br></div><div class="spacer battle-history"><br></div><h2 class="battle-history">Turn 2</h2><div class="spacer battle-history"><br></div><div class="battle-history">The opposing Monferno used <strong>Fire Punch</strong>!<br></div><div class="battle-history"><small>(Aipom lost <abbr title="−16/252">6.3%</abbr> of its health!)</small><br></div><div class="spacer battle-history"><br></div><div class="battle-history">Aipom fainted!<br></div><div class="spacer battle-history"><br></div><div class="battle-history">Go! AssHole (<strong>Misdreavus</strong>)!<br></div><div class="spacer battle-history"><br></div><h2 class="battle-history">Turn 3</h2><div class="spacer battle-history"><br></div><div class="battle-history">lcezasfuck withdrew Monferno!<br></div><div class="battle-history">lcezasfuck sent out <strong>Clefairy</strong>!<br></div><div class="spacer battle-history"><br></div><div class="battle-history">AssHole used <strong>Thunder Wave</strong>!<br></div><div class="battle-history"><small>The opposing Clefairy is paralyzed! It may be unable to move!</small><br></div><div class="spacer battle-history"><br></div><h2 class="battle-history">Turn 4</h2><div class="spacer battle-history"><br></div><div class="battle-history">AssHole, come back!<br></div><div class="battle-history">Go! Special (<strong>Smeargle</strong>)!<br></div><div class="spacer battle-history"><br></div><div class="battle-history">The opposing Clefairy is paralyzed! It can't move!<br></div><div class="spacer battle-history"><br></div><h2 class="battle-history">Turn 5</h2><div class="spacer battle-history"><br></div><div class="battle-history">lcezasfuck withdrew Clefairy!<br></div><div class="battle-history">lcezasfuck sent out <strong>Monferno</strong>!<br></div><div class="spacer battle-history"><br></div><div class="battle-history">Special used <strong>Sticky Web</strong>!<br></div><div class="battle-history"><small>A sticky web spreads out on the ground around the opposing team!</small><br></div><div class="spacer battle-history"><br></div><h2 class="battle-history">Turn 6</h2><div class="spacer battle-history"><br></div><div class="battle-history">The opposing Monferno used <strong>Double Kick</strong>!<br></div><div class="battle-history"><small>It's super effective!</small><br></div><div class="battle-history"><small>(Special lost <abbr title="−180/314">57.3%</abbr> of its health!)</small><br></div><div class="battle-history"><small>It's super effective!</small><br></div><div class="battle-history"><small>(Special lost <abbr title="−134/314">42.7%</abbr> of its health!)</small><br></div><div class="battle-history"><small>Hit 2 times!</small><br></div><div class="spacer battle-history"><br></div><div class="battle-history">Special fainted!<br></div><div class="spacer battle-history"><br></div><div class="battle-history">Go! AssHole (<strong>Misdreavus</strong>)!<br></div><div class="spacer battle-history"><br></div><h2 class="battle-history">Turn 7</h2><div class="spacer battle-history"><br></div><div class="battle-history">lcezasfuck withdrew Monferno!<br></div><div class="battle-history">lcezasfuck sent out <strong>Clefairy</strong>!<br></div><div class="battle-history"><small>The opposing Clefairy was caught in a sticky web!</small><br></div><div class="battle-history"><small>The opposing Clefairy's Speed fell!</small><br></div><div class="spacer battle-history"><br></div><div class="battle-history">AssHole used <strong>Mean Look</strong>!<br></div><div class="battle-history"><small>The opposing Clefairy can no longer escape!</small><br></div><div class="spacer battle-history"><br></div><h2 class="battle-history">Turn 8</h2><div class="spacer battle-history"><br></div><div class="battle-history">AssHole used <strong>Taunt</strong>!<br></div><div class="battle-history"><small>The opposing Clefairy fell for the taunt!</small><br></div><div class="spacer battle-history"><br></div><div class="battle-history">The opposing Clefairy used <strong>Knock Off</strong>!<br></div><div class="battle-history"><small>It's super effective!</small><br></div><div class="battle-history"><small>(AssHole lost <abbr title="−52/324">16.0%</abbr> of its health!)</small><br></div><div class="battle-history"><small>The opposing Clefairy knocked off AssHole's Eviolite!</small><br></div><div class="spacer battle-history"><br></div><h2 class="battle-history">Turn 9</h2><div class="spacer battle-history"><br></div><div class="battle-history">AssHole used <strong>Flash</strong>!<br></div><div class="battle-history"><small>The opposing Clefairy's accuracy fell!</small><br></div><div class="spacer battle-history"><br></div><div class="battle-history">The opposing Clefairy used <strong>Moonblast</strong>!<br></div><div class="battle-history"><small>(AssHole lost <abbr title="−88/324">27.2%</abbr> of its health!)</small><br></div><div class="spacer battle-history"><br></div><h2 class="battle-history">Turn 10</h2><div class="spacer battle-history"><br></div><div class="battle-history">AssHole, come back!<br></div><div class="battle-history">Go! encore Incominggg (<strong>Lopunny</strong>)!<br></div><div class="spacer battle-history"><br></div><div class="battle-history">The opposing Clefairy used <strong>Moonblast</strong>!<br></div><div class="battle-history"><small>(encore Incominggg lost <abbr title="−81/306">26.5%</abbr> of its health!)</small><br></div><div class="spacer battle-history"><br></div><div class="battle-history"><small>The opposing Clefairy's taunt wore off!</small><br></div><div class="spacer battle-history"><br></div><h2 class="battle-history">Turn 11</h2><div class="spacer battle-history"><br></div><div class="battle-history">lcezasfuck withdrew Clefairy!<br></div><div class="battle-history">lcezasfuck sent out Come on Fire (<strong>Politoed</strong>)!<br></div><div class="battle-history"><small>The opposing Come on Fire was caught in a sticky web!</small><br></div><div class="battle-history"><small>The opposing Come on Fire's Speed fell!</small><br></div><div class="spacer battle-history"><br></div><div class="battle-history">encore Incominggg used <strong>Cosmic Power</strong>!<br></div><div class="battle-history"><small>encore Incominggg's Defense rose!</small><br></div><div class="battle-history"><small>encore Incominggg's Special Defense rose!</small><br></div><div class="spacer battle-history"><br></div><h2 class="battle-history">Turn 12</h2><div class="spacer battle-history"><br></div><div class="battle-history">encore Incominggg used <strong>Cosmic Power</strong>!<br></div><div class="battle-history"><small>encore Incominggg's Defense rose!</small><br></div><div class="battle-history"><small>encore Incominggg's Special Defense rose!</small><br></div><div class="spacer battle-history"><br></div><div class="battle-history">The opposing Come on Fire used <strong>Encore</strong>!<br></div><div class="battle-history"><small>encore Incominggg received an encore!</small><br></div><div class="spacer battle-history"><br></div><h2 class="battle-history">Turn 13</h2><div class="spacer battle-history"><br></div><div class="battle-history">lcezasfuck withdrew Come on Fire!<br></div><div class="battle-history">lcezasfuck sent out <strong>Avalugg</strong>!<br></div><div class="battle-history"><small>The opposing Avalugg was caught in a sticky web!</small><br></div><div class="battle-history"><small>The opposing Avalugg's Speed fell!</small><br></div><div class="spacer battle-history"><br></div><div class="battle-history">encore Incominggg used <strong>Cosmic Power</strong>!<br></div><div class="battle-history"><small>encore Incominggg's Defense rose!</small><br></div><div class="battle-history"><small>encore Incominggg's Special Defense rose!</small><br></div><div class="spacer battle-history"><br></div><h2 class="battle-history">Turn 14</h2><div class="spacer battle-history"><br></div><div class="battle-history">encore Incominggg used <strong>Cosmic Power</strong>!<br></div><div class="battle-history"><small>encore Incominggg's Defense rose!</small><br></div><div class="battle-history"><small>encore Incominggg's Special Defense rose!</small><br></div><div class="spacer battle-history"><br></div><div class="battle-history">The opposing Avalugg used <strong>Roar</strong>!<br></div><div class="spacer battle-history"><br></div><div class="battle-history">AssHole (<strong>Misdreavus</strong>) was dragged out!<br></div><div class="spacer battle-history"><br></div><h2 class="battle-history">Turn 15</h2><div class="spacer battle-history"><br></div><div class="battle-history">AssHole used <strong>Taunt</strong>!<br></div><div class="battle-history"><small>The opposing Avalugg fell for the taunt!</small><br></div><div class="spacer battle-history"><br></div><div class="battle-history">The opposing Avalugg used <strong>Avalanche</strong>!<br></div><div class="battle-history"><small>(AssHole lost <abbr title="−78/324">24.1%</abbr> of its health!)</small><br></div><div class="spacer battle-history"><br></div><h2 class="battle-history">Turn 16</h2><div class="spacer battle-history"><br></div><div class="battle-history">AssHole used <strong>Mean Look</strong>!<br></div><div class="battle-history"><small>The opposing Avalugg can no longer escape!</small><br></div><div class="spacer battle-history"><br></div><div class="battle-history">The opposing Avalugg used <strong>Avalanche</strong>!<br></div><div class="battle-history"><small>(AssHole lost <abbr title="−79/324">24.4%</abbr> of its health!)</small><br></div><div class="spacer battle-history"><br></div><h2 class="battle-history">Turn 17</h2><div class="spacer battle-history"><br></div><div class="battle-history">AssHole used <strong>Flash</strong>!<br></div><div class="battle-history"><small>The opposing Avalugg's accuracy fell!</small><br></div><div class="spacer battle-history"><br></div><div class="battle-history">The opposing Avalugg used <strong>Avalanche</strong>!<br></div><div class="battle-history"><small>(AssHole lost <abbr title="−27/324">8.3%</abbr> of its health!)</small><br></div><div class="spacer battle-history"><br></div><div class="battle-history">AssHole fainted!<br></div><div class="spacer battle-history"><br></div><div class="battle-history"><small>The opposing Avalugg's taunt wore off!</small><br></div><div class="spacer battle-history"><br></div><div class="battle-history">Go! encore Incominggg (<strong>Lopunny</strong>)!<br></div><div class="spacer battle-history"><br></div><h2 class="battle-history">Turn 18</h2><div class="spacer battle-history"><br></div><div class="battle-history">lcezasfuck withdrew Avalugg!<br></div><div class="battle-history">lcezasfuck sent out <strong>Monferno</strong>!<br></div><div class="battle-history"><small>The opposing Monferno was caught in a sticky web!</small><br></div><div class="battle-history"><small>The opposing Monferno's Speed fell!</small><br></div><div class="spacer battle-history"><br></div><div class="battle-history">encore Incominggg used <strong>Encore</strong>!<br></div><div class="battle-history"><small>But it failed!</small><br></div><div class="spacer battle-history"><br></div><h2 class="battle-history">Turn 19</h2><div class="spacer battle-history"><br></div><div class="battle-history">encore Incominggg used <strong>Cosmic Power</strong>!<br></div><div class="battle-history"><small>encore Incominggg's Defense rose!</small><br></div><div class="battle-history"><small>encore Incominggg's Special Defense rose!</small><br></div><div class="spacer battle-history"><br></div><div class="battle-history">The opposing Monferno used <strong>Close Combat</strong>!<br></div><div class="battle-history"><small>It's super effective!</small><br></div><div class="battle-history"><small>A critical hit!</small><br></div><div class="battle-history"><small>(encore Incominggg lost <abbr title="−225/306">73.5%</abbr> of its health!)</small><br></div><div class="battle-history"><small>The opposing Monferno's Defense fell!</small><br></div><div class="battle-history"><small>The opposing Monferno's Special Defense fell!</small><br></div><div class="spacer battle-history"><br></div><div class="battle-history">encore Incominggg fainted!<br></div><div class="spacer battle-history"><br></div><div class="battle-history"><small>Alolan's_Butt forfeited.</small><br></div><div class="spacer battle-history"><br></div><div class="battle-history"><strong>lcezasfuck</strong> won the battle!<br></div><div class="chat"><small>Alolan's_Butt left.</small></div><div class="chat">Alolan's_Butt's rating: 1300 → <strong>1282</strong><br>(-18 for losing)</div><div class="chat">lcezasfuck's rating: 1408 → <strong>1422</strong><br>(+14 for winning)</div></div><div class="inner-preempt"></div></div></div>
</div>
<script>
let daily = Math.floor(Date.now()/1000/60/60/24);document.write('<script src="https://play.pokemonshowdown.com/js/replay-embed.js?version'+daily+'"></'+'script>');
</script>
