<!DOCTYPE html>
<meta charset="utf-8" />
<!-- version 1 -->
<title>PU replay: Smallsmallrose vs. lcezasfuck</title>
<style>
html,body {font-family:Verdana, sans-serif;font-size:10pt;margin:0;padding:0;}body{padding:12px 0;} .battle-log {font-family:Verdana, sans-serif;font-size:10pt;} .battle-log-inline {border:1px solid #AAAAAA;background:#EEF2F5;color:black;max-width:640px;margin:0 auto 80px;padding-bottom:5px;} .battle-log .inner {padding:4px 8px 0px 8px;} .battle-log .inner-preempt {padding:0 8px 4px 8px;} .battle-log .inner-after {margin-top:0.5em;} .battle-log h2 {margin:0.5em -8px;padding:4px 8px;border:1px solid #AAAAAA;background:#E0E7EA;border-left:0;border-right:0;font-family:Verdana, sans-serif;font-size:13pt;} .battle-log .chat {vertical-align:middle;padding:3px 0 3px 0;font-size:8pt;} .battle-log .chat strong {color:#40576A;} .battle-log .chat em {padding:1px 4px 1px 3px;color:#000000;font-style:normal;} .chat.mine {background:rgba(0,0,0,0.05);margin-left:-8px;margin-right:-8px;padding-left:8px;padding-right:8px;} .spoiler {color:#BBBBBB;background:#BBBBBB;padding:0px 3px;} .spoiler:hover, .spoiler:active, .spoiler-shown {color:#000000;background:#E2E2E2;padding:0px 3px;} .spoiler a {color:#BBBBBB;} .spoiler:hover a, .spoiler:active a, .spoiler-shown a {color:#2288CC;} .chat code, .chat .spoiler:hover code, .chat .spoiler:active code, .chat .spoiler-shown code {border:1px solid #C0C0C0;background:#EEEEEE;color:black;padding:0 2px;} .chat .spoiler code {border:1px solid #CCCCCC;background:#CCCCCC;color:#CCCCCC;} .battle-log .rated {padding:3px 4px;} .battle-log .rated strong {color:white;background:#89A;padding:1px 4px;border-radius:4px;} .spacer {margin-top:0.5em;} .message-announce {background:#6688AA;color:white;padding:1px 4px 2px;} .message-announce a, .broadcast-green a, .broadcast-blue a, .broadcast-red a {color:#DDEEFF;} .broadcast-green {background-color:#559955;color:white;padding:2px 4px;} .broadcast-blue {background-color:#6688AA;color:white;padding:2px 4px;} .infobox {border:1px solid #6688AA;padding:2px 4px;} .infobox-limited {max-height:200px;overflow:auto;overflow-x:hidden;} .broadcast-red {background-color:#AA5544;color:white;padding:2px 4px;} .message-learn-canlearn {font-weight:bold;color:#228822;text-decoration:underline;} .message-learn-cannotlearn {font-weight:bold;color:#CC2222;text-decoration:underline;} .message-effect-weak {font-weight:bold;color:#CC2222;} .message-effect-resist {font-weight:bold;color:#6688AA;} .message-effect-immune {font-weight:bold;color:#666666;} .message-learn-list {margin-top:0;margin-bottom:0;} .message-throttle-notice, .message-error {color:#992222;} .message-overflow, .chat small.message-overflow {font-size:0pt;} .message-overflow::before {font-size:9pt;content:'...';} .subtle {color:#3A4A66;}
</style>
<div class="wrapper replay-wrapper" style="max-width:1180px;margin:0 auto">
<input type="hidden" name="replayid" value="pu-570941230" />
<div class="battle"></div><div class="battle-log"></div><div class="replay-controls"></div><div class="replay-controls-2"></div>
<h1 style="font-weight:normal;text-align:center"><strong>PU</strong><br /><a href="http://pokemonshowdown.com/users/smallsmallrose" class="subtle" target="_blank">Smallsmallrose</a> vs. <a href="http://pokemonshowdown.com/users/lcezasfuck" class="subtle" target="_blank">lcezasfuck</a></h1>
<script type="text/plain" class="battle-log-data">|j|Smallsmallrose
|j|lcezasfuck
|player|p1|Smallsmallrose|260
|player|p2|lcezasfuck|#teamrocket
|gametype|singles
|gen|6
|tier|PU
|seed|57047,41592,44330,63757
|rule|Sleep Clause Mod: Limit one foe put to sleep
|rule|Species Clause: Limit one of each Pokémon
|rule|OHKO Clause: OHKO moves are banned
|rule|Moody Clause: Moody is banned
|rule|Evasion Moves Clause: Evasion moves are banned
|rule|Endless Battle Clause: Forcing endless battles is banned
|rule|HP Percentage Mod: HP is shown in percentages
|clearpoke
|poke|p1|Rotom-Frost|item
|poke|p1|Mr. Mime, F|item
|poke|p1|Leafeon, M|item
|poke|p1|Golem, M|item
|poke|p1|Purugly, M|item
|poke|p1|Lumineon, M|item
|poke|p2|Vullaby, F|item
|poke|p2|Pawniard, F|item
|poke|p2|Probopass, F|item
|poke|p2|Dusknoir, M|item
|poke|p2|Kadabra, M|item
|poke|p2|Seaking, M|item
|rule|Swagger Clause: Swagger is banned
|rule|Baton Pass Clause: Limit one Baton Passer, can't pass Spe and other stats simultaneously
|teampreview
|choice|team 5, team 2, team 3, team 4, team 1, team 6|team 3, team 2, team 1, team 4, team 5, team 6
|
|start
|switch|p1a: Purugly|Purugly, M|283\/283
|switch|p2a: Probopass|Probopass, F|324\/324
|turn|1
|choice|move fakeout|move stealthrock
|
|move|p1a: Purugly|Fake Out|p2a: Probopass
|-resisted|p2a: Probopass
|-damage|p2a: Probopass|312\/324
|-damage|p1a: Purugly|255\/283|[from] item: Life Orb
|cant|p2a: Probopass|flinch
|
|upkeep
|turn|2
|choice|move uturn|move toxic
|
|move|p1a: Purugly|U-turn|p2a: Probopass
|-resisted|p2a: Probopass
|-damage|p2a: Probopass|282\/324
|-damage|p1a: Purugly|227\/283|[from] item: Life Orb
|choice|switch 6|
|
|switch|p1a: Lumineon|Lumineon, M|341\/341
|move|p2a: Probopass|Toxic|p1a: Lumineon
|-status|p1a: Lumineon|tox
|
|-damage|p1a: Lumineon|320\/341 tox|[from] psn
|upkeep
|turn|3
|choice|move scald|switch 6
|
|switch|p2a: Seaking|Seaking, M|364\/364
|move|p1a: Lumineon|Scald|p2a: Seaking
|-resisted|p2a: Seaking
|-damage|p2a: Seaking|325\/364
|-status|p2a: Seaking|brn
|
|-heal|p1a: Lumineon|341\/341 tox|[from] item: Leftovers
|-heal|p2a: Seaking|347\/364 brn|[from] item: Leftovers
|-damage|p1a: Lumineon|299\/341 tox|[from] psn
|-damage|p2a: Seaking|302\/364 brn|[from] brn
|upkeep
|turn|4
|choice|move uturn|move knockoff
|
|move|p1a: Lumineon|U-turn|p2a: Seaking
|-damage|p2a: Seaking|268\/364 brn
|choice|switch 3|
|
|switch|p1a: Leafeon|Leafeon, M|271\/271
|move|p2a: Seaking|Knock Off|p1a: Leafeon
|-damage|p1a: Leafeon|244\/271
|-enditem|p1a: Leafeon|Choice Band|[from] move: Knock Off|[of] p2a: Seaking
|
|-heal|p2a: Seaking|290\/364 brn|[from] item: Leftovers
|-damage|p2a: Seaking|245\/364 brn|[from] brn
|upkeep
|turn|5
|j|Spitfire Arcanine
|choice|move knockoff|switch 6
|
|switch|p2a: Probopass|Probopass, F|282\/324
|move|p1a: Leafeon|Knock Off|p2a: Probopass
|-damage|p2a: Probopass|214\/324
|-enditem|p2a: Probopass|Eviolite|[from] move: Knock Off|[of] p1a: Leafeon
|
|upkeep
|turn|6
|c|☆lcezasfuck|Wrong item
|choice|move leafblade|move stealthrock
|
|move|p1a: Leafeon|Leaf Blade|p2a: Probopass
|-damage|p2a: Probopass|118\/324
|move|p2a: Probopass|Stealth Rock|p1a: Leafeon
|-sidestart|p1: Smallsmallrose|move: Stealth Rock
|
|upkeep
|turn|7
|choice|move batonpass|move voltswitch
|
|move|p1a: Leafeon|Baton Pass|p1a: Leafeon
|choice|switch 3|
|
|switch|p1a: Lumineon|Lumineon, M|299\/341 tox
|-damage|p1a: Lumineon|257\/341 tox|[from] Stealth Rock
|move|p2a: Probopass|Volt Switch|p1a: Lumineon
|-supereffective|p1a: Lumineon
|-damage|p1a: Lumineon|149\/341 tox
|l|Spitfire Arcanine
|choice||switch 5
|
|switch|p2a: Kadabra|Kadabra, M|221\/221
|
|-heal|p1a: Lumineon|170\/341 tox|[from] item: Leftovers
|-damage|p1a: Lumineon|149\/341 tox|[from] psn
|upkeep
|turn|8
|choice|move defog|move psychic
|
|move|p2a: Kadabra|Psychic|p1a: Lumineon
|-damage|p1a: Lumineon|0 fnt
|faint|p1a: Lumineon
|
|upkeep
|choice|switch 6|
|
|switch|p1a: Purugly|Purugly, M|227\/283
|-damage|p1a: Purugly|192\/283|[from] Stealth Rock
|turn|9
|choice|move fakeout|switch 5
|
|switch|p2a: Probopass|Probopass, F|118\/324
|move|p1a: Purugly|Fake Out|p2a: Probopass
|-resisted|p2a: Probopass
|-damage|p2a: Probopass|105\/324
|-damage|p1a: Purugly|164\/283|[from] item: Life Orb
|
|upkeep
|turn|10
|choice|move uturn|move flashcannon
|
|move|p1a: Purugly|U-turn|p2a: Probopass
|-resisted|p2a: Probopass
|-damage|p2a: Probopass|75\/324
|-damage|p1a: Purugly|136\/283|[from] item: Life Orb
|choice|switch 3|
|
|switch|p1a: Leafeon|Leafeon, M|244\/271
|-damage|p1a: Leafeon|211\/271|[from] Stealth Rock
|move|p2a: Probopass|Flash Cannon|p1a: Leafeon
|-crit|p1a: Leafeon
|-damage|p1a: Leafeon|57\/271
|
|upkeep
|turn|11
|choice|move leafblade|switch 3
|
|switch|p2a: Vullaby|Vullaby, F|343\/343
|move|p1a: Leafeon|Leaf Blade|p2a: Vullaby
|-resisted|p2a: Vullaby
|-damage|p2a: Vullaby|299\/343
|
|upkeep
|turn|12
|choice|move knockoff|move uturn
|
|move|p1a: Leafeon|Knock Off|p2a: Vullaby
|-resisted|p2a: Vullaby
|-damage|p2a: Vullaby|270\/343
|-enditem|p2a: Vullaby|Eviolite|[from] move: Knock Off|[of] p1a: Leafeon
|move|p2a: Vullaby|U-turn|p1a: Leafeon
|-supereffective|p1a: Leafeon
|-damage|p1a: Leafeon|1\/271
|choice||switch 2
|
|switch|p2a: Pawniard|Pawniard, F|231\/231
|
|upkeep
|turn|13
|choice|move knockoff|move swordsdance
|
|move|p1a: Leafeon|Knock Off|p2a: Pawniard
|-resisted|p2a: Pawniard
|-damage|p2a: Pawniard|189\/231
|-enditem|p2a: Pawniard|Eviolite|[from] move: Knock Off|[of] p1a: Leafeon
|move|p2a: Pawniard|Swords Dance|p2a: Pawniard
|-boost|p2a: Pawniard|atk|2
|
|upkeep
|turn|14
|choice|move leafblade|move swordsdance
|
|move|p1a: Leafeon|Leaf Blade|p2a: Pawniard
|-resisted|p2a: Pawniard
|-damage|p2a: Pawniard|85\/231
|move|p2a: Pawniard|Swords Dance|p2a: Pawniard
|-boost|p2a: Pawniard|atk|2
|
|upkeep
|turn|15
|choice|move batonpass|move suckerpunch
|
|move|p2a: Pawniard|Sucker Punch|p1a: Leafeon|[still]
|-fail|p2a: Pawniard
|move|p1a: Leafeon|Baton Pass|p1a: Leafeon
|choice|switch 3|
|
|switch|p1a: Purugly|Purugly, M|136\/283
|-damage|p1a: Purugly|101\/283|[from] Stealth Rock
|
|upkeep
|turn|16
|choice|move fakeout|switch 3
|
|switch|p2a: Probopass|Probopass, F|75\/324
|move|p1a: Purugly|Fake Out|p2a: Probopass
|-resisted|p2a: Probopass
|-damage|p2a: Probopass|62\/324
|-damage|p1a: Purugly|73\/283|[from] item: Life Orb
|
|upkeep
|turn|17
|choice|move uturn|move flashcannon
|
|move|p1a: Purugly|U-turn|p2a: Probopass
|-resisted|p2a: Probopass
|-damage|p2a: Probopass|36\/324
|-damage|p1a: Purugly|45\/283|[from] item: Life Orb
|choice|switch 3|
|
|switch|p1a: Leafeon|Leafeon, M|1\/271
|-damage|p1a: Leafeon|0 fnt|[from] Stealth Rock
|faint|p1a: Leafeon
|move|p2a: Probopass|Flash Cannon|p1: Leafeon|[notarget]
|-notarget
|
|upkeep
|choice|switch 5|
|
|switch|p1a: Rotom|Rotom-Frost|241\/241
|-damage|p1a: Rotom|181\/241|[from] Stealth Rock
|turn|18
|choice|move blizzard|move voltswitch
|
|move|p1a: Rotom|Blizzard|p2a: Probopass
|-resisted|p2a: Probopass
|-damage|p2a: Probopass|0 fnt
|faint|p2a: Probopass
|
|upkeep
|choice||switch 5
|
|switch|p2a: Kadabra|Kadabra, M|221\/221
|turn|19
|choice|move blizzard|move psychic
|
|move|p1a: Rotom|Blizzard|p2a: Kadabra|[miss]
|-miss|p1a: Rotom|p2a: Kadabra
|move|p2a: Kadabra|Psychic|p1a: Rotom
|-damage|p1a: Rotom|49\/241
|
|upkeep
|turn|20
|choice|move blizzard|move psychic
|
|move|p1a: Rotom|Blizzard|p2a: Kadabra|[miss]
|-miss|p1a: Rotom|p2a: Kadabra
|move|p2a: Kadabra|Psychic|p1a: Rotom
|-damage|p1a: Rotom|0 fnt
|faint|p1a: Rotom
|
|upkeep
|c|☆lcezasfuck|Low accuracy
|choice|switch 3|
|
|switch|p1a: Purugly|Purugly, M|45\/283
|-damage|p1a: Purugly|10\/283|[from] Stealth Rock
|turn|21
|c|☆Smallsmallrose|Oh gee
|c|☆Smallsmallrose|its totally like frost can learn other ice moves
|c|☆lcezasfuck|Do you want wake up slap in Purugly?
|c|☆Smallsmallrose|I'm not sure yet
|c|☆lcezasfuck|!dt wake up slap
|c|~|\/data-move Wake-Up Slap
|raw|<font size="1"><font color="#686868">Priority:<\/font> 0&nbsp;|&ThickSpace;<font color="#686868">Gen:<\/font> 4&nbsp;|&ThickSpace;&#10003; Contact&nbsp;|&ThickSpace;<font color="#686868">Z-Power:<\/font> 140&nbsp;|&ThickSpace;<font color="#686868">Target:<\/font> One Adjacent Pokémon<\/font>
|c|☆lcezasfuck|Kill Probopass
|choice|move fakeout|switch 3
|
|switch|p2a: Pawniard|Pawniard, F|85\/231
|move|p1a: Purugly|Fake Out|p2a: Pawniard
|-resisted|p2a: Pawniard
|-damage|p2a: Pawniard|41\/231
|-damage|p1a: Purugly|0 fnt|[from] item: Life Orb
|faint|p1a: Purugly
|
|upkeep
|choice|switch 2|
|
|switch|p1a: Mr. Mime|Mr. Mime, F|221\/221
|-damage|p1a: Mr. Mime|194\/221|[from] Stealth Rock
|turn|22
|choice|move dazzlinggleam|move suckerpunch
|
|move|p2a: Pawniard|Sucker Punch|p1a: Mr. Mime
|-damage|p1a: Mr. Mime|16\/221
|move|p1a: Mr. Mime|Dazzling Gleam|p2a: Pawniard
|-damage|p2a: Pawniard|0 fnt
|faint|p2a: Pawniard
|
|upkeep
|choice||switch 4
|
|switch|p2a: Dusknoir|Dusknoir, M|294\/294
|-item|p1a: Mr. Mime|Choice Specs|[from] ability: Frisk|[of] p2a: Dusknoir|[identify]
|turn|23
|choice|move dazzlinggleam|move shadowsneak
|
|move|p2a: Dusknoir|Shadow Sneak|p1a: Mr. Mime
|-supereffective|p1a: Mr. Mime
|-damage|p1a: Mr. Mime|0 fnt
|faint|p1a: Mr. Mime
|
|upkeep
|choice|switch 4|
|
|switch|p1a: Golem|Golem, M|364\/364
|-damage|p1a: Golem|342\/364|[from] Stealth Rock
|turn|24
|choice|move stoneedge|move shadowsneak
|
|move|p2a: Dusknoir|Shadow Sneak|p1a: Golem
|-damage|p1a: Golem|267\/364
|move|p1a: Golem|Stone Edge|p2a: Dusknoir|[miss]
|-miss|p1a: Golem|p2a: Dusknoir
|
|-heal|p1a: Golem|289\/364|[from] item: Leftovers
|upkeep
|turn|25
|choice|move earthquake|switch 2
|
|switch|p2a: Vullaby|Vullaby, F|270\/343
|move|p1a: Golem|Earthquake|p2a: Vullaby
|-immune|p2a: Vullaby|[msg]
|
|-heal|p1a: Golem|311\/364|[from] item: Leftovers
|upkeep
|turn|26
|choice|move stoneedge|move foulplay
|
|move|p2a: Vullaby|Foul Play|p1a: Golem
|-damage|p1a: Golem|178\/364
|move|p1a: Golem|Stone Edge|p2a: Vullaby|[miss]
|-miss|p1a: Golem|p2a: Vullaby
|
|-heal|p1a: Golem|200\/364|[from] item: Leftovers
|upkeep
|turn|27
|choice|move stoneedge|move foulplay
|
|move|p2a: Vullaby|Foul Play|p1a: Golem
|-crit|p1a: Golem
|-damage|p1a: Golem|0 fnt
|faint|p1a: Golem
|
|win|lcezasfuck
|c|☆Smallsmallrose|gg
|c|☆lcezasfuck|gg</script>
</div>
<div class="battle-log battle-log-inline"><div class="inner"><div class="battle-options"></div><div class="inner"><div class="chat"><small>Smallsmallrose joined.</small></div><div class="chat"><small>lcezasfuck joined.</small></div><div class=""><small>Format:</small> <br><strong>PU</strong></div><div class=""><small><em>Sleep Clause Mod:</em> Limit one foe put to sleep</small></div><div class=""><small><em>Species Clause:</em> Limit one of each Pokémon</small></div><div class=""><small><em>OHKO Clause:</em> OHKO moves are banned</small></div><div class=""><small><em>Moody Clause:</em> Moody is banned</small></div><div class=""><small><em>Evasion Moves Clause:</em> Evasion moves are banned</small></div><div class=""><small><em>Endless Battle Clause:</em> Forcing endless battles is banned</small></div><div class=""><small><em>HP Percentage Mod:</em> HP is shown in percentages</small></div><div class=""><small><em>Swagger Clause:</em> Swagger is banned</small></div><div class=""><small><em>Baton Pass Clause:</em> Limit one Baton Passer, can't pass Spe and other stats simultaneously</small></div><div class="chat battle-history"><strong>Smallsmallrose's team:</strong> <em style="color:#445566;display:block;">Rotom-Frost / Mr. Mime / Leafeon / Golem / Purugly / Lumineon</em></div><div class="chat battle-history"><strong>lcezasfuck's team:</strong> <em style="color:#445566;display:block;">Vullaby / Pawniard / Probopass / Dusknoir / Kadabra / Seaking</em></div><div class="spacer battle-history"><br></div><div class="battle-history">Battle started between Smallsmallrose and lcezasfuck!<br></div><div class="spacer battle-history"><br></div><div class="battle-history">Go! <strong>Purugly</strong>!<br></div><div class="spacer battle-history"><br></div><div class="battle-history">lcezasfuck sent out <strong>Probopass</strong>!<br></div><div class="spacer battle-history"><br></div><h2 class="battle-history">Turn 1</h2><div class="spacer battle-history"><br></div><div class="battle-history">Purugly used <strong>Fake Out</strong>!<br></div><div class="battle-history"><small>It's not very effective...</small><br></div><div class="battle-history"><small>(The opposing Probopass lost <abbr title="−12/324">3.7%</abbr> of its health!)</small><br></div><div class="battle-history"><small>Purugly lost some of its HP!</small><br></div><div class="spacer battle-history"><br></div><div class="battle-history">The opposing Probopass flinched and couldn't move!<br></div><div class="spacer battle-history"><br></div><h2 class="battle-history">Turn 2</h2><div class="spacer battle-history"><br></div><div class="battle-history">Purugly used <strong>U-turn</strong>!<br></div><div class="battle-history"><small>It's not very effective...</small><br></div><div class="battle-history"><small>(The opposing Probopass lost <abbr title="−30/324">9.3%</abbr> of its health!)</small><br></div><div class="battle-history"><small>Purugly lost some of its HP!</small><br></div><div class="spacer battle-history"><br></div><div class="battle-history">Purugly went back to Smallsmallrose!<br></div><div class="battle-history">Go! <strong>Lumineon</strong>!<br></div><div class="spacer battle-history"><br></div><div class="battle-history">The opposing Probopass used <strong>Toxic</strong>!<br></div><div class="battle-history"><small>Lumineon was badly poisoned!</small><br></div><div class="spacer battle-history"><br></div><div class="battle-history"><small>Lumineon was hurt by poison!</small><br></div><div class="spacer battle-history"><br></div><h2 class="battle-history">Turn 3</h2><div class="spacer battle-history"><br></div><div class="battle-history">lcezasfuck withdrew Probopass!<br></div><div class="battle-history">lcezasfuck sent out <strong>Seaking</strong>!<br></div><div class="spacer battle-history"><br></div><div class="battle-history">Lumineon used <strong>Scald</strong>!<br></div><div class="battle-history"><small>It's not very effective...</small><br></div><div class="battle-history"><small>(The opposing Seaking lost <abbr title="−39/364">10.7%</abbr> of its health!)</small><br></div><div class="battle-history"><small>The opposing Seaking was burned!</small><br></div><div class="spacer battle-history"><br></div><div class="battle-history"><small>Lumineon restored a little HP using its Leftovers!</small><br></div><div class="battle-history"><small>The opposing Seaking restored a little HP using its Leftovers!</small><br></div><div class="battle-history"><small>Lumineon was hurt by poison!</small><br></div><div class="battle-history"><small>The opposing Seaking was hurt by its burn!</small><br></div><div class="spacer battle-history"><br></div><h2 class="battle-history">Turn 4</h2><div class="spacer battle-history"><br></div><div class="battle-history">Lumineon used <strong>U-turn</strong>!<br></div><div class="battle-history"><small>(The opposing Seaking lost <abbr title="−34/364">9.3%</abbr> of its health!)</small><br></div><div class="spacer battle-history"><br></div><div class="battle-history">Lumineon went back to Smallsmallrose!<br></div><div class="battle-history">Go! <strong>Leafeon</strong>!<br></div><div class="spacer battle-history"><br></div><div class="battle-history">The opposing Seaking used <strong>Knock Off</strong>!<br></div><div class="battle-history"><small>(Leafeon lost <abbr title="−27/271">10.0%</abbr> of its health!)</small><br></div><div class="battle-history"><small>The opposing Seaking knocked off Leafeon's Choice Band!</small><br></div><div class="spacer battle-history"><br></div><div class="battle-history"><small>The opposing Seaking restored a little HP using its Leftovers!</small><br></div><div class="battle-history"><small>The opposing Seaking was hurt by its burn!</small><br></div><div class="spacer battle-history"><br></div><h2 class="battle-history">Turn 5</h2><div class="chat"><small>Spitfire Arcanine joined.</small></div><div class="spacer battle-history"><br></div><div class="battle-history">lcezasfuck withdrew Seaking!<br></div><div class="battle-history">lcezasfuck sent out <strong>Probopass</strong>!<br></div><div class="spacer battle-history"><br></div><div class="battle-history">Leafeon used <strong>Knock Off</strong>!<br></div><div class="battle-history"><small>(The opposing Probopass lost <abbr title="−68/324">21.0%</abbr> of its health!)</small><br></div><div class="battle-history"><small>Leafeon knocked off the opposing Probopass's Eviolite!</small><br></div><div class="spacer battle-history"><br></div><h2 class="battle-history">Turn 6</h2><div class="chat chatmessage-lcezasfuck"><strong style="color:hsl(63,60%,38.09380051909%)"><small>☆</small><span class="username" data-name="lcezasfuck">lcezasfuck</span>:</strong> <em>Wrong item</em></div><div class="spacer battle-history"><br></div><div class="battle-history">Leafeon used <strong>Leaf Blade</strong>!<br></div><div class="battle-history"><small>(The opposing Probopass lost <abbr title="−96/324">29.6%</abbr> of its health!)</small><br></div><div class="spacer battle-history"><br></div><div class="battle-history">The opposing Probopass used <strong>Stealth Rock</strong>!<br></div><div class="battle-history"><small>Pointed stones float in the air around your team!</small><br></div><div class="spacer battle-history"><br></div><h2 class="battle-history">Turn 7</h2><div class="spacer battle-history"><br></div><div class="battle-history">Leafeon used <strong>Baton Pass</strong>!<br></div><div class="spacer battle-history"><br></div><div class="battle-history">Go! <strong>Lumineon</strong>!<br></div><div class="battle-history"><small>Pointed stones dug into Lumineon!</small><br></div><div class="spacer battle-history"><br></div><div class="battle-history">The opposing Probopass used <strong>Volt Switch</strong>!<br></div><div class="battle-history"><small>It's super effective!</small><br></div><div class="battle-history"><small>(Lumineon lost <abbr title="−108/341">31.7%</abbr> of its health!)</small><br></div><div class="chat"><small>Spitfire Arcanine left.</small></div><div class="spacer battle-history"><br></div><div class="battle-history">The opposing Probopass went back to lcezasfuck!<br></div><div class="battle-history">lcezasfuck sent out <strong>Kadabra</strong>!<br></div><div class="spacer battle-history"><br></div><div class="battle-history"><small>Lumineon restored a little HP using its Leftovers!</small><br></div><div class="battle-history"><small>Lumineon was hurt by poison!</small><br></div><div class="spacer battle-history"><br></div><h2 class="battle-history">Turn 8</h2><div class="spacer battle-history"><br></div><div class="battle-history">The opposing Kadabra used <strong>Psychic</strong>!<br></div><div class="battle-history"><small>(Lumineon lost <abbr title="−149/341">43.7%</abbr> of its health!)</small><br></div><div class="spacer battle-history"><br></div><div class="battle-history">Lumineon fainted!<br></div><div class="spacer battle-history"><br></div><div class="battle-history">Go! <strong>Purugly</strong>!<br></div><div class="battle-history"><small>Pointed stones dug into Purugly!</small><br></div><div class="spacer battle-history"><br></div><h2 class="battle-history">Turn 9</h2><div class="spacer battle-history"><br></div><div class="battle-history">lcezasfuck withdrew Kadabra!<br></div><div class="battle-history">lcezasfuck sent out <strong>Probopass</strong>!<br></div><div class="spacer battle-history"><br></div><div class="battle-history">Purugly used <strong>Fake Out</strong>!<br></div><div class="battle-history"><small>It's not very effective...</small><br></div><div class="battle-history"><small>(The opposing Probopass lost <abbr title="−13/324">4.0%</abbr> of its health!)</small><br></div><div class="battle-history"><small>Purugly lost some of its HP!</small><br></div><div class="spacer battle-history"><br></div><h2 class="battle-history">Turn 10</h2><div class="spacer battle-history"><br></div><div class="battle-history">Purugly used <strong>U-turn</strong>!<br></div><div class="battle-history"><small>It's not very effective...</small><br></div><div class="battle-history"><small>(The opposing Probopass lost <abbr title="−30/324">9.3%</abbr> of its health!)</small><br></div><div class="battle-history"><small>Purugly lost some of its HP!</small><br></div><div class="spacer battle-history"><br></div><div class="battle-history">Purugly went back to Smallsmallrose!<br></div><div class="battle-history">Go! <strong>Leafeon</strong>!<br></div><div class="battle-history"><small>Pointed stones dug into Leafeon!</small><br></div><div class="spacer battle-history"><br></div><div class="battle-history">The opposing Probopass used <strong>Flash Cannon</strong>!<br></div><div class="battle-history"><small>A critical hit!</small><br></div><div class="battle-history"><small>(Leafeon lost <abbr title="−154/271">56.8%</abbr> of its health!)</small><br></div><div class="spacer battle-history"><br></div><h2 class="battle-history">Turn 11</h2><div class="spacer battle-history"><br></div><div class="battle-history">lcezasfuck withdrew Probopass!<br></div><div class="battle-history">lcezasfuck sent out <strong>Vullaby</strong>!<br></div><div class="spacer battle-history"><br></div><div class="battle-history">Leafeon used <strong>Leaf Blade</strong>!<br></div><div class="battle-history"><small>It's not very effective...</small><br></div><div class="battle-history"><small>(The opposing Vullaby lost <abbr title="−44/343">12.8%</abbr> of its health!)</small><br></div><div class="spacer battle-history"><br></div><h2 class="battle-history">Turn 12</h2><div class="spacer battle-history"><br></div><div class="battle-history">Leafeon used <strong>Knock Off</strong>!<br></div><div class="battle-history"><small>It's not very effective...</small><br></div><div class="battle-history"><small>(The opposing Vullaby lost <abbr title="−29/343">8.5%</abbr> of its health!)</small><br></div><div class="battle-history"><small>Leafeon knocked off the opposing Vullaby's Eviolite!</small><br></div><div class="spacer battle-history"><br></div><div class="battle-history">The opposing Vullaby used <strong>U-turn</strong>!<br></div><div class="battle-history"><small>It's super effective!</small><br></div><div class="battle-history"><small>(Leafeon lost <abbr title="−56/271">20.7%</abbr> of its health!)</small><br></div><div class="spacer battle-history"><br></div><div class="battle-history">The opposing Vullaby went back to lcezasfuck!<br></div><div class="battle-history">lcezasfuck sent out <strong>Pawniard</strong>!<br></div><div class="spacer battle-history"><br></div><h2 class="battle-history">Turn 13</h2><div class="spacer battle-history"><br></div><div class="battle-history">Leafeon used <strong>Knock Off</strong>!<br></div><div class="battle-history"><small>It's not very effective...</small><br></div><div class="battle-history"><small>(The opposing Pawniard lost <abbr title="−42/231">18.2%</abbr> of its health!)</small><br></div><div class="battle-history"><small>Leafeon knocked off the opposing Pawniard's Eviolite!</small><br></div><div class="spacer battle-history"><br></div><div class="battle-history">The opposing Pawniard used <strong>Swords Dance</strong>!<br></div><div class="battle-history"><small>The opposing Pawniard's Attack rose sharply!</small><br></div><div class="spacer battle-history"><br></div><h2 class="battle-history">Turn 14</h2><div class="spacer battle-history"><br></div><div class="battle-history">Leafeon used <strong>Leaf Blade</strong>!<br></div><div class="battle-history"><small>It's not very effective...</small><br></div><div class="battle-history"><small>(The opposing Pawniard lost <abbr title="−104/231">45.0%</abbr> of its health!)</small><br></div><div class="spacer battle-history"><br></div><div class="battle-history">The opposing Pawniard used <strong>Swords Dance</strong>!<br></div><div class="battle-history"><small>The opposing Pawniard's Attack rose sharply!</small><br></div><div class="spacer battle-history"><br></div><h2 class="battle-history">Turn 15</h2><div class="spacer battle-history"><br></div><div class="battle-history">The opposing Pawniard used <strong>Sucker Punch</strong>!<br></div><div class="battle-history"><small>But it failed!</small><br></div><div class="spacer battle-history"><br></div><div class="battle-history">Leafeon used <strong>Baton Pass</strong>!<br></div><div class="spacer battle-history"><br></div><div class="battle-history">Go! <strong>Purugly</strong>!<br></div><div class="battle-history"><small>Pointed stones dug into Purugly!</small><br></div><div class="spacer battle-history"><br></div><h2 class="battle-history">Turn 16</h2><div class="spacer battle-history"><br></div><div class="battle-history">lcezasfuck withdrew Pawniard!<br></div><div class="battle-history">lcezasfuck sent out <strong>Probopass</strong>!<br></div><div class="spacer battle-history"><br></div><div class="battle-history">Purugly used <strong>Fake Out</strong>!<br></div><div class="battle-history"><small>It's not very effective...</small><br></div><div class="battle-history"><small>(The opposing Probopass lost <abbr title="−13/324">4.0%</abbr> of its health!)</small><br></div><div class="battle-history"><small>Purugly lost some of its HP!</small><br></div><div class="spacer battle-history"><br></div><h2 class="battle-history">Turn 17</h2><div class="spacer battle-history"><br></div><div class="battle-history">Purugly used <strong>U-turn</strong>!<br></div><div class="battle-history"><small>It's not very effective...</small><br></div><div class="battle-history"><small>(The opposing Probopass lost <abbr title="−26/324">8.0%</abbr> of its health!)</small><br></div><div class="battle-history"><small>Purugly lost some of its HP!</small><br></div><div class="spacer battle-history"><br></div><div class="battle-history">Purugly went back to Smallsmallrose!<br></div><div class="battle-history">Go! <strong>Leafeon</strong>!<br></div><div class="battle-history"><small>Pointed stones dug into Leafeon!</small><br></div><div class="spacer battle-history"><br></div><div class="battle-history">Leafeon fainted!<br></div><div class="battle-history">The opposing Probopass used <strong>Flash Cannon</strong>!<br></div><div class="battle-history"><small>But there was no target...</small><br></div><div class="spacer battle-history"><br></div><div class="battle-history">Go! Rotom (<strong>Rotom-Frost</strong>)!<br></div><div class="battle-history"><small>Pointed stones dug into Rotom!</small><br></div><div class="spacer battle-history"><br></div><h2 class="battle-history">Turn 18</h2><div class="spacer battle-history"><br></div><div class="battle-history">Rotom used <strong>Blizzard</strong>!<br></div><div class="battle-history"><small>It's not very effective...</small><br></div><div class="battle-history"><small>(The opposing Probopass lost <abbr title="−36/324">11.1%</abbr> of its health!)</small><br></div><div class="spacer battle-history"><br></div><div class="battle-history">The opposing Probopass fainted!<br></div><div class="spacer battle-history"><br></div><div class="battle-history">lcezasfuck sent out <strong>Kadabra</strong>!<br></div><div class="spacer battle-history"><br></div><h2 class="battle-history">Turn 19</h2><div class="spacer battle-history"><br></div><div class="battle-history">Rotom used <strong>Blizzard</strong>!<br></div><div class="battle-history"><small>The opposing Kadabra avoided the attack!</small><br></div><div class="spacer battle-history"><br></div><div class="battle-history">The opposing Kadabra used <strong>Psychic</strong>!<br></div><div class="battle-history"><small>(Rotom lost <abbr title="−132/241">54.8%</abbr> of its health!)</small><br></div><div class="spacer battle-history"><br></div><h2 class="battle-history">Turn 20</h2><div class="spacer battle-history"><br></div><div class="battle-history">Rotom used <strong>Blizzard</strong>!<br></div><div class="battle-history"><small>The opposing Kadabra avoided the attack!</small><br></div><div class="spacer battle-history"><br></div><div class="battle-history">The opposing Kadabra used <strong>Psychic</strong>!<br></div><div class="battle-history"><small>(Rotom lost <abbr title="−49/241">20.3%</abbr> of its health!)</small><br></div><div class="spacer battle-history"><br></div><div class="battle-history">Rotom fainted!<br></div><div class="chat chatmessage-lcezasfuck"><strong style="color:hsl(63,60%,38.09380051909%)"><small>☆</small><span class="username" data-name="lcezasfuck">lcezasfuck</span>:</strong> <em>Low accuracy</em></div><div class="spacer battle-history"><br></div><div class="battle-history">Go! <strong>Purugly</strong>!<br></div><div class="battle-history"><small>Pointed stones dug into Purugly!</small><br></div><div class="spacer battle-history"><br></div><h2 class="battle-history">Turn 21</h2><div class="chat chatmessage-smallsmallrose"><strong style="color:hsl(302,78%,42%)"><small>☆</small><span class="username" data-name="Smallsmallrose">Smallsmallrose</span>:</strong> <em>Oh gee</em></div><div class="chat chatmessage-smallsmallrose"><strong style="color:hsl(302,78%,42%)"><small>☆</small><span class="username" data-name="Smallsmallrose">Smallsmallrose</span>:</strong> <em>its totally like frost can learn other ice moves</em></div><div class="chat chatmessage-lcezasfuck"><strong style="color:hsl(63,60%,38.09380051909%)"><small>☆</small><span class="username" data-name="lcezasfuck">lcezasfuck</span>:</strong> <em>Do you want wake up slap in Purugly?</em></div><div class="chat chatmessage-smallsmallrose"><strong style="color:hsl(302,78%,42%)"><small>☆</small><span class="username" data-name="Smallsmallrose">Smallsmallrose</span>:</strong> <em>I'm not sure yet</em></div><div class="chat chatmessage-lcezasfuck"><strong style="color:hsl(63,60%,38.09380051909%)"><small>☆</small><span class="username" data-name="lcezasfuck">lcezasfuck</span>:</strong> <em>!dt wake up slap</em></div><div class="chat message-error">[outdated code no longer supported]</div><div class="chat"><font size="1"><font color="#686868">Priority:</font> 0&nbsp;|  <font color="#686868">Gen:</font> 4&nbsp;|  ✓ Contact&nbsp;|  <font color="#686868">Z-Power:</font> 140&nbsp;|  <font color="#686868">Target:</font> One Adjacent Pokémon</font></div><div class="chat chatmessage-lcezasfuck"><strong style="color:hsl(63,60%,38.09380051909%)"><small>☆</small><span class="username" data-name="lcezasfuck">lcezasfuck</span>:</strong> <em>Kill Probopass</em></div><div class="spacer battle-history"><br></div><div class="battle-history">lcezasfuck withdrew Kadabra!<br></div><div class="battle-history">lcezasfuck sent out <strong>Pawniard</strong>!<br></div><div class="spacer battle-history"><br></div><div class="battle-history">Purugly used <strong>Fake Out</strong>!<br></div><div class="battle-history"><small>It's not very effective...</small><br></div><div class="battle-history"><small>(The opposing Pawniard lost <abbr title="−44/231">19.0%</abbr> of its health!)</small><br></div><div class="battle-history"><small>Purugly lost some of its HP!</small><br></div><div class="spacer battle-history"><br></div><div class="battle-history">Purugly fainted!<br></div><div class="spacer battle-history"><br></div><div class="battle-history">Go! <strong>Mr. Mime</strong>!<br></div><div class="battle-history"><small>Pointed stones dug into Mr. Mime!</small><br></div><div class="spacer battle-history"><br></div><h2 class="battle-history">Turn 22</h2><div class="spacer battle-history"><br></div><div class="battle-history">The opposing Pawniard used <strong>Sucker Punch</strong>!<br></div><div class="battle-history"><small>(Mr. Mime lost <abbr title="−178/221">80.5%</abbr> of its health!)</small><br></div><div class="spacer battle-history"><br></div><div class="battle-history">Mr. Mime used <strong>Dazzling Gleam</strong>!<br></div><div class="battle-history"><small>(The opposing Pawniard lost <abbr title="−41/231">17.7%</abbr> of its health!)</small><br></div><div class="spacer battle-history"><br></div><div class="battle-history">The opposing Pawniard fainted!<br></div><div class="spacer battle-history"><br></div><div class="battle-history">lcezasfuck sent out <strong>Dusknoir</strong>!<br></div><div class="battle-history"><small>[The opposing Dusknoir's Frisk]</small><br><small>The opposing Dusknoir frisked Mr. Mime and found its Choice Specs!</small><br></div><div class="spacer battle-history"><br></div><h2 class="battle-history">Turn 23</h2><div class="spacer battle-history"><br></div><div class="battle-history">The opposing Dusknoir used <strong>Shadow Sneak</strong>!<br></div><div class="battle-history"><small>It's super effective!</small><br></div><div class="battle-history"><small>(Mr. Mime lost <abbr title="−16/221">7.2%</abbr> of its health!)</small><br></div><div class="spacer battle-history"><br></div><div class="battle-history">Mr. Mime fainted!<br></div><div class="spacer battle-history"><br></div><div class="battle-history">Go! <strong>Golem</strong>!<br></div><div class="battle-history"><small>Pointed stones dug into Golem!</small><br></div><div class="spacer battle-history"><br></div><h2 class="battle-history">Turn 24</h2><div class="spacer battle-history"><br></div><div class="battle-history">The opposing Dusknoir used <strong>Shadow Sneak</strong>!<br></div><div class="battle-history"><small>(Golem lost <abbr title="−75/364">20.6%</abbr> of its health!)</small><br></div><div class="spacer battle-history"><br></div><div class="battle-history">Golem used <strong>Stone Edge</strong>!<br></div><div class="battle-history"><small>The opposing Dusknoir avoided the attack!</small><br></div><div class="spacer battle-history"><br></div><div class="battle-history"><small>Golem restored a little HP using its Leftovers!</small><br></div><div class="spacer battle-history"><br></div><h2 class="battle-history">Turn 25</h2><div class="spacer battle-history"><br></div><div class="battle-history">lcezasfuck withdrew Dusknoir!<br></div><div class="battle-history">lcezasfuck sent out <strong>Vullaby</strong>!<br></div><div class="spacer battle-history"><br></div><div class="battle-history">Golem used <strong>Earthquake</strong>!<br></div><div class="battle-history"><small>It doesn't affect the opposing Vullaby...</small><br></div><div class="spacer battle-history"><br></div><div class="battle-history"><small>Golem restored a little HP using its Leftovers!</small><br></div><div class="spacer battle-history"><br></div><h2 class="battle-history">Turn 26</h2><div class="spacer battle-history"><br></div><div class="battle-history">The opposing Vullaby used <strong>Foul Play</strong>!<br></div><div class="battle-history"><small>(Golem lost <abbr title="−133/364">36.5%</abbr> of its health!)</small><br></div><div class="spacer battle-history"><br></div><div class="battle-history">Golem used <strong>Stone Edge</strong>!<br></div><div class="battle-history"><small>The opposing Vullaby avoided the attack!</small><br></div><div class="spacer battle-history"><br></div><div class="battle-history"><small>Golem restored a little HP using its Leftovers!</small><br></div><div class="spacer battle-history"><br></div><h2 class="battle-history">Turn 27</h2><div class="spacer battle-history"><br></div><div class="battle-history">The opposing Vullaby used <strong>Foul Play</strong>!<br></div><div class="battle-history"><small>A critical hit!</small><br></div><div class="battle-history"><small>(Golem lost <abbr title="−200/364">54.9%</abbr> of its health!)</small><br></div><div class="spacer battle-history"><br></div><div class="battle-history">Golem fainted!<br></div><div class="spacer battle-history"><br></div><div class="battle-history"><strong>lcezasfuck</strong> won the battle!<br></div><div class="chat chatmessage-smallsmallrose"><strong style="color:hsl(302,78%,42%)"><small>☆</small><span class="username" data-name="Smallsmallrose">Smallsmallrose</span>:</strong> <em>gg</em></div><div class="chat chatmessage-lcezasfuck"><strong style="color:hsl(63,60%,38.09380051909%)"><small>☆</small><span class="username" data-name="lcezasfuck">lcezasfuck</span>:</strong> <em>gg</em></div></div><div class="inner-preempt"></div></div></div>
</div>
<script>
let daily = Math.floor(Date.now()/1000/60/60/24);document.write('<script src="https://play.pokemonshowdown.com/js/replay-embed.js?version'+daily+'"></'+'script>');
</script>
