<!DOCTYPE html>
<meta charset="utf-8" />
<!-- version 1 -->
<title>PU replay: some randy name vs. Dancii</title>
<style>
html,body {font-family:Verdana, sans-serif;font-size:10pt;margin:0;padding:0;}body{padding:12px 0;} .battle-log {font-family:Verdana, sans-serif;font-size:10pt;} .battle-log-inline {border:1px solid #AAAAAA;background:#EEF2F5;color:black;max-width:640px;margin:0 auto 80px;padding-bottom:5px;} .battle-log .inner {padding:4px 8px 0px 8px;} .battle-log .inner-preempt {padding:0 8px 4px 8px;} .battle-log .inner-after {margin-top:0.5em;} .battle-log h2 {margin:0.5em -8px;padding:4px 8px;border:1px solid #AAAAAA;background:#E0E7EA;border-left:0;border-right:0;font-family:Verdana, sans-serif;font-size:13pt;} .battle-log .chat {vertical-align:middle;padding:3px 0 3px 0;font-size:8pt;} .battle-log .chat strong {color:#40576A;} .battle-log .chat em {padding:1px 4px 1px 3px;color:#000000;font-style:normal;} .chat.mine {background:rgba(0,0,0,0.05);margin-left:-8px;margin-right:-8px;padding-left:8px;padding-right:8px;} .spoiler {color:#BBBBBB;background:#BBBBBB;padding:0px 3px;} .spoiler:hover, .spoiler:active, .spoiler-shown {color:#000000;background:#E2E2E2;padding:0px 3px;} .spoiler a {color:#BBBBBB;} .spoiler:hover a, .spoiler:active a, .spoiler-shown a {color:#2288CC;} .chat code, .chat .spoiler:hover code, .chat .spoiler:active code, .chat .spoiler-shown code {border:1px solid #C0C0C0;background:#EEEEEE;color:black;padding:0 2px;} .chat .spoiler code {border:1px solid #CCCCCC;background:#CCCCCC;color:#CCCCCC;} .battle-log .rated {padding:3px 4px;} .battle-log .rated strong {color:white;background:#89A;padding:1px 4px;border-radius:4px;} .spacer {margin-top:0.5em;} .message-announce {background:#6688AA;color:white;padding:1px 4px 2px;} .message-announce a, .broadcast-green a, .broadcast-blue a, .broadcast-red a {color:#DDEEFF;} .broadcast-green {background-color:#559955;color:white;padding:2px 4px;} .broadcast-blue {background-color:#6688AA;color:white;padding:2px 4px;} .infobox {border:1px solid #6688AA;padding:2px 4px;} .infobox-limited {max-height:200px;overflow:auto;overflow-x:hidden;} .broadcast-red {background-color:#AA5544;color:white;padding:2px 4px;} .message-learn-canlearn {font-weight:bold;color:#228822;text-decoration:underline;} .message-learn-cannotlearn {font-weight:bold;color:#CC2222;text-decoration:underline;} .message-effect-weak {font-weight:bold;color:#CC2222;} .message-effect-resist {font-weight:bold;color:#6688AA;} .message-effect-immune {font-weight:bold;color:#666666;} .message-learn-list {margin-top:0;margin-bottom:0;} .message-throttle-notice, .message-error {color:#992222;} .message-overflow, .chat small.message-overflow {font-size:0pt;} .message-overflow::before {font-size:9pt;content:'...';} .subtle {color:#3A4A66;}
</style>
<div class="wrapper replay-wrapper" style="max-width:1180px;margin:0 auto">
<input type="hidden" name="replayid" value="pu-555792336" />
<div class="battle"></div><div class="battle-log"></div><div class="replay-controls"></div><div class="replay-controls-2"></div>
<h1 style="font-weight:normal;text-align:center"><strong>PU</strong><br /><a href="http://pokemonshowdown.com/users/somerandyname" class="subtle" target="_blank">some randy name</a> vs. <a href="http://pokemonshowdown.com/users/dancii" class="subtle" target="_blank">Dancii</a></h1>
<script type="text/plain" class="battle-log-data">|j|some randy name
|j|Dancii
|player|p1|some randy name|75
|player|p2|Dancii|54
|gametype|singles
|gen|6
|tier|PU
|seed|3096,22711,51481,5069
|rule|Sleep Clause Mod: Limit one foe put to sleep
|rule|Species Clause: Limit one of each Pokémon
|rule|OHKO Clause: OHKO moves are banned
|rule|Moody Clause: Moody is banned
|rule|Evasion Moves Clause: Evasion moves are banned
|rule|Endless Battle Clause: Forcing endless battles is banned
|rule|HP Percentage Mod: HP is shown in percentages
|clearpoke
|poke|p1|Floatzel, F|item
|poke|p1|Stunfisk, F|item
|poke|p1|Swanna, M|item
|poke|p1|Probopass, F|item
|poke|p1|Chatot, F|item
|poke|p1|Ninetales, F|item
|poke|p2|Audino, M|item
|poke|p2|Clefairy, M|item
|poke|p2|Gourgeist-*, M|item
|poke|p2|Metang|item
|poke|p2|Vibrava, M|item
|poke|p2|Zebstrika, F|item
|rule|Swagger Clause: Swagger is banned
|rule|Baton Pass Clause: Limit one Baton Passer, can't pass Spe and other stats simultaneously
|teampreview
|j|TIBot
|j|PokemonMasterTJ
|c|☆Dancii|hf
|j|ZeitoKrabby
|c|☆some randy name|glhf
|j|Slowbroth
|j|Typo Kign
|choice|team 4, team 2, team 3, team 1, team 5, team 6|team 4, team 2, team 3, team 1, team 5, team 6
|
|start
|switch|p1a: Probopass|Probopass, F|304\/304
|switch|p2a: Metang|Metang|324\/324
|-item|p1a: Probopass|Air Balloon
|turn|1
|choice|move earthpower|move meteormash
|
|move|p1a: Probopass|Earth Power|p2a: Metang
|-supereffective|p2a: Metang
|-damage|p2a: Metang|188\/324
|move|p2a: Metang|Meteor Mash|p1a: Probopass
|-damage|p1a: Probopass|211\/304
|-enditem|p1a: Probopass|Air Balloon
|
|upkeep
|turn|2
|j|no plans
|choice|move earthpower|move earthquake
|
|move|p1a: Probopass|Earth Power|p2a: Metang
|-supereffective|p2a: Metang
|-damage|p2a: Metang|62\/324
|move|p2a: Metang|Earthquake|p1a: Probopass
|-supereffective|p1a: Probopass
|-damage|p1a: Probopass|0 fnt
|faint|p1a: Probopass
|
|upkeep
|choice|switch 4|
|
|switch|p1a: Floatzel|Floatzel, F|311\/311
|turn|3
|choice|move pursuit|switch 4
|
|-activate|p2a: Metang|move: Pursuit
|move|p1a: Floatzel|Pursuit|p2a: Metang|[from]Pursuit
|-supereffective|p2a: Metang
|-damage|p2a: Metang|0 fnt
|faint|p2a: Metang
|
|upkeep
|choice||switch 6
|
|switch|p2a: Zebstrika|Zebstrika, F|291\/291
|turn|4
|choice|switch 2|move hiddenpower
|
|switch|p1a: Stunfisk|Stunfisk, F|422\/422
|move|p2a: Zebstrika|Hidden Power|p1a: Stunfisk
|-supereffective|p1a: Stunfisk
|-damage|p1a: Stunfisk|289\/422
|-damage|p2a: Zebstrika|262\/291|[from] item: Life Orb
|
|-heal|p1a: Stunfisk|315\/422|[from] item: Leftovers
|upkeep
|turn|5
|choice|move toxic|switch 2
|
|switch|p2a: Clefairy|Clefairy, M|344\/344
|move|p1a: Stunfisk|Toxic|p2a: Clefairy
|-status|p2a: Clefairy|tox
|
|-heal|p1a: Stunfisk|341\/422|[from] item: Leftovers
|upkeep
|turn|6
|choice|switch 6|move calmmind
|
|switch|p1a: Ninetales|Ninetales, F|287\/287
|move|p2a: Clefairy|Calm Mind|p2a: Clefairy
|-boost|p2a: Clefairy|spa|1
|-boost|p2a: Clefairy|spd|1
|
|upkeep
|turn|7
|choice|move nastyplot|move thunderwave
|
|move|p1a: Ninetales|Nasty Plot|p1a: Ninetales
|-boost|p1a: Ninetales|spa|2
|move|p2a: Clefairy|Thunder Wave|p1a: Ninetales
|-status|p1a: Ninetales|par
|
|upkeep
|turn|8
|choice|move nastyplot|switch 5
|
|switch|p2a: Vibrava|Vibrava, M|304\/304
|move|p1a: Ninetales|Nasty Plot|p1a: Ninetales
|-boost|p1a: Ninetales|spa|2
|
|upkeep
|turn|9
|choice|move fireblast|move earthquake
|
|move|p2a: Vibrava|Earthquake|p1a: Ninetales
|-supereffective|p1a: Ninetales
|-damage|p1a: Ninetales|57\/287 par
|cant|p1a: Ninetales|par
|
|upkeep
|turn|10
|choice|switch 3|move earthquake
|
|switch|p1a: Swanna|Swanna, M|291\/291
|move|p2a: Vibrava|Earthquake|p1a: Swanna
|-immune|p1a: Swanna|[msg]
|
|upkeep
|turn|11
|l|PokemonMasterTJ
|choice|move scald|switch 4
|
|switch|p2a: Audino|Audino, M|409\/409
|move|p1a: Swanna|Scald|p2a: Audino
|-damage|p2a: Audino|284\/409
|-damage|p1a: Swanna|262\/291|[from] item: Life Orb
|
|-heal|p2a: Audino|309\/409|[from] item: Leftovers
|upkeep
|turn|12
|choice|move scald|move knockoff
|
|move|p1a: Swanna|Scald|p2a: Audino
|-damage|p2a: Audino|188\/409
|-damage|p1a: Swanna|233\/291|[from] item: Life Orb
|move|p2a: Audino|Knock Off|p1a: Swanna
|-damage|p1a: Swanna|160\/291
|-enditem|p1a: Swanna|Life Orb|[from] move: Knock Off|[of] p2a: Audino
|
|-heal|p2a: Audino|213\/409|[from] item: Leftovers
|upkeep
|turn|13
|choice|move scald|move wish
|
|move|p1a: Swanna|Scald|p2a: Audino
|-damage|p2a: Audino|119\/409
|move|p2a: Audino|Wish|p2a: Audino
|
|-heal|p2a: Audino|144\/409|[from] item: Leftovers
|upkeep
|turn|14
|l|ZeitoKrabby
|choice|move scald|move protect
|
|move|p2a: Audino|Protect|p2a: Audino
|-singleturn|p2a: Audino|Protect
|move|p1a: Swanna|Scald|p2a: Audino
|-activate|p2a: Audino|move: Protect
|
|-heal|p2a: Audino|348\/409|[from] move: Wish|[wisher] Audino
|-heal|p2a: Audino|373\/409|[from] item: Leftovers
|upkeep
|turn|15
|choice|move roost|move knockoff
|
|move|p1a: Swanna|Roost|p1a: Swanna
|-heal|p1a: Swanna|291\/291
|move|p2a: Audino|Knock Off|p1a: Swanna
|-crit|p1a: Swanna
|-damage|p1a: Swanna|211\/291
|
|-heal|p2a: Audino|398\/409|[from] item: Leftovers
|upkeep
|turn|16
|choice|move scald|move wish
|
|move|p1a: Swanna|Scald|p2a: Audino
|-damage|p2a: Audino|310\/409
|-status|p2a: Audino|brn
|move|p2a: Audino|Wish|p2a: Audino
|
|-heal|p2a: Audino|335\/409 brn|[from] item: Leftovers
|-damage|p2a: Audino|284\/409 brn|[from] brn
|upkeep
|turn|17
|choice|move roost|switch 2
|
|switch|p2a: Zebstrika|Zebstrika, F|262\/291
|move|p1a: Swanna|Roost|p1a: Swanna
|-heal|p1a: Swanna|291\/291
|
|-heal|p2a: Zebstrika|291\/291|[from] move: Wish|[wisher] Audino
|upkeep
|turn|18
|choice|switch 6|move hiddenpower
|
|switch|p1a: Stunfisk|Stunfisk, F|341\/422
|move|p2a: Zebstrika|Hidden Power|p1a: Stunfisk
|-supereffective|p1a: Stunfisk
|-damage|p1a: Stunfisk|208\/422
|-damage|p2a: Zebstrika|262\/291|[from] item: Life Orb
|
|-heal|p1a: Stunfisk|234\/422|[from] item: Leftovers
|upkeep
|turn|19
|choice|move earthpower|move hiddenpower
|
|move|p2a: Zebstrika|Hidden Power|p1a: Stunfisk
|-supereffective|p1a: Stunfisk
|-damage|p1a: Stunfisk|99\/422
|-damage|p2a: Zebstrika|233\/291|[from] item: Life Orb
|move|p1a: Stunfisk|Earth Power|p2a: Zebstrika
|-supereffective|p2a: Zebstrika
|-damage|p2a: Zebstrika|0 fnt
|faint|p2a: Zebstrika
|
|-heal|p1a: Stunfisk|125\/422|[from] item: Leftovers
|upkeep
|choice||switch 5
|
|switch|p2a: Clefairy|Clefairy, M|344\/344 tox
|turn|20
|choice|switch 3|move calmmind
|
|switch|p1a: Ninetales|Ninetales, F|57\/287 par
|move|p2a: Clefairy|Calm Mind|p2a: Clefairy
|-boost|p2a: Clefairy|spa|1
|-boost|p2a: Clefairy|spd|1
|
|upkeep
|turn|21
|choice|move fireblast|move moonblast
|
|move|p2a: Clefairy|Moonblast|p1a: Ninetales
|-resisted|p1a: Ninetales
|-damage|p1a: Ninetales|0 fnt
|faint|p1a: Ninetales
|
|upkeep
|choice|switch 2|
|
|switch|p1a: Floatzel|Floatzel, F|311\/311
|turn|22
|c|☆Dancii|gg
|choice|move waterfall|move thunderwave
|
|move|p1a: Floatzel|Waterfall|p2a: Clefairy
|-damage|p2a: Clefairy|208\/344 tox
|move|p2a: Clefairy|Thunder Wave|p1a: Floatzel
|-status|p1a: Floatzel|par
|
|upkeep
|turn|23
|choice|move waterfall|move softboiled
|
|move|p2a: Clefairy|Soft-Boiled|p2a: Clefairy
|-heal|p2a: Clefairy|344\/344 tox
|move|p1a: Floatzel|Waterfall|p2a: Clefairy
|-damage|p2a: Clefairy|202\/344 tox
|
|upkeep
|turn|24
|l|no plans
|choice|move waterfall|move softboiled
|
|move|p2a: Clefairy|Soft-Boiled|p2a: Clefairy
|-heal|p2a: Clefairy|344\/344 tox
|move|p1a: Floatzel|Waterfall|p2a: Clefairy
|-damage|p2a: Clefairy|203\/344 tox
|
|upkeep
|turn|25
|choice|move waterfall|move softboiled
|
|move|p2a: Clefairy|Soft-Boiled|p2a: Clefairy
|-heal|p2a: Clefairy|344\/344 tox
|move|p1a: Floatzel|Waterfall|p2a: Clefairy
|-damage|p2a: Clefairy|206\/344 tox
|
|upkeep
|turn|26
|choice|move waterfall|move softboiled
|
|move|p2a: Clefairy|Soft-Boiled|p2a: Clefairy
|-heal|p2a: Clefairy|344\/344 tox
|move|p1a: Floatzel|Waterfall|p2a: Clefairy
|-damage|p2a: Clefairy|202\/344 tox
|
|upkeep
|turn|27
|choice|move waterfall|move softboiled
|
|move|p2a: Clefairy|Soft-Boiled|p2a: Clefairy
|-heal|p2a: Clefairy|344\/344 tox
|cant|p1a: Floatzel|par
|
|upkeep
|turn|28
|choice|move waterfall|move moonblast
|
|move|p2a: Clefairy|Moonblast|p1a: Floatzel
|-damage|p1a: Floatzel|112\/311 par
|cant|p1a: Floatzel|par
|
|upkeep
|turn|29
|choice|move waterfall|move moonblast
|
|move|p2a: Clefairy|Moonblast|p1a: Floatzel
|-damage|p1a: Floatzel|0 fnt
|faint|p1a: Floatzel
|
|upkeep
|choice|switch 5|
|
|switch|p1a: Chatot|Chatot, F|293\/293
|turn|30
|choice|move boomburst|move thunderwave
|
|move|p1a: Chatot|Boomburst|p2a: Clefairy
|-damage|p2a: Clefairy|217\/344 tox
|move|p2a: Clefairy|Thunder Wave|p1a: Chatot
|-status|p1a: Chatot|par
|
|upkeep
|turn|31
|l|Slowbroth
|choice|move boomburst|move calmmind
|
|move|p1a: Chatot|Boomburst|p2a: Clefairy
|-damage|p2a: Clefairy|87\/344 tox
|move|p2a: Clefairy|Calm Mind|p2a: Clefairy
|-boost|p2a: Clefairy|spa|1
|-boost|p2a: Clefairy|spd|1
|
|upkeep
|turn|32
|choice|move boomburst|move softboiled
|
|move|p1a: Chatot|Boomburst|p2a: Clefairy
|-damage|p2a: Clefairy|0 fnt
|faint|p2a: Clefairy
|
|upkeep
|choice||switch 2
|
|switch|p2a: Audino|Audino, M|409\/409 brn
|turn|33
|choice|switch 6|move knockoff
|
|switch|p1a: Swanna|Swanna, M|291\/291
|move|p2a: Audino|Knock Off|p1a: Swanna
|-damage|p1a: Swanna|266\/291
|
|-damage|p2a: Audino|358\/409 brn|[from] brn
|upkeep
|turn|34
|choice|move hurricane|move wish
|
|move|p1a: Swanna|Hurricane|p2a: Audino
|-damage|p2a: Audino|223\/409 brn
|move|p2a: Audino|Wish|p2a: Audino
|
|-heal|p2a: Audino|248\/409 brn|[from] item: Leftovers
|-damage|p2a: Audino|197\/409 brn|[from] brn
|upkeep
|turn|35
|choice|move scald|move healbell
|
|move|p1a: Swanna|Scald|p2a: Audino
|-damage|p2a: Audino|101\/409 brn
|move|p2a: Audino|Heal Bell|p2a: Audino
|-activate|p2a: Audino|move: Heal Bell
|-curestatus|p2a: Audino|brn|[msg]
|
|-heal|p2a: Audino|305\/409|[from] move: Wish|[wisher] Audino
|-heal|p2a: Audino|330\/409|[from] item: Leftovers
|upkeep
|turn|36
|c|☆Dancii|fuck
|c|☆Dancii|i choked
|c|☆some randy name|lol
|j|LiarEcho
|choice|move hurricane|move protect
|
|move|p2a: Audino|Protect|p2a: Audino
|-singleturn|p2a: Audino|Protect
|move|p1a: Swanna|Hurricane|p2a: Audino
|-activate|p2a: Audino|move: Protect
|
|-heal|p2a: Audino|355\/409|[from] item: Leftovers
|upkeep
|turn|37
|choice|move hurricane|switch 4
|
|switch|p2a: Vibrava|Vibrava, M|304\/304
|move|p1a: Swanna|Hurricane|p2a: Vibrava
|-damage|p2a: Vibrava|204\/304
|-start|p2a: Vibrava|confusion
|
|upkeep
|turn|38
|choice|move scald|switch 4
|
|switch|p2a: Audino|Audino, M|409\/409
|move|p1a: Swanna|Scald|p2a: Audino
|-damage|p2a: Audino|313\/409
|
|-heal|p2a: Audino|338\/409|[from] item: Leftovers
|upkeep
|turn|39
|choice|switch 3|move protect
|
|switch|p1a: Stunfisk|Stunfisk, F|125\/422
|move|p2a: Audino|Protect|p2a: Audino
|-fail|p2a: Audino
|
|-heal|p2a: Audino|363\/409|[from] item: Leftovers
|-heal|p1a: Stunfisk|151\/422|[from] item: Leftovers
|upkeep
|turn|40
|choice|move toxic|move knockoff
|
|move|p2a: Audino|Knock Off|p1a: Stunfisk
|-damage|p1a: Stunfisk|109\/422
|-status|p2a: Audino|par|[from] ability: Static|[of] p1a: Stunfisk
|-enditem|p1a: Stunfisk|Leftovers|[from] move: Knock Off|[of] p2a: Audino
|move|p1a: Stunfisk|Toxic|p2a: Audino
|-fail|p2a: Audino
|
|-heal|p2a: Audino|388\/409 par|[from] item: Leftovers
|upkeep
|turn|41
|choice|move earthpower|switch 4
|
|switch|p2a: Vibrava|Vibrava, M|204\/304
|move|p1a: Stunfisk|Earth Power|p2a: Vibrava
|-immune|p2a: Vibrava|[msg]|[from] ability: Levitate
|
|upkeep
|turn|42
|choice|switch 3|move uturn
|
|switch|p1a: Swanna|Swanna, M|266\/291
|move|p2a: Vibrava|U-turn|p1a: Swanna
|-resisted|p1a: Swanna
|-damage|p1a: Swanna|238\/291
|choice||switch 4
|
|switch|p2a: Audino|Audino, M|409\/409 par
|
|upkeep
|turn|43
|choice|move hurricane|move wish
|
|move|p1a: Swanna|Hurricane|p2a: Audino|[miss]
|-miss|p1a: Swanna|p2a: Audino
|cant|p2a: Audino|par
|
|upkeep
|turn|44
|choice|move hurricane|move protect
|
|cant|p2a: Audino|par
|move|p1a: Swanna|Hurricane|p2a: Audino
|-crit|p2a: Audino
|-damage|p2a: Audino|237\/409 par
|
|-heal|p2a: Audino|262\/409 par|[from] item: Leftovers
|upkeep
|turn|45
|choice|move defog|move protect
|
|move|p2a: Audino|Protect|p2a: Audino
|-singleturn|p2a: Audino|Protect
|move|p1a: Swanna|Defog|p2a: Audino
|-activate|p2a: Audino|move: Protect
|
|-heal|p2a: Audino|287\/409 par|[from] item: Leftovers
|upkeep
|turn|46
|choice|move hurricane|move wish
|
|move|p1a: Swanna|Hurricane|p2a: Audino
|-damage|p2a: Audino|154\/409 par
|cant|p2a: Audino|par
|
|-heal|p2a: Audino|179\/409 par|[from] item: Leftovers
|upkeep
|turn|47
|choice|move hurricane|move protect
|
|move|p2a: Audino|Protect|p2a: Audino
|-singleturn|p2a: Audino|Protect
|move|p1a: Swanna|Hurricane|p2a: Audino
|-activate|p2a: Audino|move: Protect
|
|-heal|p2a: Audino|204\/409 par|[from] item: Leftovers
|upkeep
|turn|48
|choice|move hurricane|move wish
|
|move|p1a: Swanna|Hurricane|p2a: Audino
|-damage|p2a: Audino|89\/409 par
|-start|p2a: Audino|confusion
|-activate|p2a: Audino|confusion
|move|p2a: Audino|Wish|p2a: Audino
|
|-heal|p2a: Audino|114\/409 par|[from] item: Leftovers
|upkeep
|turn|49
|j|quagsgone
|choice|move scald|switch 4
|
|switch|p2a: Vibrava|Vibrava, M|204\/304
|move|p1a: Swanna|Scald|p2a: Vibrava
|-damage|p2a: Vibrava|119\/304
|
|-heal|p2a: Vibrava|304\/304|[from] move: Wish|[wisher] Audino
|upkeep
|turn|50
|j|Specs Jigglypuff
|choice|move scald|move defog
|
|move|p1a: Swanna|Scald|p2a: Vibrava
|-damage|p2a: Vibrava|223\/304
|move|p2a: Vibrava|Defog|p1a: Swanna
|-unboost|p1a: Swanna|evasion|1
|
|upkeep
|turn|51
|choice|move defog|move roost
|
|move|p1a: Swanna|Defog|p2a: Vibrava
|-unboost|p2a: Vibrava|evasion|1
|move|p2a: Vibrava|Roost|p2a: Vibrava
|-heal|p2a: Vibrava|304\/304
|
|upkeep
|turn|52
|choice|move defog|move uturn
|
|move|p1a: Swanna|Defog|p2a: Vibrava
|-unboost|p2a: Vibrava|evasion|1
|move|p2a: Vibrava|U-turn|p1a: Swanna
|-resisted|p1a: Swanna
|-damage|p1a: Swanna|207\/291
|choice||switch 3
|
|switch|p2a: Gourgeist|Gourgeist-Super, M|373\/373
|
|upkeep
|turn|53
|choice|move hurricane|move willowisp
|
|move|p1a: Swanna|Hurricane|p2a: Gourgeist
|-supereffective|p2a: Gourgeist
|-damage|p2a: Gourgeist|0 fnt
|faint|p2a: Gourgeist
|
|upkeep
|c|☆Dancii|252 SpA Swanna Hurricane vs. 252 HP \/ 4 SpD Gourgeist-Super: 344-408 (91.9 - 109%) -- 56.3% chance to OHKO
|c|☆Dancii|snif
|choice||switch 4
|
|switch|p2a: Audino|Audino, M|250\/409 par
|turn|54
|choice|move defog|move wish
|
|move|p1a: Swanna|Defog|p2a: Audino
|-unboost|p2a: Audino|evasion|1
|cant|p2a: Audino|par
|
|-heal|p2a: Audino|275\/409 par|[from] item: Leftovers
|upkeep
|turn|55
|choice|move scald|move knockoff
|
|move|p1a: Swanna|Scald|p2a: Audino
|-damage|p2a: Audino|185\/409 par
|cant|p2a: Audino|par
|
|-heal|p2a: Audino|210\/409 par|[from] item: Leftovers
|upkeep
|turn|56
|j|Slowbroth
|choice|move scald|move protect
|
|move|p2a: Audino|Protect|p2a: Audino
|-singleturn|p2a: Audino|Protect
|move|p1a: Swanna|Scald|p2a: Audino
|-activate|p2a: Audino|move: Protect
|
|-heal|p2a: Audino|235\/409 par|[from] item: Leftovers
|upkeep
|turn|57
|choice|move hurricane|move wish
|
|move|p1a: Swanna|Hurricane|p2a: Audino
|-damage|p2a: Audino|111\/409 par
|move|p2a: Audino|Wish|p2a: Audino
|
|-heal|p2a: Audino|136\/409 par|[from] item: Leftovers
|upkeep
|turn|58
|choice|switch 6|move protect
|
|switch|p1a: Chatot|Chatot, F|293\/293 par
|cant|p2a: Audino|par
|
|-heal|p2a: Audino|340\/409 par|[from] move: Wish|[wisher] Audino
|-heal|p2a: Audino|365\/409 par|[from] item: Leftovers
|upkeep
|turn|59
|choice|move boomburst|move knockoff
|
|cant|p1a: Chatot|par
|move|p2a: Audino|Knock Off|p1a: Chatot
|-damage|p1a: Chatot|195\/293 par
|-enditem|p1a: Chatot|Choice Scarf|[from] move: Knock Off|[of] p2a: Audino
|
|-heal|p2a: Audino|390\/409 par|[from] item: Leftovers
|upkeep
|turn|60
|choice|move boomburst|move knockoff
|
|move|p1a: Chatot|Boomburst|p2a: Audino
|-damage|p2a: Audino|212\/409 par
|cant|p2a: Audino|par
|
|-heal|p2a: Audino|237\/409 par|[from] item: Leftovers
|upkeep
|turn|61
|choice|move boomburst|move protect
|
|move|p2a: Audino|Protect|p2a: Audino
|-singleturn|p2a: Audino|Protect
|move|p1a: Chatot|Boomburst|p2a: Audino
|-activate|p2a: Audino|move: Protect
|
|-heal|p2a: Audino|262\/409 par|[from] item: Leftovers
|upkeep
|turn|62
|choice|move boomburst|move wish
|
|move|p1a: Chatot|Boomburst|p2a: Audino
|-damage|p2a: Audino|91\/409 par
|move|p2a: Audino|Wish|p2a: Audino
|
|-heal|p2a: Audino|116\/409 par|[from] item: Leftovers
|upkeep
|turn|63
|choice|move boomburst|move protect
|
|move|p2a: Audino|Protect|p2a: Audino
|-singleturn|p2a: Audino|Protect
|cant|p1a: Chatot|par
|
|-heal|p2a: Audino|320\/409 par|[from] move: Wish|[wisher] Audino
|-heal|p2a: Audino|345\/409 par|[from] item: Leftovers
|upkeep
|turn|64
|choice|move boomburst|move healbell
|
|move|p1a: Chatot|Boomburst|p2a: Audino
|-damage|p2a: Audino|171\/409 par
|move|p2a: Audino|Heal Bell|p2a: Audino
|-activate|p2a: Audino|move: Heal Bell
|-curestatus|p2a: Audino|par|[msg]
|
|-heal|p2a: Audino|196\/409|[from] item: Leftovers
|upkeep
|turn|65
|choice|move boomburst|move protect
|
|move|p2a: Audino|Protect|p2a: Audino
|-singleturn|p2a: Audino|Protect
|cant|p1a: Chatot|par
|
|-heal|p2a: Audino|221\/409|[from] item: Leftovers
|upkeep
|turn|66
|choice|move boomburst|move wish
|
|move|p2a: Audino|Wish|p2a: Audino
|move|p1a: Chatot|Boomburst|p2a: Audino
|-damage|p2a: Audino|64\/409
|
|-heal|p2a: Audino|89\/409|[from] item: Leftovers
|upkeep
|turn|67
|choice|move boomburst|move protect
|
|move|p2a: Audino|Protect|p2a: Audino
|-singleturn|p2a: Audino|Protect
|move|p1a: Chatot|Boomburst|p2a: Audino
|-activate|p2a: Audino|move: Protect
|
|-heal|p2a: Audino|293\/409|[from] move: Wish|[wisher] Audino
|-heal|p2a: Audino|318\/409|[from] item: Leftovers
|upkeep
|turn|68
|choice|switch 3|move knockoff
|
|switch|p1a: Stunfisk|Stunfisk, F|109\/422
|move|p2a: Audino|Knock Off|p1a: Stunfisk
|-damage|p1a: Stunfisk|81\/422
|
|-heal|p2a: Audino|343\/409|[from] item: Leftovers
|upkeep
|turn|69
|l|Specs Jigglypuff
|j|PokemonMasterTJ
|choice|move toxic|move knockoff
|
|move|p2a: Audino|Knock Off|p1a: Stunfisk
|-damage|p1a: Stunfisk|51\/422
|move|p1a: Stunfisk|Toxic|p2a: Audino
|-status|p2a: Audino|tox
|
|-heal|p2a: Audino|368\/409 tox|[from] item: Leftovers
|-damage|p2a: Audino|343\/409 tox|[from] psn
|upkeep
|turn|70
|choice|move discharge|move knockoff
|
|move|p2a: Audino|Knock Off|p1a: Stunfisk
|-damage|p1a: Stunfisk|21\/422
|move|p1a: Stunfisk|Discharge|p2a: Audino
|-damage|p2a: Audino|277\/409 tox
|
|-heal|p2a: Audino|302\/409 tox|[from] item: Leftovers
|-damage|p2a: Audino|252\/409 tox|[from] psn
|upkeep
|turn|71
|choice|move toxic|move healbell
|
|move|p2a: Audino|Heal Bell|p2a: Audino
|-activate|p2a: Audino|move: Heal Bell
|-curestatus|p2a: Audino|tox|[msg]
|move|p1a: Stunfisk|Toxic|p2a: Audino
|-status|p2a: Audino|tox
|
|-heal|p2a: Audino|277\/409 tox|[from] item: Leftovers
|-damage|p2a: Audino|252\/409 tox|[from] psn
|upkeep
|turn|72
|choice|move toxic|move knockoff
|
|move|p2a: Audino|Knock Off|p1a: Stunfisk
|-damage|p1a: Stunfisk|0 fnt
|faint|p1a: Stunfisk
|
|-heal|p2a: Audino|277\/409 tox|[from] item: Leftovers
|-damage|p2a: Audino|227\/409 tox|[from] psn
|upkeep
|choice|switch 6|
|
|switch|p1a: Swanna|Swanna, M|207\/291
|turn|73
|choice|move hurricane|move wish
|
|move|p1a: Swanna|Hurricane|p2a: Audino
|-damage|p2a: Audino|98\/409 tox
|move|p2a: Audino|Wish|p2a: Audino
|
|-heal|p2a: Audino|123\/409 tox|[from] item: Leftovers
|-damage|p2a: Audino|48\/409 tox|[from] psn
|upkeep
|turn|74
|choice|move scald|move protect
|
|move|p2a: Audino|Protect|p2a: Audino
|-singleturn|p2a: Audino|Protect
|move|p1a: Swanna|Scald|p2a: Audino
|-activate|p2a: Audino|move: Protect
|
|-heal|p2a: Audino|252\/409 tox|[from] move: Wish|[wisher] Audino
|-heal|p2a: Audino|277\/409 tox|[from] item: Leftovers
|-damage|p2a: Audino|177\/409 tox|[from] psn
|upkeep
|turn|75
|choice|move hurricane|move healbell
|
|move|p1a: Swanna|Hurricane|p2a: Audino
|-damage|p2a: Audino|62\/409 tox
|-start|p2a: Audino|confusion
|-activate|p2a: Audino|confusion
|move|p2a: Audino|Heal Bell|p2a: Audino
|-activate|p2a: Audino|move: Heal Bell
|-curestatus|p2a: Audino|tox|[msg]
|
|-heal|p2a: Audino|87\/409|[from] item: Leftovers
|upkeep
|turn|76
|choice|move scald|move protect
|
|-end|p2a: Audino|confusion
|move|p2a: Audino|Protect|p2a: Audino
|-singleturn|p2a: Audino|Protect
|move|p1a: Swanna|Scald|p2a: Audino
|-activate|p2a: Audino|move: Protect
|
|-heal|p2a: Audino|112\/409|[from] item: Leftovers
|upkeep
|turn|77
|choice|move hurricane|switch 3
|
|switch|p2a: Vibrava|Vibrava, M|304\/304
|move|p1a: Swanna|Hurricane|p2a: Vibrava|[miss]
|-miss|p1a: Swanna|p2a: Vibrava
|
|upkeep
|turn|78
|choice|move defog|move uturn
|
|move|p1a: Swanna|Defog|p2a: Vibrava
|-unboost|p2a: Vibrava|evasion|1
|move|p2a: Vibrava|U-turn|p1a: Swanna
|-resisted|p1a: Swanna
|-damage|p1a: Swanna|175\/291
|choice||switch 3
|
|switch|p2a: Audino|Audino, M|248\/409
|
|-heal|p2a: Audino|273\/409|[from] item: Leftovers
|upkeep
|turn|79
|choice|move defog|switch 3
|
|switch|p2a: Vibrava|Vibrava, M|304\/304
|move|p1a: Swanna|Defog|p2a: Vibrava
|-unboost|p2a: Vibrava|evasion|1
|
|upkeep
|turn|80
|choice|move hurricane|switch 3
|
|switch|p2a: Audino|Audino, M|409\/409
|move|p1a: Swanna|Hurricane|p2a: Audino|[miss]
|-miss|p1a: Swanna|p2a: Audino
|
|upkeep
|turn|81
|choice|switch 3|switch 3
|
|switch|p1a: Chatot|Chatot, F|195\/293 par
|switch|p2a: Vibrava|Vibrava, M|304\/304
|
|upkeep
|turn|82
|choice|move uturn|move uturn
|
|move|p2a: Vibrava|U-turn|p1a: Chatot
|-resisted|p1a: Chatot
|-damage|p1a: Chatot|158\/293 par
|choice||switch 3
|
|switch|p2a: Audino|Audino, M|409\/409
|cant|p1a: Chatot|par
|
|upkeep
|turn|83
|choice|move boomburst|move knockoff
|
|move|p2a: Audino|Knock Off|p1a: Chatot
|-damage|p1a: Chatot|91\/293 par
|move|p1a: Chatot|Boomburst|p2a: Audino
|-damage|p2a: Audino|235\/409
|
|-heal|p2a: Audino|260\/409|[from] item: Leftovers
|upkeep
|turn|84
|choice|switch 3|move knockoff
|
|switch|p1a: Swanna|Swanna, M|175\/291
|move|p2a: Audino|Knock Off|p1a: Swanna
|-damage|p1a: Swanna|124\/291
|
|-heal|p2a: Audino|285\/409|[from] item: Leftovers
|upkeep
|turn|85
|choice|move roost|switch 3
|
|switch|p2a: Vibrava|Vibrava, M|304\/304
|move|p1a: Swanna|Roost|p1a: Swanna
|-heal|p1a: Swanna|270\/291
|
|upkeep
|turn|86
|choice|move scald|switch 3
|
|switch|p2a: Audino|Audino, M|409\/409
|move|p1a: Swanna|Scald|p2a: Audino
|-damage|p2a: Audino|324\/409
|
|-heal|p2a: Audino|349\/409|[from] item: Leftovers
|upkeep
|turn|87
|choice|move scald|switch 3
|
|switch|p2a: Vibrava|Vibrava, M|304\/304
|move|p1a: Swanna|Scald|p2a: Vibrava
|-damage|p2a: Vibrava|223\/304
|
|upkeep
|turn|88
|choice|move defog|switch 3
|
|switch|p2a: Audino|Audino, M|409\/409
|move|p1a: Swanna|Defog|p2a: Audino
|-unboost|p2a: Audino|evasion|1
|
|upkeep
|turn|89
|choice|move defog|switch 3
|
|switch|p2a: Vibrava|Vibrava, M|223\/304
|move|p1a: Swanna|Defog|p2a: Vibrava
|-unboost|p2a: Vibrava|evasion|1
|
|upkeep
|turn|90
|l|Slowbroth
|choice|switch 3|move defog
|
|switch|p1a: Chatot|Chatot, F|91\/293 par
|move|p2a: Vibrava|Defog|p1a: Chatot
|-unboost|p1a: Chatot|evasion|1
|
|upkeep
|turn|91
|choice|move hiddenpower|move uturn
|
|move|p2a: Vibrava|U-turn|p1a: Chatot
|-resisted|p1a: Chatot
|-crit|p1a: Chatot
|-damage|p1a: Chatot|32\/293 par
|choice||switch 3
|
|switch|p2a: Audino|Audino, M|409\/409
|move|p1a: Chatot|Hidden Power|p2a: Audino
|-supereffective|p2a: Audino
|-damage|p2a: Audino|311\/409
|
|-heal|p2a: Audino|336\/409|[from] item: Leftovers
|upkeep
|turn|92
|choice|move boomburst|move knockoff
|
|move|p2a: Audino|Knock Off|p1a: Chatot
|-damage|p1a: Chatot|0 fnt
|faint|p1a: Chatot
|
|-heal|p2a: Audino|361\/409|[from] item: Leftovers
|upkeep
|choice|switch 3|
|
|switch|p1a: Swanna|Swanna, M|270\/291
|turn|93
|l|LiarEcho
|c|☆some randy name|gg
|choice|move defog|move wish
|
|move|p1a: Swanna|Defog|p2a: Audino
|-unboost|p2a: Audino|evasion|1
|move|p2a: Audino|Wish|p2a: Audino
|
|-heal|p2a: Audino|386\/409|[from] item: Leftovers
|upkeep
|turn|94
|-message|some randy name forfeited.
|
|win|Dancii
|l|TIBot
|l|some randy name
|l|quagsgone</script>
</div>
<div class="battle-log battle-log-inline"><div class="inner"><div class="battle-options"></div><div class="inner"><div class="chat"><small>some randy name joined.</small></div><div class="chat"><small>Dancii joined.</small></div><div class=""><small>Format:</small> <br><strong>PU</strong></div><div class=""><small><em>Sleep Clause Mod:</em> Limit one foe put to sleep</small></div><div class=""><small><em>Species Clause:</em> Limit one of each Pokémon</small></div><div class=""><small><em>OHKO Clause:</em> OHKO moves are banned</small></div><div class=""><small><em>Moody Clause:</em> Moody is banned</small></div><div class=""><small><em>Evasion Moves Clause:</em> Evasion moves are banned</small></div><div class=""><small><em>Endless Battle Clause:</em> Forcing endless battles is banned</small></div><div class=""><small><em>HP Percentage Mod:</em> HP is shown in percentages</small></div><div class=""><small><em>Swagger Clause:</em> Swagger is banned</small></div><div class=""><small><em>Baton Pass Clause:</em> Limit one Baton Passer, can't pass Spe and other stats simultaneously</small></div><div class="chat battle-history"><strong>some randy name's team:</strong> <em style="color:#445566;display:block;">Floatzel / Stunfisk / Swanna / Probopass / Chatot / Ninetales</em></div><div class="chat battle-history"><strong>Dancii's team:</strong> <em style="color:#445566;display:block;">Audino / Clefairy / Gourgeist-* / Metang / Vibrava / Zebstrika</em></div><div class="chat"><small>TIBot joined.</small></div><div class="chat"><small>PokemonMasterTJ joined.</small></div><div class="chat chatmessage-dancii"><strong style="color:hsl(162,57%,41.57015969332747%)"><small>☆</small><span class="username" data-name="Dancii">Dancii</span>:</strong> <em>hf</em></div><div class="chat"><small>ZeitoKrabby joined.</small></div><div class="chat chatmessage-somerandyname"><strong style="color:hsl(231,76%,60.99055190513829%)"><small>☆</small><span class="username" data-name="some randy name">some randy name</span>:</strong> <em>glhf</em></div><div class="chat"><small>Slowbroth joined.</small></div><div class="chat"><small>Typo Kign joined.</small></div><div class="spacer battle-history"><br></div><div class="battle-history">Battle started between some randy name and Dancii!<br></div><div class="spacer battle-history"><br></div><div class="battle-history">Go! <strong>Probopass</strong>!<br></div><div class="spacer battle-history"><br></div><div class="battle-history">Dancii sent out <strong>Metang</strong>!<br></div><div class="battle-history"><small>Probopass floats in the air with its Air Balloon!</small><br></div><div class="spacer battle-history"><br></div><h2 class="battle-history">Turn 1</h2><div class="spacer battle-history"><br></div><div class="battle-history">Probopass used <strong>Earth Power</strong>!<br></div><div class="battle-history"><small>It's super effective!</small><br></div><div class="battle-history"><small>(The opposing Metang lost <abbr title="−136/324">42.0%</abbr> of its health!)</small><br></div><div class="spacer battle-history"><br></div><div class="battle-history">The opposing Metang used <strong>Meteor Mash</strong>!<br></div><div class="battle-history"><small>(Probopass lost <abbr title="−93/304">30.6%</abbr> of its health!)</small><br></div><div class="battle-history"><small>Probopass's Air Balloon popped!</small><br></div><div class="spacer battle-history"><br></div><h2 class="battle-history">Turn 2</h2><div class="chat"><small>no plans joined.</small></div><div class="spacer battle-history"><br></div><div class="battle-history">Probopass used <strong>Earth Power</strong>!<br></div><div class="battle-history"><small>It's super effective!</small><br></div><div class="battle-history"><small>(The opposing Metang lost <abbr title="−126/324">38.9%</abbr> of its health!)</small><br></div><div class="spacer battle-history"><br></div><div class="battle-history">The opposing Metang used <strong>Earthquake</strong>!<br></div><div class="battle-history"><small>It's super effective!</small><br></div><div class="battle-history"><small>(Probopass lost <abbr title="−211/304">69.4%</abbr> of its health!)</small><br></div><div class="spacer battle-history"><br></div><div class="battle-history">Probopass fainted!<br></div><div class="spacer battle-history"><br></div><div class="battle-history">Go! <strong>Floatzel</strong>!<br></div><div class="spacer battle-history"><br></div><h2 class="battle-history">Turn 3</h2><div class="spacer battle-history"><br></div><div class="battle-history"><small>(The opposing Metang is being withdrawn...)</small><br></div><div class="spacer battle-history"><br></div><div class="battle-history">Floatzel used <strong>Pursuit</strong>!<br></div><div class="battle-history"><small>It's super effective!</small><br></div><div class="battle-history"><small>(The opposing Metang lost <abbr title="−62/324">19.1%</abbr> of its health!)</small><br></div><div class="spacer battle-history"><br></div><div class="battle-history">The opposing Metang fainted!<br></div><div class="spacer battle-history"><br></div><div class="battle-history">Dancii sent out <strong>Zebstrika</strong>!<br></div><div class="spacer battle-history"><br></div><h2 class="battle-history">Turn 4</h2><div class="spacer battle-history"><br></div><div class="battle-history">Floatzel, come back!<br></div><div class="battle-history">Go! <strong>Stunfisk</strong>!<br></div><div class="spacer battle-history"><br></div><div class="battle-history">The opposing Zebstrika used <strong>Hidden Power</strong>!<br></div><div class="battle-history"><small>It's super effective!</small><br></div><div class="battle-history"><small>(Stunfisk lost <abbr title="−133/422">31.5%</abbr> of its health!)</small><br></div><div class="battle-history"><small>The opposing Zebstrika lost some of its HP!</small><br></div><div class="spacer battle-history"><br></div><div class="battle-history"><small>Stunfisk restored a little HP using its Leftovers!</small><br></div><div class="spacer battle-history"><br></div><h2 class="battle-history">Turn 5</h2><div class="spacer battle-history"><br></div><div class="battle-history">Dancii withdrew Zebstrika!<br></div><div class="battle-history">Dancii sent out <strong>Clefairy</strong>!<br></div><div class="spacer battle-history"><br></div><div class="battle-history">Stunfisk used <strong>Toxic</strong>!<br></div><div class="battle-history"><small>The opposing Clefairy was badly poisoned!</small><br></div><div class="spacer battle-history"><br></div><div class="battle-history"><small>Stunfisk restored a little HP using its Leftovers!</small><br></div><div class="spacer battle-history"><br></div><h2 class="battle-history">Turn 6</h2><div class="spacer battle-history"><br></div><div class="battle-history">Stunfisk, come back!<br></div><div class="battle-history">Go! <strong>Ninetales</strong>!<br></div><div class="spacer battle-history"><br></div><div class="battle-history">The opposing Clefairy used <strong>Calm Mind</strong>!<br></div><div class="battle-history"><small>The opposing Clefairy's Special Attack rose!</small><br></div><div class="battle-history"><small>The opposing Clefairy's Special Defense rose!</small><br></div><div class="spacer battle-history"><br></div><h2 class="battle-history">Turn 7</h2><div class="spacer battle-history"><br></div><div class="battle-history">Ninetales used <strong>Nasty Plot</strong>!<br></div><div class="battle-history"><small>Ninetales's Special Attack rose sharply!</small><br></div><div class="spacer battle-history"><br></div><div class="battle-history">The opposing Clefairy used <strong>Thunder Wave</strong>!<br></div><div class="battle-history"><small>Ninetales is paralyzed! It may be unable to move!</small><br></div><div class="spacer battle-history"><br></div><h2 class="battle-history">Turn 8</h2><div class="spacer battle-history"><br></div><div class="battle-history">Dancii withdrew Clefairy!<br></div><div class="battle-history">Dancii sent out <strong>Vibrava</strong>!<br></div><div class="spacer battle-history"><br></div><div class="battle-history">Ninetales used <strong>Nasty Plot</strong>!<br></div><div class="battle-history"><small>Ninetales's Special Attack rose sharply!</small><br></div><div class="spacer battle-history"><br></div><h2 class="battle-history">Turn 9</h2><div class="spacer battle-history"><br></div><div class="battle-history">The opposing Vibrava used <strong>Earthquake</strong>!<br></div><div class="battle-history"><small>It's super effective!</small><br></div><div class="battle-history"><small>(Ninetales lost <abbr title="−230/287">80.1%</abbr> of its health!)</small><br></div><div class="spacer battle-history"><br></div><div class="battle-history">Ninetales is paralyzed! It can't move!<br></div><div class="spacer battle-history"><br></div><h2 class="battle-history">Turn 10</h2><div class="spacer battle-history"><br></div><div class="battle-history">Ninetales, come back!<br></div><div class="battle-history">Go! <strong>Swanna</strong>!<br></div><div class="spacer battle-history"><br></div><div class="battle-history">The opposing Vibrava used <strong>Earthquake</strong>!<br></div><div class="battle-history"><small>It doesn't affect Swanna...</small><br></div><div class="spacer battle-history"><br></div><h2 class="battle-history">Turn 11</h2><div class="chat"><small>PokemonMasterTJ left.</small></div><div class="spacer battle-history"><br></div><div class="battle-history">Dancii withdrew Vibrava!<br></div><div class="battle-history">Dancii sent out <strong>Audino</strong>!<br></div><div class="spacer battle-history"><br></div><div class="battle-history">Swanna used <strong>Scald</strong>!<br></div><div class="battle-history"><small>(The opposing Audino lost <abbr title="−125/409">30.6%</abbr> of its health!)</small><br></div><div class="battle-history"><small>Swanna lost some of its HP!</small><br></div><div class="spacer battle-history"><br></div><div class="battle-history"><small>The opposing Audino restored a little HP using its Leftovers!</small><br></div><div class="spacer battle-history"><br></div><h2 class="battle-history">Turn 12</h2><div class="spacer battle-history"><br></div><div class="battle-history">Swanna used <strong>Scald</strong>!<br></div><div class="battle-history"><small>(The opposing Audino lost <abbr title="−121/409">29.6%</abbr> of its health!)</small><br></div><div class="battle-history"><small>Swanna lost some of its HP!</small><br></div><div class="spacer battle-history"><br></div><div class="battle-history">The opposing Audino used <strong>Knock Off</strong>!<br></div><div class="battle-history"><small>(Swanna lost <abbr title="−73/291">25.1%</abbr> of its health!)</small><br></div><div class="battle-history"><small>The opposing Audino knocked off Swanna's Life Orb!</small><br></div><div class="spacer battle-history"><br></div><div class="battle-history"><small>The opposing Audino restored a little HP using its Leftovers!</small><br></div><div class="spacer battle-history"><br></div><h2 class="battle-history">Turn 13</h2><div class="spacer battle-history"><br></div><div class="battle-history">Swanna used <strong>Scald</strong>!<br></div><div class="battle-history"><small>(The opposing Audino lost <abbr title="−94/409">23.0%</abbr> of its health!)</small><br></div><div class="spacer battle-history"><br></div><div class="battle-history">The opposing Audino used <strong>Wish</strong>!<br></div><div class="spacer battle-history"><br></div><div class="battle-history"><small>The opposing Audino restored a little HP using its Leftovers!</small><br></div><div class="spacer battle-history"><br></div><h2 class="battle-history">Turn 14</h2><div class="chat"><small>ZeitoKrabby left.</small></div><div class="spacer battle-history"><br></div><div class="battle-history">The opposing Audino used <strong>Protect</strong>!<br></div><div class="battle-history"><small>The opposing Audino protected itself!</small><br></div><div class="spacer battle-history"><br></div><div class="battle-history">Swanna used <strong>Scald</strong>!<br></div><div class="battle-history"><small>The opposing Audino protected itself!</small><br></div><div class="spacer battle-history"><br></div><div class="battle-history"><small>Audino's wish came true!</small><br></div><div class="battle-history"><small>The opposing Audino restored a little HP using its Leftovers!</small><br></div><div class="spacer battle-history"><br></div><h2 class="battle-history">Turn 15</h2><div class="spacer battle-history"><br></div><div class="battle-history">Swanna used <strong>Roost</strong>!<br></div><div class="battle-history"><small>Swanna restored its HP.</small><br></div><div class="spacer battle-history"><br></div><div class="battle-history">The opposing Audino used <strong>Knock Off</strong>!<br></div><div class="battle-history"><small>A critical hit!</small><br></div><div class="battle-history"><small>(Swanna lost <abbr title="−80/291">27.5%</abbr> of its health!)</small><br></div><div class="spacer battle-history"><br></div><div class="battle-history"><small>The opposing Audino restored a little HP using its Leftovers!</small><br></div><div class="spacer battle-history"><br></div><h2 class="battle-history">Turn 16</h2><div class="spacer battle-history"><br></div><div class="battle-history">Swanna used <strong>Scald</strong>!<br></div><div class="battle-history"><small>(The opposing Audino lost <abbr title="−88/409">21.5%</abbr> of its health!)</small><br></div><div class="battle-history"><small>The opposing Audino was burned!</small><br></div><div class="spacer battle-history"><br></div><div class="battle-history">The opposing Audino used <strong>Wish</strong>!<br></div><div class="spacer battle-history"><br></div><div class="battle-history"><small>The opposing Audino restored a little HP using its Leftovers!</small><br></div><div class="battle-history"><small>The opposing Audino was hurt by its burn!</small><br></div><div class="spacer battle-history"><br></div><h2 class="battle-history">Turn 17</h2><div class="spacer battle-history"><br></div><div class="battle-history">Dancii withdrew Audino!<br></div><div class="battle-history">Dancii sent out <strong>Zebstrika</strong>!<br></div><div class="spacer battle-history"><br></div><div class="battle-history">Swanna used <strong>Roost</strong>!<br></div><div class="battle-history"><small>Swanna restored its HP.</small><br></div><div class="spacer battle-history"><br></div><div class="battle-history"><small>Audino's wish came true!</small><br></div><div class="spacer battle-history"><br></div><h2 class="battle-history">Turn 18</h2><div class="spacer battle-history"><br></div><div class="battle-history">Swanna, come back!<br></div><div class="battle-history">Go! <strong>Stunfisk</strong>!<br></div><div class="spacer battle-history"><br></div><div class="battle-history">The opposing Zebstrika used <strong>Hidden Power</strong>!<br></div><div class="battle-history"><small>It's super effective!</small><br></div><div class="battle-history"><small>(Stunfisk lost <abbr title="−133/422">31.5%</abbr> of its health!)</small><br></div><div class="battle-history"><small>The opposing Zebstrika lost some of its HP!</small><br></div><div class="spacer battle-history"><br></div><div class="battle-history"><small>Stunfisk restored a little HP using its Leftovers!</small><br></div><div class="spacer battle-history"><br></div><h2 class="battle-history">Turn 19</h2><div class="spacer battle-history"><br></div><div class="battle-history">The opposing Zebstrika used <strong>Hidden Power</strong>!<br></div><div class="battle-history"><small>It's super effective!</small><br></div><div class="battle-history"><small>(Stunfisk lost <abbr title="−135/422">32.0%</abbr> of its health!)</small><br></div><div class="battle-history"><small>The opposing Zebstrika lost some of its HP!</small><br></div><div class="spacer battle-history"><br></div><div class="battle-history">Stunfisk used <strong>Earth Power</strong>!<br></div><div class="battle-history"><small>It's super effective!</small><br></div><div class="battle-history"><small>(The opposing Zebstrika lost <abbr title="−233/291">80.1%</abbr> of its health!)</small><br></div><div class="spacer battle-history"><br></div><div class="battle-history">The opposing Zebstrika fainted!<br></div><div class="spacer battle-history"><br></div><div class="battle-history"><small>Stunfisk restored a little HP using its Leftovers!</small><br></div><div class="spacer battle-history"><br></div><div class="battle-history">Dancii sent out <strong>Clefairy</strong>!<br></div><div class="spacer battle-history"><br></div><h2 class="battle-history">Turn 20</h2><div class="spacer battle-history"><br></div><div class="battle-history">Stunfisk, come back!<br></div><div class="battle-history">Go! <strong>Ninetales</strong>!<br></div><div class="spacer battle-history"><br></div><div class="battle-history">The opposing Clefairy used <strong>Calm Mind</strong>!<br></div><div class="battle-history"><small>The opposing Clefairy's Special Attack rose!</small><br></div><div class="battle-history"><small>The opposing Clefairy's Special Defense rose!</small><br></div><div class="spacer battle-history"><br></div><h2 class="battle-history">Turn 21</h2><div class="spacer battle-history"><br></div><div class="battle-history">The opposing Clefairy used <strong>Moonblast</strong>!<br></div><div class="battle-history"><small>It's not very effective...</small><br></div><div class="battle-history"><small>(Ninetales lost <abbr title="−57/287">19.9%</abbr> of its health!)</small><br></div><div class="spacer battle-history"><br></div><div class="battle-history">Ninetales fainted!<br></div><div class="spacer battle-history"><br></div><div class="battle-history">Go! <strong>Floatzel</strong>!<br></div><div class="spacer battle-history"><br></div><h2 class="battle-history">Turn 22</h2><div class="chat chatmessage-dancii"><strong style="color:hsl(162,57%,41.57015969332747%)"><small>☆</small><span class="username" data-name="Dancii">Dancii</span>:</strong> <em>gg</em></div><div class="spacer battle-history"><br></div><div class="battle-history">Floatzel used <strong>Waterfall</strong>!<br></div><div class="battle-history"><small>(The opposing Clefairy lost <abbr title="−136/344">39.5%</abbr> of its health!)</small><br></div><div class="spacer battle-history"><br></div><div class="battle-history">The opposing Clefairy used <strong>Thunder Wave</strong>!<br></div><div class="battle-history"><small>Floatzel is paralyzed! It may be unable to move!</small><br></div><div class="spacer battle-history"><br></div><h2 class="battle-history">Turn 23</h2><div class="spacer battle-history"><br></div><div class="battle-history">The opposing Clefairy used <strong>Soft-Boiled</strong>!<br></div><div class="battle-history"><small>The opposing Clefairy restored its HP.</small><br></div><div class="spacer battle-history"><br></div><div class="battle-history">Floatzel used <strong>Waterfall</strong>!<br></div><div class="battle-history"><small>(The opposing Clefairy lost <abbr title="−142/344">41.3%</abbr> of its health!)</small><br></div><div class="spacer battle-history"><br></div><h2 class="battle-history">Turn 24</h2><div class="chat"><small>no plans left.</small></div><div class="spacer battle-history"><br></div><div class="battle-history">The opposing Clefairy used <strong>Soft-Boiled</strong>!<br></div><div class="battle-history"><small>The opposing Clefairy restored its HP.</small><br></div><div class="spacer battle-history"><br></div><div class="battle-history">Floatzel used <strong>Waterfall</strong>!<br></div><div class="battle-history"><small>(The opposing Clefairy lost <abbr title="−141/344">41.0%</abbr> of its health!)</small><br></div><div class="spacer battle-history"><br></div><h2 class="battle-history">Turn 25</h2><div class="spacer battle-history"><br></div><div class="battle-history">The opposing Clefairy used <strong>Soft-Boiled</strong>!<br></div><div class="battle-history"><small>The opposing Clefairy restored its HP.</small><br></div><div class="spacer battle-history"><br></div><div class="battle-history">Floatzel used <strong>Waterfall</strong>!<br></div><div class="battle-history"><small>(The opposing Clefairy lost <abbr title="−138/344">40.1%</abbr> of its health!)</small><br></div><div class="spacer battle-history"><br></div><h2 class="battle-history">Turn 26</h2><div class="spacer battle-history"><br></div><div class="battle-history">The opposing Clefairy used <strong>Soft-Boiled</strong>!<br></div><div class="battle-history"><small>The opposing Clefairy restored its HP.</small><br></div><div class="spacer battle-history"><br></div><div class="battle-history">Floatzel used <strong>Waterfall</strong>!<br></div><div class="battle-history"><small>(The opposing Clefairy lost <abbr title="−142/344">41.3%</abbr> of its health!)</small><br></div><div class="spacer battle-history"><br></div><h2 class="battle-history">Turn 27</h2><div class="spacer battle-history"><br></div><div class="battle-history">The opposing Clefairy used <strong>Soft-Boiled</strong>!<br></div><div class="battle-history"><small>The opposing Clefairy restored its HP.</small><br></div><div class="spacer battle-history"><br></div><div class="battle-history">Floatzel is paralyzed! It can't move!<br></div><div class="spacer battle-history"><br></div><h2 class="battle-history">Turn 28</h2><div class="spacer battle-history"><br></div><div class="battle-history">The opposing Clefairy used <strong>Moonblast</strong>!<br></div><div class="battle-history"><small>(Floatzel lost <abbr title="−199/311">64.0%</abbr> of its health!)</small><br></div><div class="spacer battle-history"><br></div><div class="battle-history">Floatzel is paralyzed! It can't move!<br></div><div class="spacer battle-history"><br></div><h2 class="battle-history">Turn 29</h2><div class="spacer battle-history"><br></div><div class="battle-history">The opposing Clefairy used <strong>Moonblast</strong>!<br></div><div class="battle-history"><small>(Floatzel lost <abbr title="−112/311">36.0%</abbr> of its health!)</small><br></div><div class="spacer battle-history"><br></div><div class="battle-history">Floatzel fainted!<br></div><div class="spacer battle-history"><br></div><div class="battle-history">Go! <strong>Chatot</strong>!<br></div><div class="spacer battle-history"><br></div><h2 class="battle-history">Turn 30</h2><div class="spacer battle-history"><br></div><div class="battle-history">Chatot used <strong>Boomburst</strong>!<br></div><div class="battle-history"><small>(The opposing Clefairy lost <abbr title="−127/344">36.9%</abbr> of its health!)</small><br></div><div class="spacer battle-history"><br></div><div class="battle-history">The opposing Clefairy used <strong>Thunder Wave</strong>!<br></div><div class="battle-history"><small>Chatot is paralyzed! It may be unable to move!</small><br></div><div class="spacer battle-history"><br></div><h2 class="battle-history">Turn 31</h2><div class="chat"><small>Slowbroth left.</small></div><div class="spacer battle-history"><br></div><div class="battle-history">Chatot used <strong>Boomburst</strong>!<br></div><div class="battle-history"><small>(The opposing Clefairy lost <abbr title="−130/344">37.8%</abbr> of its health!)</small><br></div><div class="spacer battle-history"><br></div><div class="battle-history">The opposing Clefairy used <strong>Calm Mind</strong>!<br></div><div class="battle-history"><small>The opposing Clefairy's Special Attack rose!</small><br></div><div class="battle-history"><small>The opposing Clefairy's Special Defense rose!</small><br></div><div class="spacer battle-history"><br></div><h2 class="battle-history">Turn 32</h2><div class="spacer battle-history"><br></div><div class="battle-history">Chatot used <strong>Boomburst</strong>!<br></div><div class="battle-history"><small>(The opposing Clefairy lost <abbr title="−87/344">25.3%</abbr> of its health!)</small><br></div><div class="spacer battle-history"><br></div><div class="battle-history">The opposing Clefairy fainted!<br></div><div class="spacer battle-history"><br></div><div class="battle-history">Dancii sent out <strong>Audino</strong>!<br></div><div class="spacer battle-history"><br></div><h2 class="battle-history">Turn 33</h2><div class="spacer battle-history"><br></div><div class="battle-history">Chatot, come back!<br></div><div class="battle-history">Go! <strong>Swanna</strong>!<br></div><div class="spacer battle-history"><br></div><div class="battle-history">The opposing Audino used <strong>Knock Off</strong>!<br></div><div class="battle-history"><small>(Swanna lost <abbr title="−25/291">8.6%</abbr> of its health!)</small><br></div><div class="spacer battle-history"><br></div><div class="battle-history"><small>The opposing Audino was hurt by its burn!</small><br></div><div class="spacer battle-history"><br></div><h2 class="battle-history">Turn 34</h2><div class="spacer battle-history"><br></div><div class="battle-history">Swanna used <strong>Hurricane</strong>!<br></div><div class="battle-history"><small>(The opposing Audino lost <abbr title="−135/409">33.0%</abbr> of its health!)</small><br></div><div class="spacer battle-history"><br></div><div class="battle-history">The opposing Audino used <strong>Wish</strong>!<br></div><div class="spacer battle-history"><br></div><div class="battle-history"><small>The opposing Audino restored a little HP using its Leftovers!</small><br></div><div class="battle-history"><small>The opposing Audino was hurt by its burn!</small><br></div><div class="spacer battle-history"><br></div><h2 class="battle-history">Turn 35</h2><div class="spacer battle-history"><br></div><div class="battle-history">Swanna used <strong>Scald</strong>!<br></div><div class="battle-history"><small>(The opposing Audino lost <abbr title="−96/409">23.5%</abbr> of its health!)</small><br></div><div class="spacer battle-history"><br></div><div class="battle-history">The opposing Audino used <strong>Heal Bell</strong>!<br></div><div class="battle-history"><small>A bell chimed!</small><br></div><div class="battle-history"><small>The opposing Audino's burn was healed.</small><br></div><div class="spacer battle-history"><br></div><div class="battle-history"><small>Audino's wish came true!</small><br></div><div class="battle-history"><small>The opposing Audino restored a little HP using its Leftovers!</small><br></div><div class="spacer battle-history"><br></div><h2 class="battle-history">Turn 36</h2><div class="chat chatmessage-dancii"><strong style="color:hsl(162,57%,41.57015969332747%)"><small>☆</small><span class="username" data-name="Dancii">Dancii</span>:</strong> <em>fuck</em></div><div class="chat chatmessage-dancii"><strong style="color:hsl(162,57%,41.57015969332747%)"><small>☆</small><span class="username" data-name="Dancii">Dancii</span>:</strong> <em>i choked</em></div><div class="chat chatmessage-somerandyname"><strong style="color:hsl(231,76%,60.99055190513829%)"><small>☆</small><span class="username" data-name="some randy name">some randy name</span>:</strong> <em>lol</em></div><div class="chat"><small>LiarEcho joined.</small></div><div class="spacer battle-history"><br></div><div class="battle-history">The opposing Audino used <strong>Protect</strong>!<br></div><div class="battle-history"><small>The opposing Audino protected itself!</small><br></div><div class="spacer battle-history"><br></div><div class="battle-history">Swanna used <strong>Hurricane</strong>!<br></div><div class="battle-history"><small>The opposing Audino protected itself!</small><br></div><div class="spacer battle-history"><br></div><div class="battle-history"><small>The opposing Audino restored a little HP using its Leftovers!</small><br></div><div class="spacer battle-history"><br></div><h2 class="battle-history">Turn 37</h2><div class="spacer battle-history"><br></div><div class="battle-history">Dancii withdrew Audino!<br></div><div class="battle-history">Dancii sent out <strong>Vibrava</strong>!<br></div><div class="spacer battle-history"><br></div><div class="battle-history">Swanna used <strong>Hurricane</strong>!<br></div><div class="battle-history"><small>(The opposing Vibrava lost <abbr title="−100/304">32.9%</abbr> of its health!)</small><br></div><div class="battle-history"><small>The opposing Vibrava became confused!</small><br></div><div class="spacer battle-history"><br></div><h2 class="battle-history">Turn 38</h2><div class="spacer battle-history"><br></div><div class="battle-history">Dancii withdrew Vibrava!<br></div><div class="battle-history">Dancii sent out <strong>Audino</strong>!<br></div><div class="spacer battle-history"><br></div><div class="battle-history">Swanna used <strong>Scald</strong>!<br></div><div class="battle-history"><small>(The opposing Audino lost <abbr title="−96/409">23.5%</abbr> of its health!)</small><br></div><div class="spacer battle-history"><br></div><div class="battle-history"><small>The opposing Audino restored a little HP using its Leftovers!</small><br></div><div class="spacer battle-history"><br></div><h2 class="battle-history">Turn 39</h2><div class="spacer battle-history"><br></div><div class="battle-history">Swanna, come back!<br></div><div class="battle-history">Go! <strong>Stunfisk</strong>!<br></div><div class="spacer battle-history"><br></div><div class="battle-history">The opposing Audino used <strong>Protect</strong>!<br></div><div class="battle-history"><small>But it failed!</small><br></div><div class="spacer battle-history"><br></div><div class="battle-history"><small>The opposing Audino restored a little HP using its Leftovers!</small><br></div><div class="battle-history"><small>Stunfisk restored a little HP using its Leftovers!</small><br></div><div class="spacer battle-history"><br></div><h2 class="battle-history">Turn 40</h2><div class="spacer battle-history"><br></div><div class="battle-history">The opposing Audino used <strong>Knock Off</strong>!<br></div><div class="battle-history"><small>(Stunfisk lost <abbr title="−42/422">10.0%</abbr> of its health!)</small><br></div><div class="battle-history"><small>[Stunfisk's Static]</small><br><small>The opposing Audino is paralyzed! It may be unable to move!</small><br></div><div class="battle-history"><small>The opposing Audino knocked off Stunfisk's Leftovers!</small><br></div><div class="spacer battle-history"><br></div><div class="battle-history">Stunfisk used <strong>Toxic</strong>!<br></div><div class="battle-history"><small>But it failed!</small><br></div><div class="spacer battle-history"><br></div><div class="battle-history"><small>The opposing Audino restored a little HP using its Leftovers!</small><br></div><div class="spacer battle-history"><br></div><h2 class="battle-history">Turn 41</h2><div class="spacer battle-history"><br></div><div class="battle-history">Dancii withdrew Audino!<br></div><div class="battle-history">Dancii sent out <strong>Vibrava</strong>!<br></div><div class="spacer battle-history"><br></div><div class="battle-history">Stunfisk used <strong>Earth Power</strong>!<br></div><div class="battle-history"><small>[The opposing Vibrava's Levitate]</small><br><small>It doesn't affect the opposing Vibrava...</small><br></div><div class="spacer battle-history"><br></div><h2 class="battle-history">Turn 42</h2><div class="spacer battle-history"><br></div><div class="battle-history">Stunfisk, come back!<br></div><div class="battle-history">Go! <strong>Swanna</strong>!<br></div><div class="spacer battle-history"><br></div><div class="battle-history">The opposing Vibrava used <strong>U-turn</strong>!<br></div><div class="battle-history"><small>It's not very effective...</small><br></div><div class="battle-history"><small>(Swanna lost <abbr title="−28/291">9.6%</abbr> of its health!)</small><br></div><div class="spacer battle-history"><br></div><div class="battle-history">The opposing Vibrava went back to Dancii!<br></div><div class="battle-history">Dancii sent out <strong>Audino</strong>!<br></div><div class="spacer battle-history"><br></div><h2 class="battle-history">Turn 43</h2><div class="spacer battle-history"><br></div><div class="battle-history">Swanna used <strong>Hurricane</strong>!<br></div><div class="battle-history"><small>The opposing Audino avoided the attack!</small><br></div><div class="spacer battle-history"><br></div><div class="battle-history">The opposing Audino is paralyzed! It can't move!<br></div><div class="spacer battle-history"><br></div><h2 class="battle-history">Turn 44</h2><div class="spacer battle-history"><br></div><div class="battle-history">The opposing Audino is paralyzed! It can't move!<br></div><div class="spacer battle-history"><br></div><div class="battle-history">Swanna used <strong>Hurricane</strong>!<br></div><div class="battle-history"><small>A critical hit!</small><br></div><div class="battle-history"><small>(The opposing Audino lost <abbr title="−172/409">42.1%</abbr> of its health!)</small><br></div><div class="spacer battle-history"><br></div><div class="battle-history"><small>The opposing Audino restored a little HP using its Leftovers!</small><br></div><div class="spacer battle-history"><br></div><h2 class="battle-history">Turn 45</h2><div class="spacer battle-history"><br></div><div class="battle-history">The opposing Audino used <strong>Protect</strong>!<br></div><div class="battle-history"><small>The opposing Audino protected itself!</small><br></div><div class="spacer battle-history"><br></div><div class="battle-history">Swanna used <strong>Defog</strong>!<br></div><div class="battle-history"><small>The opposing Audino protected itself!</small><br></div><div class="spacer battle-history"><br></div><div class="battle-history"><small>The opposing Audino restored a little HP using its Leftovers!</small><br></div><div class="spacer battle-history"><br></div><h2 class="battle-history">Turn 46</h2><div class="spacer battle-history"><br></div><div class="battle-history">Swanna used <strong>Hurricane</strong>!<br></div><div class="battle-history"><small>(The opposing Audino lost <abbr title="−133/409">32.5%</abbr> of its health!)</small><br></div><div class="spacer battle-history"><br></div><div class="battle-history">The opposing Audino is paralyzed! It can't move!<br></div><div class="spacer battle-history"><br></div><div class="battle-history"><small>The opposing Audino restored a little HP using its Leftovers!</small><br></div><div class="spacer battle-history"><br></div><h2 class="battle-history">Turn 47</h2><div class="spacer battle-history"><br></div><div class="battle-history">The opposing Audino used <strong>Protect</strong>!<br></div><div class="battle-history"><small>The opposing Audino protected itself!</small><br></div><div class="spacer battle-history"><br></div><div class="battle-history">Swanna used <strong>Hurricane</strong>!<br></div><div class="battle-history"><small>The opposing Audino protected itself!</small><br></div><div class="spacer battle-history"><br></div><div class="battle-history"><small>The opposing Audino restored a little HP using its Leftovers!</small><br></div><div class="spacer battle-history"><br></div><h2 class="battle-history">Turn 48</h2><div class="spacer battle-history"><br></div><div class="battle-history">Swanna used <strong>Hurricane</strong>!<br></div><div class="battle-history"><small>(The opposing Audino lost <abbr title="−115/409">28.1%</abbr> of its health!)</small><br></div><div class="battle-history"><small>The opposing Audino became confused!</small><br></div><div class="spacer battle-history"><br></div><div class="battle-history"><small>The opposing Audino is confused!</small><br></div><div class="battle-history">The opposing Audino used <strong>Wish</strong>!<br></div><div class="spacer battle-history"><br></div><div class="battle-history"><small>The opposing Audino restored a little HP using its Leftovers!</small><br></div><div class="spacer battle-history"><br></div><h2 class="battle-history">Turn 49</h2><div class="chat"><small>quagsgone joined.</small></div><div class="spacer battle-history"><br></div><div class="battle-history">Dancii withdrew Audino!<br></div><div class="battle-history">Dancii sent out <strong>Vibrava</strong>!<br></div><div class="spacer battle-history"><br></div><div class="battle-history">Swanna used <strong>Scald</strong>!<br></div><div class="battle-history"><small>(The opposing Vibrava lost <abbr title="−85/304">28.0%</abbr> of its health!)</small><br></div><div class="spacer battle-history"><br></div><div class="battle-history"><small>Audino's wish came true!</small><br></div><div class="spacer battle-history"><br></div><h2 class="battle-history">Turn 50</h2><div class="chat"><small>Specs Jigglypuff joined.</small></div><div class="spacer battle-history"><br></div><div class="battle-history">Swanna used <strong>Scald</strong>!<br></div><div class="battle-history"><small>(The opposing Vibrava lost <abbr title="−81/304">26.6%</abbr> of its health!)</small><br></div><div class="spacer battle-history"><br></div><div class="battle-history">The opposing Vibrava used <strong>Defog</strong>!<br></div><div class="battle-history"><small>Swanna's evasiveness fell!</small><br></div><div class="spacer battle-history"><br></div><h2 class="battle-history">Turn 51</h2><div class="spacer battle-history"><br></div><div class="battle-history">Swanna used <strong>Defog</strong>!<br></div><div class="battle-history"><small>The opposing Vibrava's evasiveness fell!</small><br></div><div class="spacer battle-history"><br></div><div class="battle-history">The opposing Vibrava used <strong>Roost</strong>!<br></div><div class="battle-history"><small>The opposing Vibrava restored its HP.</small><br></div><div class="spacer battle-history"><br></div><h2 class="battle-history">Turn 52</h2><div class="spacer battle-history"><br></div><div class="battle-history">Swanna used <strong>Defog</strong>!<br></div><div class="battle-history"><small>The opposing Vibrava's evasiveness fell!</small><br></div><div class="spacer battle-history"><br></div><div class="battle-history">The opposing Vibrava used <strong>U-turn</strong>!<br></div><div class="battle-history"><small>It's not very effective...</small><br></div><div class="battle-history"><small>(Swanna lost <abbr title="−31/291">10.7%</abbr> of its health!)</small><br></div><div class="spacer battle-history"><br></div><div class="battle-history">The opposing Vibrava went back to Dancii!<br></div><div class="battle-history">Dancii sent out Gourgeist (<strong>Gourgeist-Super</strong>)!<br></div><div class="spacer battle-history"><br></div><h2 class="battle-history">Turn 53</h2><div class="spacer battle-history"><br></div><div class="battle-history">Swanna used <strong>Hurricane</strong>!<br></div><div class="battle-history"><small>It's super effective!</small><br></div><div class="battle-history"><small>(The opposing Gourgeist lost <abbr title="−373/373">100%</abbr> of its health!)</small><br></div><div class="spacer battle-history"><br></div><div class="battle-history">The opposing Gourgeist fainted!<br></div><div class="chat chatmessage-dancii"><strong style="color:hsl(162,57%,41.57015969332747%)"><small>☆</small><span class="username" data-name="Dancii">Dancii</span>:</strong> <em>252 SpA Swanna Hurricane vs. 252 HP / 4 SpD Gourgeist-Super: 344-408 (91.9 - 109%) -- 56.3% chance to OHKO</em></div><div class="chat chatmessage-dancii"><strong style="color:hsl(162,57%,41.57015969332747%)"><small>☆</small><span class="username" data-name="Dancii">Dancii</span>:</strong> <em>snif</em></div><div class="spacer battle-history"><br></div><div class="battle-history">Dancii sent out <strong>Audino</strong>!<br></div><div class="spacer battle-history"><br></div><h2 class="battle-history">Turn 54</h2><div class="spacer battle-history"><br></div><div class="battle-history">Swanna used <strong>Defog</strong>!<br></div><div class="battle-history"><small>The opposing Audino's evasiveness fell!</small><br></div><div class="spacer battle-history"><br></div><div class="battle-history">The opposing Audino is paralyzed! It can't move!<br></div><div class="spacer battle-history"><br></div><div class="battle-history"><small>The opposing Audino restored a little HP using its Leftovers!</small><br></div><div class="spacer battle-history"><br></div><h2 class="battle-history">Turn 55</h2><div class="spacer battle-history"><br></div><div class="battle-history">Swanna used <strong>Scald</strong>!<br></div><div class="battle-history"><small>(The opposing Audino lost <abbr title="−90/409">22.0%</abbr> of its health!)</small><br></div><div class="spacer battle-history"><br></div><div class="battle-history">The opposing Audino is paralyzed! It can't move!<br></div><div class="spacer battle-history"><br></div><div class="battle-history"><small>The opposing Audino restored a little HP using its Leftovers!</small><br></div><div class="spacer battle-history"><br></div><h2 class="battle-history">Turn 56</h2><div class="chat"><small>Slowbroth joined.</small></div><div class="spacer battle-history"><br></div><div class="battle-history">The opposing Audino used <strong>Protect</strong>!<br></div><div class="battle-history"><small>The opposing Audino protected itself!</small><br></div><div class="spacer battle-history"><br></div><div class="battle-history">Swanna used <strong>Scald</strong>!<br></div><div class="battle-history"><small>The opposing Audino protected itself!</small><br></div><div class="spacer battle-history"><br></div><div class="battle-history"><small>The opposing Audino restored a little HP using its Leftovers!</small><br></div><div class="spacer battle-history"><br></div><h2 class="battle-history">Turn 57</h2><div class="spacer battle-history"><br></div><div class="battle-history">Swanna used <strong>Hurricane</strong>!<br></div><div class="battle-history"><small>(The opposing Audino lost <abbr title="−124/409">30.3%</abbr> of its health!)</small><br></div><div class="spacer battle-history"><br></div><div class="battle-history">The opposing Audino used <strong>Wish</strong>!<br></div><div class="spacer battle-history"><br></div><div class="battle-history"><small>The opposing Audino restored a little HP using its Leftovers!</small><br></div><div class="spacer battle-history"><br></div><h2 class="battle-history">Turn 58</h2><div class="spacer battle-history"><br></div><div class="battle-history">Swanna, come back!<br></div><div class="battle-history">Go! <strong>Chatot</strong>!<br></div><div class="spacer battle-history"><br></div><div class="battle-history">The opposing Audino is paralyzed! It can't move!<br></div><div class="spacer battle-history"><br></div><div class="battle-history"><small>Audino's wish came true!</small><br></div><div class="battle-history"><small>The opposing Audino restored a little HP using its Leftovers!</small><br></div><div class="spacer battle-history"><br></div><h2 class="battle-history">Turn 59</h2><div class="spacer battle-history"><br></div><div class="battle-history">Chatot is paralyzed! It can't move!<br></div><div class="spacer battle-history"><br></div><div class="battle-history">The opposing Audino used <strong>Knock Off</strong>!<br></div><div class="battle-history"><small>(Chatot lost <abbr title="−98/293">33.4%</abbr> of its health!)</small><br></div><div class="battle-history"><small>The opposing Audino knocked off Chatot's Choice Scarf!</small><br></div><div class="spacer battle-history"><br></div><div class="battle-history"><small>The opposing Audino restored a little HP using its Leftovers!</small><br></div><div class="spacer battle-history"><br></div><h2 class="battle-history">Turn 60</h2><div class="spacer battle-history"><br></div><div class="battle-history">Chatot used <strong>Boomburst</strong>!<br></div><div class="battle-history"><small>(The opposing Audino lost <abbr title="−178/409">43.5%</abbr> of its health!)</small><br></div><div class="spacer battle-history"><br></div><div class="battle-history">The opposing Audino is paralyzed! It can't move!<br></div><div class="spacer battle-history"><br></div><div class="battle-history"><small>The opposing Audino restored a little HP using its Leftovers!</small><br></div><div class="spacer battle-history"><br></div><h2 class="battle-history">Turn 61</h2><div class="spacer battle-history"><br></div><div class="battle-history">The opposing Audino used <strong>Protect</strong>!<br></div><div class="battle-history"><small>The opposing Audino protected itself!</small><br></div><div class="spacer battle-history"><br></div><div class="battle-history">Chatot used <strong>Boomburst</strong>!<br></div><div class="battle-history"><small>The opposing Audino protected itself!</small><br></div><div class="spacer battle-history"><br></div><div class="battle-history"><small>The opposing Audino restored a little HP using its Leftovers!</small><br></div><div class="spacer battle-history"><br></div><h2 class="battle-history">Turn 62</h2><div class="spacer battle-history"><br></div><div class="battle-history">Chatot used <strong>Boomburst</strong>!<br></div><div class="battle-history"><small>(The opposing Audino lost <abbr title="−171/409">41.8%</abbr> of its health!)</small><br></div><div class="spacer battle-history"><br></div><div class="battle-history">The opposing Audino used <strong>Wish</strong>!<br></div><div class="spacer battle-history"><br></div><div class="battle-history"><small>The opposing Audino restored a little HP using its Leftovers!</small><br></div><div class="spacer battle-history"><br></div><h2 class="battle-history">Turn 63</h2><div class="spacer battle-history"><br></div><div class="battle-history">The opposing Audino used <strong>Protect</strong>!<br></div><div class="battle-history"><small>The opposing Audino protected itself!</small><br></div><div class="spacer battle-history"><br></div><div class="battle-history">Chatot is paralyzed! It can't move!<br></div><div class="spacer battle-history"><br></div><div class="battle-history"><small>Audino's wish came true!</small><br></div><div class="battle-history"><small>The opposing Audino restored a little HP using its Leftovers!</small><br></div><div class="spacer battle-history"><br></div><h2 class="battle-history">Turn 64</h2><div class="spacer battle-history"><br></div><div class="battle-history">Chatot used <strong>Boomburst</strong>!<br></div><div class="battle-history"><small>(The opposing Audino lost <abbr title="−174/409">42.5%</abbr> of its health!)</small><br></div><div class="spacer battle-history"><br></div><div class="battle-history">The opposing Audino used <strong>Heal Bell</strong>!<br></div><div class="battle-history"><small>A bell chimed!</small><br></div><div class="battle-history"><small>The opposing Audino was cured of paralysis.</small><br></div><div class="spacer battle-history"><br></div><div class="battle-history"><small>The opposing Audino restored a little HP using its Leftovers!</small><br></div><div class="spacer battle-history"><br></div><h2 class="battle-history">Turn 65</h2><div class="spacer battle-history"><br></div><div class="battle-history">The opposing Audino used <strong>Protect</strong>!<br></div><div class="battle-history"><small>The opposing Audino protected itself!</small><br></div><div class="spacer battle-history"><br></div><div class="battle-history">Chatot is paralyzed! It can't move!<br></div><div class="spacer battle-history"><br></div><div class="battle-history"><small>The opposing Audino restored a little HP using its Leftovers!</small><br></div><div class="spacer battle-history"><br></div><h2 class="battle-history">Turn 66</h2><div class="spacer battle-history"><br></div><div class="battle-history">The opposing Audino used <strong>Wish</strong>!<br></div><div class="spacer battle-history"><br></div><div class="battle-history">Chatot used <strong>Boomburst</strong>!<br></div><div class="battle-history"><small>(The opposing Audino lost <abbr title="−157/409">38.4%</abbr> of its health!)</small><br></div><div class="spacer battle-history"><br></div><div class="battle-history"><small>The opposing Audino restored a little HP using its Leftovers!</small><br></div><div class="spacer battle-history"><br></div><h2 class="battle-history">Turn 67</h2><div class="spacer battle-history"><br></div><div class="battle-history">The opposing Audino used <strong>Protect</strong>!<br></div><div class="battle-history"><small>The opposing Audino protected itself!</small><br></div><div class="spacer battle-history"><br></div><div class="battle-history">Chatot used <strong>Boomburst</strong>!<br></div><div class="battle-history"><small>The opposing Audino protected itself!</small><br></div><div class="spacer battle-history"><br></div><div class="battle-history"><small>Audino's wish came true!</small><br></div><div class="battle-history"><small>The opposing Audino restored a little HP using its Leftovers!</small><br></div><div class="spacer battle-history"><br></div><h2 class="battle-history">Turn 68</h2><div class="spacer battle-history"><br></div><div class="battle-history">Chatot, come back!<br></div><div class="battle-history">Go! <strong>Stunfisk</strong>!<br></div><div class="spacer battle-history"><br></div><div class="battle-history">The opposing Audino used <strong>Knock Off</strong>!<br></div><div class="battle-history"><small>(Stunfisk lost <abbr title="−28/422">6.6%</abbr> of its health!)</small><br></div><div class="spacer battle-history"><br></div><div class="battle-history"><small>The opposing Audino restored a little HP using its Leftovers!</small><br></div><div class="spacer battle-history"><br></div><h2 class="battle-history">Turn 69</h2><div class="chat"><small>Specs Jigglypuff left.</small></div><div class="chat"><small>PokemonMasterTJ joined.</small></div><div class="spacer battle-history"><br></div><div class="battle-history">The opposing Audino used <strong>Knock Off</strong>!<br></div><div class="battle-history"><small>(Stunfisk lost <abbr title="−30/422">7.1%</abbr> of its health!)</small><br></div><div class="spacer battle-history"><br></div><div class="battle-history">Stunfisk used <strong>Toxic</strong>!<br></div><div class="battle-history"><small>The opposing Audino was badly poisoned!</small><br></div><div class="spacer battle-history"><br></div><div class="battle-history"><small>The opposing Audino restored a little HP using its Leftovers!</small><br></div><div class="battle-history"><small>The opposing Audino was hurt by poison!</small><br></div><div class="spacer battle-history"><br></div><h2 class="battle-history">Turn 70</h2><div class="spacer battle-history"><br></div><div class="battle-history">The opposing Audino used <strong>Knock Off</strong>!<br></div><div class="battle-history"><small>(Stunfisk lost <abbr title="−30/422">7.1%</abbr> of its health!)</small><br></div><div class="spacer battle-history"><br></div><div class="battle-history">Stunfisk used <strong>Discharge</strong>!<br></div><div class="battle-history"><small>(The opposing Audino lost <abbr title="−66/409">16.1%</abbr> of its health!)</small><br></div><div class="spacer battle-history"><br></div><div class="battle-history"><small>The opposing Audino restored a little HP using its Leftovers!</small><br></div><div class="battle-history"><small>The opposing Audino was hurt by poison!</small><br></div><div class="spacer battle-history"><br></div><h2 class="battle-history">Turn 71</h2><div class="spacer battle-history"><br></div><div class="battle-history">The opposing Audino used <strong>Heal Bell</strong>!<br></div><div class="battle-history"><small>A bell chimed!</small><br></div><div class="battle-history"><small>The opposing Audino was cured of its poisoning.</small><br></div><div class="spacer battle-history"><br></div><div class="battle-history">Stunfisk used <strong>Toxic</strong>!<br></div><div class="battle-history"><small>The opposing Audino was badly poisoned!</small><br></div><div class="spacer battle-history"><br></div><div class="battle-history"><small>The opposing Audino restored a little HP using its Leftovers!</small><br></div><div class="battle-history"><small>The opposing Audino was hurt by poison!</small><br></div><div class="spacer battle-history"><br></div><h2 class="battle-history">Turn 72</h2><div class="spacer battle-history"><br></div><div class="battle-history">The opposing Audino used <strong>Knock Off</strong>!<br></div><div class="battle-history"><small>(Stunfisk lost <abbr title="−21/422">5.0%</abbr> of its health!)</small><br></div><div class="spacer battle-history"><br></div><div class="battle-history">Stunfisk fainted!<br></div><div class="spacer battle-history"><br></div><div class="battle-history"><small>The opposing Audino restored a little HP using its Leftovers!</small><br></div><div class="battle-history"><small>The opposing Audino was hurt by poison!</small><br></div><div class="spacer battle-history"><br></div><div class="battle-history">Go! <strong>Swanna</strong>!<br></div><div class="spacer battle-history"><br></div><h2 class="battle-history">Turn 73</h2><div class="spacer battle-history"><br></div><div class="battle-history">Swanna used <strong>Hurricane</strong>!<br></div><div class="battle-history"><small>(The opposing Audino lost <abbr title="−129/409">31.5%</abbr> of its health!)</small><br></div><div class="spacer battle-history"><br></div><div class="battle-history">The opposing Audino used <strong>Wish</strong>!<br></div><div class="spacer battle-history"><br></div><div class="battle-history"><small>The opposing Audino restored a little HP using its Leftovers!</small><br></div><div class="battle-history"><small>The opposing Audino was hurt by poison!</small><br></div><div class="spacer battle-history"><br></div><h2 class="battle-history">Turn 74</h2><div class="spacer battle-history"><br></div><div class="battle-history">The opposing Audino used <strong>Protect</strong>!<br></div><div class="battle-history"><small>The opposing Audino protected itself!</small><br></div><div class="spacer battle-history"><br></div><div class="battle-history">Swanna used <strong>Scald</strong>!<br></div><div class="battle-history"><small>The opposing Audino protected itself!</small><br></div><div class="spacer battle-history"><br></div><div class="battle-history"><small>Audino's wish came true!</small><br></div><div class="battle-history"><small>The opposing Audino restored a little HP using its Leftovers!</small><br></div><div class="battle-history"><small>The opposing Audino was hurt by poison!</small><br></div><div class="spacer battle-history"><br></div><h2 class="battle-history">Turn 75</h2><div class="spacer battle-history"><br></div><div class="battle-history">Swanna used <strong>Hurricane</strong>!<br></div><div class="battle-history"><small>(The opposing Audino lost <abbr title="−115/409">28.1%</abbr> of its health!)</small><br></div><div class="battle-history"><small>The opposing Audino became confused!</small><br></div><div class="spacer battle-history"><br></div><div class="battle-history"><small>The opposing Audino is confused!</small><br></div><div class="battle-history">The opposing Audino used <strong>Heal Bell</strong>!<br></div><div class="battle-history"><small>A bell chimed!</small><br></div><div class="battle-history"><small>The opposing Audino was cured of its poisoning.</small><br></div><div class="spacer battle-history"><br></div><div class="battle-history"><small>The opposing Audino restored a little HP using its Leftovers!</small><br></div><div class="spacer battle-history"><br></div><h2 class="battle-history">Turn 76</h2><div class="spacer battle-history"><br></div><div class="battle-history"><small>The opposing Audino snapped out of its confusion!</small><br></div><div class="spacer battle-history"><br></div><div class="battle-history">The opposing Audino used <strong>Protect</strong>!<br></div><div class="battle-history"><small>The opposing Audino protected itself!</small><br></div><div class="spacer battle-history"><br></div><div class="battle-history">Swanna used <strong>Scald</strong>!<br></div><div class="battle-history"><small>The opposing Audino protected itself!</small><br></div><div class="spacer battle-history"><br></div><div class="battle-history"><small>The opposing Audino restored a little HP using its Leftovers!</small><br></div><div class="spacer battle-history"><br></div><h2 class="battle-history">Turn 77</h2><div class="spacer battle-history"><br></div><div class="battle-history">Dancii withdrew Audino!<br></div><div class="battle-history">Dancii sent out <strong>Vibrava</strong>!<br></div><div class="spacer battle-history"><br></div><div class="battle-history">Swanna used <strong>Hurricane</strong>!<br></div><div class="battle-history"><small>The opposing Vibrava avoided the attack!</small><br></div><div class="spacer battle-history"><br></div><h2 class="battle-history">Turn 78</h2><div class="spacer battle-history"><br></div><div class="battle-history">Swanna used <strong>Defog</strong>!<br></div><div class="battle-history"><small>The opposing Vibrava's evasiveness fell!</small><br></div><div class="spacer battle-history"><br></div><div class="battle-history">The opposing Vibrava used <strong>U-turn</strong>!<br></div><div class="battle-history"><small>It's not very effective...</small><br></div><div class="battle-history"><small>(Swanna lost <abbr title="−32/291">11.0%</abbr> of its health!)</small><br></div><div class="spacer battle-history"><br></div><div class="battle-history">The opposing Vibrava went back to Dancii!<br></div><div class="battle-history">Dancii sent out <strong>Audino</strong>!<br></div><div class="spacer battle-history"><br></div><div class="battle-history"><small>The opposing Audino restored a little HP using its Leftovers!</small><br></div><div class="spacer battle-history"><br></div><h2 class="battle-history">Turn 79</h2><div class="spacer battle-history"><br></div><div class="battle-history">Dancii withdrew Audino!<br></div><div class="battle-history">Dancii sent out <strong>Vibrava</strong>!<br></div><div class="spacer battle-history"><br></div><div class="battle-history">Swanna used <strong>Defog</strong>!<br></div><div class="battle-history"><small>The opposing Vibrava's evasiveness fell!</small><br></div><div class="spacer battle-history"><br></div><h2 class="battle-history">Turn 80</h2><div class="spacer battle-history"><br></div><div class="battle-history">Dancii withdrew Vibrava!<br></div><div class="battle-history">Dancii sent out <strong>Audino</strong>!<br></div><div class="spacer battle-history"><br></div><div class="battle-history">Swanna used <strong>Hurricane</strong>!<br></div><div class="battle-history"><small>The opposing Audino avoided the attack!</small><br></div><div class="spacer battle-history"><br></div><h2 class="battle-history">Turn 81</h2><div class="spacer battle-history"><br></div><div class="battle-history">Swanna, come back!<br></div><div class="battle-history">Go! <strong>Chatot</strong>!<br></div><div class="spacer battle-history"><br></div><div class="battle-history">Dancii withdrew Audino!<br></div><div class="battle-history">Dancii sent out <strong>Vibrava</strong>!<br></div><div class="spacer battle-history"><br></div><h2 class="battle-history">Turn 82</h2><div class="spacer battle-history"><br></div><div class="battle-history">The opposing Vibrava used <strong>U-turn</strong>!<br></div><div class="battle-history"><small>It's not very effective...</small><br></div><div class="battle-history"><small>(Chatot lost <abbr title="−37/293">12.6%</abbr> of its health!)</small><br></div><div class="spacer battle-history"><br></div><div class="battle-history">The opposing Vibrava went back to Dancii!<br></div><div class="battle-history">Dancii sent out <strong>Audino</strong>!<br></div><div class="spacer battle-history"><br></div><div class="battle-history">Chatot is paralyzed! It can't move!<br></div><div class="spacer battle-history"><br></div><h2 class="battle-history">Turn 83</h2><div class="spacer battle-history"><br></div><div class="battle-history">The opposing Audino used <strong>Knock Off</strong>!<br></div><div class="battle-history"><small>(Chatot lost <abbr title="−67/293">22.9%</abbr> of its health!)</small><br></div><div class="spacer battle-history"><br></div><div class="battle-history">Chatot used <strong>Boomburst</strong>!<br></div><div class="battle-history"><small>(The opposing Audino lost <abbr title="−174/409">42.5%</abbr> of its health!)</small><br></div><div class="spacer battle-history"><br></div><div class="battle-history"><small>The opposing Audino restored a little HP using its Leftovers!</small><br></div><div class="spacer battle-history"><br></div><h2 class="battle-history">Turn 84</h2><div class="spacer battle-history"><br></div><div class="battle-history">Chatot, come back!<br></div><div class="battle-history">Go! <strong>Swanna</strong>!<br></div><div class="spacer battle-history"><br></div><div class="battle-history">The opposing Audino used <strong>Knock Off</strong>!<br></div><div class="battle-history"><small>(Swanna lost <abbr title="−51/291">17.5%</abbr> of its health!)</small><br></div><div class="spacer battle-history"><br></div><div class="battle-history"><small>The opposing Audino restored a little HP using its Leftovers!</small><br></div><div class="spacer battle-history"><br></div><h2 class="battle-history">Turn 85</h2><div class="spacer battle-history"><br></div><div class="battle-history">Dancii withdrew Audino!<br></div><div class="battle-history">Dancii sent out <strong>Vibrava</strong>!<br></div><div class="spacer battle-history"><br></div><div class="battle-history">Swanna used <strong>Roost</strong>!<br></div><div class="battle-history"><small>Swanna restored its HP.</small><br></div><div class="spacer battle-history"><br></div><h2 class="battle-history">Turn 86</h2><div class="spacer battle-history"><br></div><div class="battle-history">Dancii withdrew Vibrava!<br></div><div class="battle-history">Dancii sent out <strong>Audino</strong>!<br></div><div class="spacer battle-history"><br></div><div class="battle-history">Swanna used <strong>Scald</strong>!<br></div><div class="battle-history"><small>(The opposing Audino lost <abbr title="−85/409">20.8%</abbr> of its health!)</small><br></div><div class="spacer battle-history"><br></div><div class="battle-history"><small>The opposing Audino restored a little HP using its Leftovers!</small><br></div><div class="spacer battle-history"><br></div><h2 class="battle-history">Turn 87</h2><div class="spacer battle-history"><br></div><div class="battle-history">Dancii withdrew Audino!<br></div><div class="battle-history">Dancii sent out <strong>Vibrava</strong>!<br></div><div class="spacer battle-history"><br></div><div class="battle-history">Swanna used <strong>Scald</strong>!<br></div><div class="battle-history"><small>(The opposing Vibrava lost <abbr title="−81/304">26.6%</abbr> of its health!)</small><br></div><div class="spacer battle-history"><br></div><h2 class="battle-history">Turn 88</h2><div class="spacer battle-history"><br></div><div class="battle-history">Dancii withdrew Vibrava!<br></div><div class="battle-history">Dancii sent out <strong>Audino</strong>!<br></div><div class="spacer battle-history"><br></div><div class="battle-history">Swanna used <strong>Defog</strong>!<br></div><div class="battle-history"><small>The opposing Audino's evasiveness fell!</small><br></div><div class="spacer battle-history"><br></div><h2 class="battle-history">Turn 89</h2><div class="spacer battle-history"><br></div><div class="battle-history">Dancii withdrew Audino!<br></div><div class="battle-history">Dancii sent out <strong>Vibrava</strong>!<br></div><div class="spacer battle-history"><br></div><div class="battle-history">Swanna used <strong>Defog</strong>!<br></div><div class="battle-history"><small>The opposing Vibrava's evasiveness fell!</small><br></div><div class="spacer battle-history"><br></div><h2 class="battle-history">Turn 90</h2><div class="chat"><small>Slowbroth left.</small></div><div class="spacer battle-history"><br></div><div class="battle-history">Swanna, come back!<br></div><div class="battle-history">Go! <strong>Chatot</strong>!<br></div><div class="spacer battle-history"><br></div><div class="battle-history">The opposing Vibrava used <strong>Defog</strong>!<br></div><div class="battle-history"><small>Chatot's evasiveness fell!</small><br></div><div class="spacer battle-history"><br></div><h2 class="battle-history">Turn 91</h2><div class="spacer battle-history"><br></div><div class="battle-history">The opposing Vibrava used <strong>U-turn</strong>!<br></div><div class="battle-history"><small>It's not very effective...</small><br></div><div class="battle-history"><small>A critical hit!</small><br></div><div class="battle-history"><small>(Chatot lost <abbr title="−59/293">20.1%</abbr> of its health!)</small><br></div><div class="spacer battle-history"><br></div><div class="battle-history">The opposing Vibrava went back to Dancii!<br></div><div class="battle-history">Dancii sent out <strong>Audino</strong>!<br></div><div class="spacer battle-history"><br></div><div class="battle-history">Chatot used <strong>Hidden Power</strong>!<br></div><div class="battle-history"><small>It's super effective!</small><br></div><div class="battle-history"><small>(The opposing Audino lost <abbr title="−98/409">24.0%</abbr> of its health!)</small><br></div><div class="spacer battle-history"><br></div><div class="battle-history"><small>The opposing Audino restored a little HP using its Leftovers!</small><br></div><div class="spacer battle-history"><br></div><h2 class="battle-history">Turn 92</h2><div class="spacer battle-history"><br></div><div class="battle-history">The opposing Audino used <strong>Knock Off</strong>!<br></div><div class="battle-history"><small>(Chatot lost <abbr title="−32/293">10.9%</abbr> of its health!)</small><br></div><div class="spacer battle-history"><br></div><div class="battle-history">Chatot fainted!<br></div><div class="spacer battle-history"><br></div><div class="battle-history"><small>The opposing Audino restored a little HP using its Leftovers!</small><br></div><div class="spacer battle-history"><br></div><div class="battle-history">Go! <strong>Swanna</strong>!<br></div><div class="spacer battle-history"><br></div><h2 class="battle-history">Turn 93</h2><div class="chat"><small>LiarEcho left.</small></div><div class="chat chatmessage-somerandyname"><strong style="color:hsl(231,76%,60.99055190513829%)"><small>☆</small><span class="username" data-name="some randy name">some randy name</span>:</strong> <em>gg</em></div><div class="spacer battle-history"><br></div><div class="battle-history">Swanna used <strong>Defog</strong>!<br></div><div class="battle-history"><small>The opposing Audino's evasiveness fell!</small><br></div><div class="spacer battle-history"><br></div><div class="battle-history">The opposing Audino used <strong>Wish</strong>!<br></div><div class="spacer battle-history"><br></div><div class="battle-history"><small>The opposing Audino restored a little HP using its Leftovers!</small><br></div><div class="spacer battle-history"><br></div><h2 class="battle-history">Turn 94</h2><div class="spacer battle-history"><br></div><div class="battle-history"><small>some randy name forfeited.</small><br></div><div class="spacer battle-history"><br></div><div class="battle-history"><strong>Dancii</strong> won the battle!<br></div><div class="chat"><small>TIBot left.</small></div><div class="chat"><small>some randy name left.</small></div><div class="chat"><small>quagsgone left.</small></div></div><div class="inner-preempt"></div></div></div>
</div>
<script>
let daily = Math.floor(Date.now()/1000/60/60/24);document.write('<script src="https://play.pokemonshowdown.com/js/replay-embed.js?version'+daily+'"></'+'script>');
</script>
