<!DOCTYPE html>
<meta charset="utf-8" />
<!-- version 1 -->
<title>PU replay: PokemonMasterTJ vs. Titothomas</title>
<style>
html,body {font-family:Verdana, sans-serif;font-size:10pt;margin:0;padding:0;}body{padding:12px 0;} .battle-log {font-family:Verdana, sans-serif;font-size:10pt;} .battle-log-inline {border:1px solid #AAAAAA;background:#EEF2F5;color:black;max-width:640px;margin:0 auto 80px;padding-bottom:5px;} .battle-log .inner {padding:4px 8px 0px 8px;} .battle-log .inner-preempt {padding:0 8px 4px 8px;} .battle-log .inner-after {margin-top:0.5em;} .battle-log h2 {margin:0.5em -8px;padding:4px 8px;border:1px solid #AAAAAA;background:#E0E7EA;border-left:0;border-right:0;font-family:Verdana, sans-serif;font-size:13pt;} .battle-log .chat {vertical-align:middle;padding:3px 0 3px 0;font-size:8pt;} .battle-log .chat strong {color:#40576A;} .battle-log .chat em {padding:1px 4px 1px 3px;color:#000000;font-style:normal;} .chat.mine {background:rgba(0,0,0,0.05);margin-left:-8px;margin-right:-8px;padding-left:8px;padding-right:8px;} .spoiler {color:#BBBBBB;background:#BBBBBB;padding:0px 3px;} .spoiler:hover, .spoiler:active, .spoiler-shown {color:#000000;background:#E2E2E2;padding:0px 3px;} .spoiler a {color:#BBBBBB;} .spoiler:hover a, .spoiler:active a, .spoiler-shown a {color:#2288CC;} .chat code, .chat .spoiler:hover code, .chat .spoiler:active code, .chat .spoiler-shown code {border:1px solid #C0C0C0;background:#EEEEEE;color:black;padding:0 2px;} .chat .spoiler code {border:1px solid #CCCCCC;background:#CCCCCC;color:#CCCCCC;} .battle-log .rated {padding:3px 4px;} .battle-log .rated strong {color:white;background:#89A;padding:1px 4px;border-radius:4px;} .spacer {margin-top:0.5em;} .message-announce {background:#6688AA;color:white;padding:1px 4px 2px;} .message-announce a, .broadcast-green a, .broadcast-blue a, .broadcast-red a {color:#DDEEFF;} .broadcast-green {background-color:#559955;color:white;padding:2px 4px;} .broadcast-blue {background-color:#6688AA;color:white;padding:2px 4px;} .infobox {border:1px solid #6688AA;padding:2px 4px;} .infobox-limited {max-height:200px;overflow:auto;overflow-x:hidden;} .broadcast-red {background-color:#AA5544;color:white;padding:2px 4px;} .message-learn-canlearn {font-weight:bold;color:#228822;text-decoration:underline;} .message-learn-cannotlearn {font-weight:bold;color:#CC2222;text-decoration:underline;} .message-effect-weak {font-weight:bold;color:#CC2222;} .message-effect-resist {font-weight:bold;color:#6688AA;} .message-effect-immune {font-weight:bold;color:#666666;} .message-learn-list {margin-top:0;margin-bottom:0;} .message-throttle-notice, .message-error {color:#992222;} .message-overflow, .chat small.message-overflow {font-size:0pt;} .message-overflow::before {font-size:9pt;content:'...';} .subtle {color:#3A4A66;}
</style>
<div class="wrapper replay-wrapper" style="max-width:1180px;margin:0 auto">
<input type="hidden" name="replayid" value="pu-582860183" />
<div class="battle"></div><div class="battle-log"></div><div class="replay-controls"></div><div class="replay-controls-2"></div>
<h1 style="font-weight:normal;text-align:center"><strong>PU</strong><br /><a href="http://pokemonshowdown.com/users/pokemonmastertj" class="subtle" target="_blank">PokemonMasterTJ</a> vs. <a href="http://pokemonshowdown.com/users/titothomas" class="subtle" target="_blank">Titothomas</a></h1>
<script type="text/plain" class="battle-log-data">|j|PokemonMasterTJ
|j|Titothomas
|player|p1|PokemonMasterTJ|144
|teamsize|p1|6
|player|p2|Titothomas|162
|teamsize|p2|6
|gametype|singles
|gen|6
|tier|PU
|seed|19020,15104,43679,6501
|rule|Sleep Clause Mod: Limit one foe put to sleep
|rule|Species Clause: Limit one of each Pokémon
|rule|OHKO Clause: OHKO moves are banned
|rule|Moody Clause: Moody is banned
|rule|Evasion Moves Clause: Evasion moves are banned
|rule|Endless Battle Clause: Forcing endless battles is banned
|rule|HP Percentage Mod: HP is shown in percentages
|clearpoke
|poke|p1|Quilava, F|item
|poke|p1|Muk, F|item
|poke|p1|Probopass, F|item
|poke|p1|Vibrava, F|item
|poke|p1|Lumineon, M|item
|poke|p1|Zebstrika, M|item
|poke|p2|Shedinja, shiny|item
|poke|p2|Lairon, F, shiny|item
|poke|p2|Regice, shiny|item
|poke|p2|Kadabra, F|item
|poke|p2|Dusknoir, F|item
|poke|p2|Girafarig, M|item
|rule|Swagger Clause: Swagger is banned
|rule|Baton Pass Clause: Limit one Baton Passer, can't pass Spe and other stats simultaneously
|teampreview
|c|☆Titothomas|GL HF !
|inactive|Battle timer is ON: inactive players will automatically lose when time's up. (requested by Titothomas)
|j|therealslap
|c| therealslap|fire ferret!
|c|☆PokemonMasterTJ|:fire ferret:
|choice|team 1, team 2, team 3, team 4, team 5, team 6|team 2, team 1, team 3, team 4, team 5, team 6
|
|start
|switch|p1a: Quilava|Quilava, F|257\/257
|switch|p2a: Lairon|Lairon, F, shiny|324\/324
|turn|1
|choice|move eruption|move stealthrock
|
|move|p1a: Quilava|Eruption|p2a: Lairon
|-crit|p2a: Lairon
|-damage|p2a: Lairon|0 fnt
|faint|p2a: Lairon
|
|upkeep
|choice||switch 5
|
|switch|p2a: Dusknoir|Dusknoir, F|231\/231
|-ability|p2a: Dusknoir|Pressure
|turn|2
|choice|move eruption|move poweruppunch
|
|move|p1a: Quilava|Eruption|p2a: Dusknoir
|-crit|p2a: Dusknoir
|-damage|p2a: Dusknoir|0 fnt
|faint|p2a: Dusknoir
|
|upkeep
|choice||switch 6
|
|switch|p2a: Girafarig|Girafarig, M|281\/281
|turn|3
|c|☆PokemonMasterTJ|:fire ferret:
|c| therealslap|:fire ferret:
|choice|switch 3|move psychic
|
|switch|p1a: Probopass|Probopass, F|273\/273
|-item|p1a: Probopass|Air Balloon
|move|p2a: Girafarig|Psychic|p1a: Probopass
|-resisted|p1a: Probopass
|-damage|p1a: Probopass|231\/273
|-enditem|p1a: Probopass|Air Balloon
|
|upkeep
|turn|4
|choice|move stealthrock|switch 4
|
|switch|p2a: Kadabra|Kadabra, F|222\/222
|move|p1a: Probopass|Stealth Rock|p2a: Kadabra
|-sidestart|p2: Titothomas|move: Stealth Rock
|
|upkeep
|turn|5
|j|Blue YM
|choice|move flashcannon|move encore
|
|move|p2a: Kadabra|Encore|p1a: Probopass
|-start|p1a: Probopass|Encore
|move|p1a: Probopass|Stealth Rock|p2a: Kadabra
|-fail|p2a: Kadabra
|
|upkeep
|turn|6
|c| Blue YM|Quilava <3
|c|☆PokemonMasterTJ|:fire ferret: you mean
|choice|switch 5|switch 4
|
|switch|p2a: Girafarig|Girafarig, M|281\/281
|-damage|p2a: Girafarig|246\/281|[from] Stealth Rock
|switch|p1a: Lumineon|Lumineon, M|341\/341
|
|upkeep
|turn|7
|choice|move uturn|move thunderbolt
|
|move|p2a: Girafarig|Thunderbolt|p1a: Lumineon
|-supereffective|p1a: Lumineon
|-damage|p1a: Lumineon|163\/341
|move|p1a: Lumineon|U-turn|p2a: Girafarig
|-supereffective|p2a: Girafarig
|-damage|p2a: Girafarig|140\/281
|choice|switch 6|
|
|switch|p1a: Zebstrika|Zebstrika, M|289\/289
|
|upkeep
|turn|8
|choice|move thunderbolt|move thunderbolt
|
|move|p2a: Girafarig|Thunderbolt|p1a: Zebstrika
|-ability|p1a: Zebstrika|Lightning Rod|boost
|-boost|p1a: Zebstrika|spa|1
|move|p1a: Zebstrika|Thunderbolt|p2a: Girafarig
|-damage|p2a: Girafarig|0 fnt
|-damage|p1a: Zebstrika|261\/289|[from] item: Life Orb
|faint|p2a: Girafarig
|
|upkeep
|choice||switch 4
|
|switch|p2a: Kadabra|Kadabra, F|222\/222
|turn|9
|c| Blue YM|gg
|c|☆Titothomas|GG !
|choice|move thunderbolt|move psychic
|
|move|p1a: Zebstrika|Thunderbolt|p2a: Kadabra
|-enditem|p2a: Kadabra|Focus Sash
|-damage|p2a: Kadabra|1\/222
|-damage|p1a: Zebstrika|233\/289|[from] item: Life Orb
|move|p2a: Kadabra|Psychic|p1a: Zebstrika
|-damage|p1a: Zebstrika|14\/289
|
|upkeep
|turn|10
|choice|move thunderbolt|move psychic
|
|move|p1a: Zebstrika|Thunderbolt|p2a: Kadabra
|-damage|p2a: Kadabra|0 fnt
|-damage|p1a: Zebstrika|0 fnt|[from] item: Life Orb
|faint|p2a: Kadabra
|faint|p1a: Zebstrika
|
|upkeep
|choice|switch 3|switch 2
|
|switch|p1a: Quilava|Quilava, F|257\/257
|switch|p2a: Shedinja|Shedinja, shiny|1\/1
|-damage|p2a: Shedinja|0 fnt|[from] Stealth Rock
|faint|p2a: Shedinja
|choice||switch 3
|
|switch|p2a: Regice|Regice, shiny|364\/364
|-damage|p2a: Regice|273\/364|[from] Stealth Rock
|turn|11
|c|☆PokemonMasterTJ|gg
|choice|move eruption|move icebeam
|
|move|p1a: Quilava|Eruption|p2a: Regice
|-supereffective|p2a: Regice
|-damage|p2a: Regice|0 fnt
|faint|p2a: Regice
|
|win|PokemonMasterTJ
|c|☆Titothomas|GG !</script>
</div>
<div class="battle-log battle-log-inline"><div class="inner"><div class="battle-options"></div><div class="inner"><div class="chat"><small>PokemonMasterTJ joined.</small></div><div class="chat"><small>Titothomas joined.</small></div><div class=""><small>Format:</small> <br><strong>PU</strong></div><div class=""><small><em>Sleep Clause Mod:</em> Limit one foe put to sleep</small></div><div class=""><small><em>Species Clause:</em> Limit one of each Pokémon</small></div><div class=""><small><em>OHKO Clause:</em> OHKO moves are banned</small></div><div class=""><small><em>Moody Clause:</em> Moody is banned</small></div><div class=""><small><em>Evasion Moves Clause:</em> Evasion moves are banned</small></div><div class=""><small><em>Endless Battle Clause:</em> Forcing endless battles is banned</small></div><div class=""><small><em>HP Percentage Mod:</em> HP is shown in percentages</small></div><div class=""><small><em>Swagger Clause:</em> Swagger is banned</small></div><div class=""><small><em>Baton Pass Clause:</em> Limit one Baton Passer, can't pass Spe and other stats simultaneously</small></div><div class="chat battle-history"><strong>PokemonMasterTJ's team:</strong> <em style="color:#445566;display:block;">Quilava / Muk / Probopass / Vibrava / Lumineon / Zebstrika</em></div><div class="chat battle-history"><strong>Titothomas's team:</strong> <em style="color:#445566;display:block;">Shedinja / Lairon / Regice / Kadabra / Dusknoir / Girafarig</em></div><div class="chat chatmessage-titothomas"><strong style="color:hsl(250,86%,60.181483415108296%)"><small>☆</small><span class="username" data-name="Titothomas">Titothomas</span>:</strong> <em>GL HF !</em></div><div class="chat message-error">Battle timer is ON: inactive players will automatically lose when time's up. (requested by Titothomas)</div><div class="chat"><small>therealslap joined.</small></div><div class="chat chatmessage-therealslap"><strong style="color:hsl(314,74%,43%)"><small> </small><span class="username" data-name="therealslap">therealslap</span>:</strong> <em>fire ferret!</em></div><div class="chat chatmessage-pokemonmastertj"><strong style="color:hsl(26,75%,48%)"><small>☆</small><span class="username" data-name="PokemonMasterTJ">PokemonMasterTJ</span>:</strong> <em>:fire ferret:</em></div><div class="spacer battle-history"><br></div><div class="battle-history">Battle started between PokemonMasterTJ and Titothomas!<br></div><div class="spacer battle-history"><br></div><div class="battle-history">Go! <strong>Quilava</strong>!<br></div><div class="spacer battle-history"><br></div><div class="battle-history">Titothomas sent out <strong>Lairon</strong>!<br></div><div class="spacer battle-history"><br></div><h2 class="battle-history">Turn 1</h2><div class="spacer battle-history"><br></div><div class="battle-history">Quilava used <strong>Eruption</strong>!<br></div><div class="battle-history"><small>A critical hit!</small><br></div><div class="battle-history"><small>(The opposing Lairon lost <abbr title="−324/324">100%</abbr> of its health!)</small><br></div><div class="spacer battle-history"><br></div><div class="battle-history">The opposing Lairon fainted!<br></div><div class="spacer battle-history"><br></div><div class="battle-history">Titothomas sent out <strong>Dusknoir</strong>!<br></div><div class="battle-history"><small>[The opposing Dusknoir's Pressure]</small><br><small>The opposing Dusknoir is exerting its pressure!</small><br></div><div class="spacer battle-history"><br></div><h2 class="battle-history">Turn 2</h2><div class="spacer battle-history"><br></div><div class="battle-history">Quilava used <strong>Eruption</strong>!<br></div><div class="battle-history"><small>A critical hit!</small><br></div><div class="battle-history"><small>(The opposing Dusknoir lost <abbr title="−231/231">100%</abbr> of its health!)</small><br></div><div class="spacer battle-history"><br></div><div class="battle-history">The opposing Dusknoir fainted!<br></div><div class="spacer battle-history"><br></div><div class="battle-history">Titothomas sent out <strong>Girafarig</strong>!<br></div><div class="spacer battle-history"><br></div><h2 class="battle-history">Turn 3</h2><div class="chat chatmessage-pokemonmastertj"><strong style="color:hsl(26,75%,48%)"><small>☆</small><span class="username" data-name="PokemonMasterTJ">PokemonMasterTJ</span>:</strong> <em>:fire ferret:</em></div><div class="chat chatmessage-therealslap"><strong style="color:hsl(314,74%,43%)"><small> </small><span class="username" data-name="therealslap">therealslap</span>:</strong> <em>:fire ferret:</em></div><div class="spacer battle-history"><br></div><div class="battle-history">Quilava, come back!<br></div><div class="battle-history">Go! <strong>Probopass</strong>!<br></div><div class="battle-history"><small>Probopass floats in the air with its Air Balloon!</small><br></div><div class="spacer battle-history"><br></div><div class="battle-history">The opposing Girafarig used <strong>Psychic</strong>!<br></div><div class="battle-history"><small>It's not very effective...</small><br></div><div class="battle-history"><small>(Probopass lost <abbr title="−42/273">15.4%</abbr> of its health!)</small><br></div><div class="battle-history"><small>Probopass's Air Balloon popped!</small><br></div><div class="spacer battle-history"><br></div><h2 class="battle-history">Turn 4</h2><div class="spacer battle-history"><br></div><div class="battle-history">Titothomas withdrew Girafarig!<br></div><div class="battle-history">Titothomas sent out <strong>Kadabra</strong>!<br></div><div class="spacer battle-history"><br></div><div class="battle-history">Probopass used <strong>Stealth Rock</strong>!<br></div><div class="battle-history"><small>Pointed stones float in the air around the opposing team!</small><br></div><div class="spacer battle-history"><br></div><h2 class="battle-history">Turn 5</h2><div class="chat"><small>Blue YM joined.</small></div><div class="spacer battle-history"><br></div><div class="battle-history">The opposing Kadabra used <strong>Encore</strong>!<br></div><div class="battle-history"><small>Probopass received an encore!</small><br></div><div class="spacer battle-history"><br></div><div class="battle-history">Probopass used <strong>Stealth Rock</strong>!<br></div><div class="battle-history"><small>But it failed!</small><br></div><div class="spacer battle-history"><br></div><h2 class="battle-history">Turn 6</h2><div class="chat chatmessage-blueym"><strong style="color:hsl(142,47%,34.72642036737637%)"><small> </small><span class="username" data-name="Blue YM">Blue YM</span>:</strong> <em>Quilava &lt;3</em></div><div class="chat chatmessage-pokemonmastertj"><strong style="color:hsl(26,75%,48%)"><small>☆</small><span class="username" data-name="PokemonMasterTJ">PokemonMasterTJ</span>:</strong> <em>:fire ferret: you mean</em></div><div class="spacer battle-history"><br></div><div class="battle-history">Titothomas withdrew Kadabra!<br></div><div class="battle-history">Titothomas sent out <strong>Girafarig</strong>!<br></div><div class="battle-history"><small>Pointed stones dug into the opposing Girafarig!</small><br></div><div class="spacer battle-history"><br></div><div class="battle-history">Probopass, come back!<br></div><div class="battle-history">Go! <strong>Lumineon</strong>!<br></div><div class="spacer battle-history"><br></div><h2 class="battle-history">Turn 7</h2><div class="spacer battle-history"><br></div><div class="battle-history">The opposing Girafarig used <strong>Thunderbolt</strong>!<br></div><div class="battle-history"><small>It's super effective!</small><br></div><div class="battle-history"><small>(Lumineon lost <abbr title="−178/341">52.2%</abbr> of its health!)</small><br></div><div class="spacer battle-history"><br></div><div class="battle-history">Lumineon used <strong>U-turn</strong>!<br></div><div class="battle-history"><small>It's super effective!</small><br></div><div class="battle-history"><small>(The opposing Girafarig lost <abbr title="−106/281">37.7%</abbr> of its health!)</small><br></div><div class="spacer battle-history"><br></div><div class="battle-history">Lumineon went back to PokemonMasterTJ!<br></div><div class="battle-history">Go! <strong>Zebstrika</strong>!<br></div><div class="spacer battle-history"><br></div><h2 class="battle-history">Turn 8</h2><div class="spacer battle-history"><br></div><div class="battle-history">The opposing Girafarig used <strong>Thunderbolt</strong>!<br></div><div class="battle-history"><small>[Zebstrika's Lightning Rod]</small><br></div><div class="battle-history"><small>Zebstrika's Special Attack rose!</small><br></div><div class="spacer battle-history"><br></div><div class="battle-history">Zebstrika used <strong>Thunderbolt</strong>!<br></div><div class="battle-history"><small>(The opposing Girafarig lost <abbr title="−140/281">49.8%</abbr> of its health!)</small><br></div><div class="battle-history"><small>Zebstrika lost some of its HP!</small><br></div><div class="spacer battle-history"><br></div><div class="battle-history">The opposing Girafarig fainted!<br></div><div class="spacer battle-history"><br></div><div class="battle-history">Titothomas sent out <strong>Kadabra</strong>!<br></div><div class="spacer battle-history"><br></div><h2 class="battle-history">Turn 9</h2><div class="chat chatmessage-blueym"><strong style="color:hsl(142,47%,34.72642036737637%)"><small> </small><span class="username" data-name="Blue YM">Blue YM</span>:</strong> <em>gg</em></div><div class="chat chatmessage-titothomas"><strong style="color:hsl(250,86%,60.181483415108296%)"><small>☆</small><span class="username" data-name="Titothomas">Titothomas</span>:</strong> <em>GG !</em></div><div class="spacer battle-history"><br></div><div class="battle-history">Zebstrika used <strong>Thunderbolt</strong>!<br></div><div class="battle-history"><small>The opposing Kadabra hung on using its Focus Sash!</small><br></div><div class="battle-history"><small>(The opposing Kadabra lost <abbr title="−221/222">99.5%</abbr> of its health!)</small><br></div><div class="battle-history"><small>Zebstrika lost some of its HP!</small><br></div><div class="spacer battle-history"><br></div><div class="battle-history">The opposing Kadabra used <strong>Psychic</strong>!<br></div><div class="battle-history"><small>(Zebstrika lost <abbr title="−219/289">75.8%</abbr> of its health!)</small><br></div><div class="spacer battle-history"><br></div><h2 class="battle-history">Turn 10</h2><div class="spacer battle-history"><br></div><div class="battle-history">Zebstrika used <strong>Thunderbolt</strong>!<br></div><div class="battle-history"><small>(The opposing Kadabra lost <abbr title="−1/222">0.5%</abbr> of its health!)</small><br></div><div class="battle-history"><small>Zebstrika lost some of its HP!</small><br></div><div class="spacer battle-history"><br></div><div class="battle-history">The opposing Kadabra fainted!<br></div><div class="battle-history">Zebstrika fainted!<br></div><div class="spacer battle-history"><br></div><div class="battle-history">Go! <strong>Quilava</strong>!<br></div><div class="spacer battle-history"><br></div><div class="battle-history">Titothomas sent out <strong>Shedinja</strong>!<br></div><div class="battle-history"><small>Pointed stones dug into the opposing Shedinja!</small><br></div><div class="spacer battle-history"><br></div><div class="battle-history">The opposing Shedinja fainted!<br></div><div class="spacer battle-history"><br></div><div class="battle-history">Titothomas sent out <strong>Regice</strong>!<br></div><div class="battle-history"><small>Pointed stones dug into the opposing Regice!</small><br></div><div class="spacer battle-history"><br></div><h2 class="battle-history">Turn 11</h2><div class="chat chatmessage-pokemonmastertj"><strong style="color:hsl(26,75%,48%)"><small>☆</small><span class="username" data-name="PokemonMasterTJ">PokemonMasterTJ</span>:</strong> <em>gg</em></div><div class="spacer battle-history"><br></div><div class="battle-history">Quilava used <strong>Eruption</strong>!<br></div><div class="battle-history"><small>It's super effective!</small><br></div><div class="battle-history"><small>(The opposing Regice lost <abbr title="−273/364">75%</abbr> of its health!)</small><br></div><div class="spacer battle-history"><br></div><div class="battle-history">The opposing Regice fainted!<br></div><div class="spacer battle-history"><br></div><div class="battle-history"><strong>PokemonMasterTJ</strong> won the battle!<br></div><div class="chat chatmessage-titothomas"><strong style="color:hsl(250,86%,60.181483415108296%)"><small>☆</small><span class="username" data-name="Titothomas">Titothomas</span>:</strong> <em>GG !</em></div></div><div class="inner-preempt"></div></div></div>
</div>
<script>
let daily = Math.floor(Date.now()/1000/60/60/24);document.write('<script src="https://play.pokemonshowdown.com/js/replay-embed.js?version'+daily+'"></'+'script>');
</script>
