<!DOCTYPE html>
<meta charset="utf-8" />
<!-- version 1 -->
<title>PU replay: NotET vs. GenZeon</title>
<style>
html,body {font-family:Verdana, sans-serif;font-size:10pt;margin:0;padding:0;}body{padding:12px 0;} .battle-log {font-family:Verdana, sans-serif;font-size:10pt;} .battle-log-inline {border:1px solid #AAAAAA;background:#EEF2F5;color:black;max-width:640px;margin:0 auto 80px;padding-bottom:5px;} .battle-log .inner {padding:4px 8px 0px 8px;} .battle-log .inner-preempt {padding:0 8px 4px 8px;} .battle-log .inner-after {margin-top:0.5em;} .battle-log h2 {margin:0.5em -8px;padding:4px 8px;border:1px solid #AAAAAA;background:#E0E7EA;border-left:0;border-right:0;font-family:Verdana, sans-serif;font-size:13pt;} .battle-log .chat {vertical-align:middle;padding:3px 0 3px 0;font-size:8pt;} .battle-log .chat strong {color:#40576A;} .battle-log .chat em {padding:1px 4px 1px 3px;color:#000000;font-style:normal;} .chat.mine {background:rgba(0,0,0,0.05);margin-left:-8px;margin-right:-8px;padding-left:8px;padding-right:8px;} .spoiler {color:#BBBBBB;background:#BBBBBB;padding:0px 3px;} .spoiler:hover, .spoiler:active, .spoiler-shown {color:#000000;background:#E2E2E2;padding:0px 3px;} .spoiler a {color:#BBBBBB;} .spoiler:hover a, .spoiler:active a, .spoiler-shown a {color:#2288CC;} .chat code, .chat .spoiler:hover code, .chat .spoiler:active code, .chat .spoiler-shown code {border:1px solid #C0C0C0;background:#EEEEEE;color:black;padding:0 2px;} .chat .spoiler code {border:1px solid #CCCCCC;background:#CCCCCC;color:#CCCCCC;} .battle-log .rated {padding:3px 4px;} .battle-log .rated strong {color:white;background:#89A;padding:1px 4px;border-radius:4px;} .spacer {margin-top:0.5em;} .message-announce {background:#6688AA;color:white;padding:1px 4px 2px;} .message-announce a, .broadcast-green a, .broadcast-blue a, .broadcast-red a {color:#DDEEFF;} .broadcast-green {background-color:#559955;color:white;padding:2px 4px;} .broadcast-blue {background-color:#6688AA;color:white;padding:2px 4px;} .infobox {border:1px solid #6688AA;padding:2px 4px;} .infobox-limited {max-height:200px;overflow:auto;overflow-x:hidden;} .broadcast-red {background-color:#AA5544;color:white;padding:2px 4px;} .message-learn-canlearn {font-weight:bold;color:#228822;text-decoration:underline;} .message-learn-cannotlearn {font-weight:bold;color:#CC2222;text-decoration:underline;} .message-effect-weak {font-weight:bold;color:#CC2222;} .message-effect-resist {font-weight:bold;color:#6688AA;} .message-effect-immune {font-weight:bold;color:#666666;} .message-learn-list {margin-top:0;margin-bottom:0;} .message-throttle-notice, .message-error {color:#992222;} .message-overflow, .chat small.message-overflow {font-size:0pt;} .message-overflow::before {font-size:9pt;content:'...';} .subtle {color:#3A4A66;}
</style>
<div class="wrapper replay-wrapper" style="max-width:1180px;margin:0 auto">
<input type="hidden" name="replayid" value="pu-586491210" />
<div class="battle"></div><div class="battle-log"></div><div class="replay-controls"></div><div class="replay-controls-2"></div>
<h1 style="font-weight:normal;text-align:center"><strong>PU</strong><br /><a href="http://pokemonshowdown.com/users/notet" class="subtle" target="_blank">NotET</a> vs. <a href="http://pokemonshowdown.com/users/genzeon" class="subtle" target="_blank">GenZeon</a></h1>
<script type="text/plain" class="battle-log-data">|j|NotET
|j|GenZeon
|player|p1|NotET|126
|teamsize|p1|6
|player|p2|GenZeon|294
|teamsize|p2|6
|gametype|singles
|gen|6
|tier|PU
|seed|2932,6402,49576,64691
|rule|Sleep Clause Mod: Limit one foe put to sleep
|rule|Species Clause: Limit one of each Pokémon
|rule|OHKO Clause: OHKO moves are banned
|rule|Moody Clause: Moody is banned
|rule|Evasion Moves Clause: Evasion moves are banned
|rule|Endless Battle Clause: Forcing endless battles is banned
|rule|HP Percentage Mod: HP is shown in percentages
|clearpoke
|poke|p1|Altaria, F|item
|poke|p1|Crustle, F|item
|poke|p1|Misdreavus, F|item
|poke|p1|Pawniard, M|item
|poke|p1|Stoutland, M|item
|poke|p1|Chatot, M|item
|poke|p2|Stoutland, F|item
|poke|p2|Mr. Mime, M|item
|poke|p2|Muk, M|item
|poke|p2|Zebstrika, M|item
|poke|p2|Probopass, F|item
|poke|p2|Prinplup, F|item
|rule|Swagger Clause: Swagger is banned
|rule|Baton Pass Clause: Limit one Baton Passer, can't pass Spe and other stats simultaneously
|teampreview
|c|☆GenZeon|hf
|c|☆NotET|sup
|choice|team 5, team 2, team 3, team 4, team 1, team 6|team 4, team 2, team 3, team 1, team 5, team 6
|
|start
|switch|p1a: Bismark|Stoutland, M|311\/311
|switch|p2a: Zebstrika|Zebstrika, M|291\/291
|turn|1
|choice|move frustration|move voltswitch
|
|move|p2a: Zebstrika|Volt Switch|p1a: Bismark
|-damage|p1a: Bismark|182\/311
|-damage|p2a: Zebstrika|262\/291|[from] item: Life Orb
|choice||switch 5
|
|switch|p2a: Probopass|Probopass, F|303\/303
|-item|p2a: Probopass|Air Balloon
|move|p1a: Bismark|Frustration|p2a: Probopass
|-resisted|p2a: Probopass
|-crit|p2a: Probopass
|-damage|p2a: Probopass|249\/303
|-enditem|p2a: Probopass|Air Balloon
|
|upkeep
|turn|2
|choice|move superpower|move stealthrock
|
|move|p1a: Bismark|Superpower|p2a: Probopass
|-supereffective|p2a: Probopass
|-damage|p2a: Probopass|0 fnt
|-unboost|p1a: Bismark|atk|1
|-unboost|p1a: Bismark|def|1
|faint|p2a: Probopass
|
|upkeep
|c|☆GenZeon|rip
|c|☆NotET|gottem
|choice||switch 4
|
|switch|p2a: Stoutland|Stoutland, F|312\/312
|turn|3
|choice|switch 2|move pursuit
|
|-activate|p1a: Bismark|move: Pursuit
|move|p2a: Stoutland|Pursuit|p1a: Bismark|[from]Pursuit
|-damage|p1a: Bismark|0 fnt
|faint|p1a: Bismark
|
|upkeep
|c|☆GenZeon|gottem
|choice|switch 4|
|
|switch|p1a: Dealer|Pawniard, M|231\/231
|turn|4
|choice|move swordsdance|switch 6
|
|switch|p2a: Prinplup|Prinplup, F|331\/331
|move|p1a: Dealer|Swords Dance|p1a: Dealer
|-boost|p1a: Dealer|atk|2
|
|upkeep
|turn|5
|choice|move knockoff|move scald
|
|move|p1a: Dealer|Knock Off|p2a: Prinplup
|-damage|p2a: Prinplup|168\/331
|-enditem|p2a: Prinplup|Eviolite|[from] move: Knock Off|[of] p1a: Dealer
|move|p2a: Prinplup|Scald|p1a: Dealer
|-damage|p1a: Dealer|120\/231
|
|upkeep
|turn|6
|c|☆GenZeon|shit
|choice|move suckerpunch|move scald
|
|move|p1a: Dealer|Sucker Punch|p2a: Prinplup
|-crit|p2a: Prinplup
|-damage|p2a: Prinplup|0 fnt
|faint|p2a: Prinplup
|
|upkeep
|choice||switch 2
|
|switch|p2a: Mr. Mime|Mr. Mime, M|221\/221
|turn|7
|choice|move suckerpunch|move nastyplot
|
|move|p1a: Dealer|Sucker Punch|p2a: Mr. Mime|[still]
|-fail|p1a: Dealer
|move|p2a: Mr. Mime|Nasty Plot|p2a: Mr. Mime
|-boost|p2a: Mr. Mime|spa|2
|
|upkeep
|turn|8
|choice|move suckerpunch|move nastyplot
|
|move|p1a: Dealer|Sucker Punch|p2a: Mr. Mime|[still]
|-fail|p1a: Dealer
|move|p2a: Mr. Mime|Nasty Plot|p2a: Mr. Mime
|-boost|p2a: Mr. Mime|spa|2
|
|upkeep
|turn|9
|choice|move ironhead|move nastyplot
|
|move|p2a: Mr. Mime|Nasty Plot|p2a: Mr. Mime
|-boost|p2a: Mr. Mime|spa|2
|move|p1a: Dealer|Iron Head|p2a: Mr. Mime
|-supereffective|p2a: Mr. Mime
|-damage|p2a: Mr. Mime|0 fnt
|faint|p2a: Mr. Mime
|
|upkeep
|choice||switch 6
|
|switch|p2a: Stoutland|Stoutland, F|312\/312
|turn|10
|choice|switch 5|move superpower
|
|switch|p1a: Tabaria|Altaria, F|291\/291
|move|p2a: Stoutland|Superpower|p1a: Tabaria
|-resisted|p1a: Tabaria
|-damage|p1a: Tabaria|179\/291
|-unboost|p2a: Stoutland|atk|1
|-unboost|p2a: Stoutland|def|1
|
|upkeep
|turn|11
|choice|switch 2|switch 3
|
|switch|p2a: Muk|Muk, M|414\/414
|switch|p1a: unrustled|Crustle, F|281\/281
|
|upkeep
|turn|12
|choice|move stoneedge|switch 3
|
|switch|p2a: Stoutland|Stoutland, F|312\/312
|move|p1a: unrustled|Stone Edge|p2a: Stoutland
|-damage|p2a: Stoutland|165\/312
|
|upkeep
|turn|13
|choice|move stealthrock|move frustration
|
|move|p2a: Stoutland|Frustration|p1a: unrustled
|-resisted|p1a: unrustled
|-damage|p1a: unrustled|189\/281
|move|p1a: unrustled|Stealth Rock|p2a: Stoutland
|-sidestart|p2: GenZeon|move: Stealth Rock
|
|upkeep
|turn|14
|choice|move spikes|move frustration
|
|move|p2a: Stoutland|Frustration|p1a: unrustled
|-resisted|p1a: unrustled
|-damage|p1a: unrustled|88\/281
|move|p1a: unrustled|Spikes|p2a: Stoutland
|-sidestart|p2: GenZeon|Spikes
|
|upkeep
|turn|15
|choice|move spikes|move frustration
|
|move|p2a: Stoutland|Frustration|p1a: unrustled
|-resisted|p1a: unrustled
|-damage|p1a: unrustled|0 fnt
|faint|p1a: unrustled
|
|upkeep
|choice|switch 6|
|
|switch|p1a: DEF|Chatot, M|293\/293
|turn|16
|choice|move boomburst|switch 3
|
|switch|p2a: Muk|Muk, M|414\/414
|-damage|p2a: Muk|363\/414|[from] Spikes
|-damage|p2a: Muk|312\/414|[from] Stealth Rock
|move|p1a: DEF|Boomburst|p2a: Muk
|-damage|p2a: Muk|167\/414
|
|-heal|p2a: Muk|192\/414|[from] item: Black Sludge
|upkeep
|turn|17
|choice|move boomburst|switch 5
|
|switch|p2a: Zebstrika|Zebstrika, M|262\/291
|-damage|p2a: Zebstrika|226\/291|[from] Stealth Rock
|-damage|p2a: Zebstrika|190\/291|[from] Spikes
|move|p1a: DEF|Boomburst|p2a: Zebstrika
|-damage|p2a: Zebstrika|0 fnt
|faint|p2a: Zebstrika
|
|upkeep
|c|☆GenZeon|gg
|-message|GenZeon forfeited.
|
|win|NotET
|l|GenZeon
|c|☆NotET|ggs</script>
</div>
<div class="battle-log battle-log-inline"><div class="inner"><div class="battle-options"></div><div class="inner"><div class="chat"><small>NotET joined.</small></div><div class="chat"><small>GenZeon joined.</small></div><div class=""><small>Format:</small> <br><strong>PU</strong></div><div class=""><small><em>Sleep Clause Mod:</em> Limit one foe put to sleep</small></div><div class=""><small><em>Species Clause:</em> Limit one of each Pokémon</small></div><div class=""><small><em>OHKO Clause:</em> OHKO moves are banned</small></div><div class=""><small><em>Moody Clause:</em> Moody is banned</small></div><div class=""><small><em>Evasion Moves Clause:</em> Evasion moves are banned</small></div><div class=""><small><em>Endless Battle Clause:</em> Forcing endless battles is banned</small></div><div class=""><small><em>HP Percentage Mod:</em> HP is shown in percentages</small></div><div class=""><small><em>Swagger Clause:</em> Swagger is banned</small></div><div class=""><small><em>Baton Pass Clause:</em> Limit one Baton Passer, can't pass Spe and other stats simultaneously</small></div><div class="chat battle-history"><strong>NotET's team:</strong> <em style="color:#445566;display:block;">Altaria / Crustle / Misdreavus / Pawniard / Stoutland / Chatot</em></div><div class="chat battle-history"><strong>GenZeon's team:</strong> <em style="color:#445566;display:block;">Stoutland / Mr. Mime / Muk / Zebstrika / Probopass / Prinplup</em></div><div class="chat chatmessage-genzeon"><strong style="color:hsl(102,48%,43.60401245056926%)"><small>☆</small><span class="username" data-name="GenZeon">GenZeon</span>:</strong> <em>hf</em></div><div class="chat chatmessage-notet"><strong style="color:hsl(2,41%,52.47424994334579%)"><small>☆</small><span class="username" data-name="NotET">NotET</span>:</strong> <em>sup</em></div><div class="spacer battle-history"><br></div><div class="battle-history">Battle started between NotET and GenZeon!<br></div><div class="spacer battle-history"><br></div><div class="battle-history">Go! Bismark (<strong>Stoutland</strong>)!<br></div><div class="spacer battle-history"><br></div><div class="battle-history">GenZeon sent out <strong>Zebstrika</strong>!<br></div><div class="spacer battle-history"><br></div><h2 class="battle-history">Turn 1</h2><div class="spacer battle-history"><br></div><div class="battle-history">The opposing Zebstrika used <strong>Volt Switch</strong>!<br></div><div class="battle-history"><small>(Bismark lost <abbr title="−129/311">41.5%</abbr> of its health!)</small><br></div><div class="battle-history"><small>The opposing Zebstrika lost some of its HP!</small><br></div><div class="spacer battle-history"><br></div><div class="battle-history">The opposing Zebstrika went back to GenZeon!<br></div><div class="battle-history">GenZeon sent out <strong>Probopass</strong>!<br></div><div class="battle-history"><small>The opposing Probopass floats in the air with its Air Balloon!</small><br></div><div class="spacer battle-history"><br></div><div class="battle-history">Bismark used <strong>Frustration</strong>!<br></div><div class="battle-history"><small>It's not very effective...</small><br></div><div class="battle-history"><small>A critical hit!</small><br></div><div class="battle-history"><small>(The opposing Probopass lost <abbr title="−54/303">17.8%</abbr> of its health!)</small><br></div><div class="battle-history"><small>The opposing Probopass's Air Balloon popped!</small><br></div><div class="spacer battle-history"><br></div><h2 class="battle-history">Turn 2</h2><div class="spacer battle-history"><br></div><div class="battle-history">Bismark used <strong>Superpower</strong>!<br></div><div class="battle-history"><small>It's super effective!</small><br></div><div class="battle-history"><small>(The opposing Probopass lost <abbr title="−249/303">82.2%</abbr> of its health!)</small><br></div><div class="battle-history"><small>Bismark's Attack fell!</small><br></div><div class="battle-history"><small>Bismark's Defense fell!</small><br></div><div class="spacer battle-history"><br></div><div class="battle-history">The opposing Probopass fainted!<br></div><div class="chat chatmessage-genzeon"><strong style="color:hsl(102,48%,43.60401245056926%)"><small>☆</small><span class="username" data-name="GenZeon">GenZeon</span>:</strong> <em>rip</em></div><div class="chat chatmessage-notet"><strong style="color:hsl(2,41%,52.47424994334579%)"><small>☆</small><span class="username" data-name="NotET">NotET</span>:</strong> <em>gottem</em></div><div class="spacer battle-history"><br></div><div class="battle-history">GenZeon sent out <strong>Stoutland</strong>!<br></div><div class="spacer battle-history"><br></div><h2 class="battle-history">Turn 3</h2><div class="spacer battle-history"><br></div><div class="battle-history"><small>(Bismark is being withdrawn...)</small><br></div><div class="spacer battle-history"><br></div><div class="battle-history">The opposing Stoutland used <strong>Pursuit</strong>!<br></div><div class="battle-history"><small>(Bismark lost <abbr title="−182/311">58.5%</abbr> of its health!)</small><br></div><div class="spacer battle-history"><br></div><div class="battle-history">Bismark fainted!<br></div><div class="chat chatmessage-genzeon"><strong style="color:hsl(102,48%,43.60401245056926%)"><small>☆</small><span class="username" data-name="GenZeon">GenZeon</span>:</strong> <em>gottem</em></div><div class="spacer battle-history"><br></div><div class="battle-history">Go! Dealer (<strong>Pawniard</strong>)!<br></div><div class="spacer battle-history"><br></div><h2 class="battle-history">Turn 4</h2><div class="spacer battle-history"><br></div><div class="battle-history">GenZeon withdrew Stoutland!<br></div><div class="battle-history">GenZeon sent out <strong>Prinplup</strong>!<br></div><div class="spacer battle-history"><br></div><div class="battle-history">Dealer used <strong>Swords Dance</strong>!<br></div><div class="battle-history"><small>Dealer's Attack rose sharply!</small><br></div><div class="spacer battle-history"><br></div><h2 class="battle-history">Turn 5</h2><div class="spacer battle-history"><br></div><div class="battle-history">Dealer used <strong>Knock Off</strong>!<br></div><div class="battle-history"><small>(The opposing Prinplup lost <abbr title="−163/331">49.2%</abbr> of its health!)</small><br></div><div class="battle-history"><small>Dealer knocked off the opposing Prinplup's Eviolite!</small><br></div><div class="spacer battle-history"><br></div><div class="battle-history">The opposing Prinplup used <strong>Scald</strong>!<br></div><div class="battle-history"><small>(Dealer lost <abbr title="−111/231">48.1%</abbr> of its health!)</small><br></div><div class="spacer battle-history"><br></div><h2 class="battle-history">Turn 6</h2><div class="chat chatmessage-genzeon"><strong style="color:hsl(102,48%,43.60401245056926%)"><small>☆</small><span class="username" data-name="GenZeon">GenZeon</span>:</strong> <em>shit</em></div><div class="spacer battle-history"><br></div><div class="battle-history">Dealer used <strong>Sucker Punch</strong>!<br></div><div class="battle-history"><small>A critical hit!</small><br></div><div class="battle-history"><small>(The opposing Prinplup lost <abbr title="−168/331">50.8%</abbr> of its health!)</small><br></div><div class="spacer battle-history"><br></div><div class="battle-history">The opposing Prinplup fainted!<br></div><div class="spacer battle-history"><br></div><div class="battle-history">GenZeon sent out <strong>Mr. Mime</strong>!<br></div><div class="spacer battle-history"><br></div><h2 class="battle-history">Turn 7</h2><div class="spacer battle-history"><br></div><div class="battle-history">Dealer used <strong>Sucker Punch</strong>!<br></div><div class="battle-history"><small>But it failed!</small><br></div><div class="spacer battle-history"><br></div><div class="battle-history">The opposing Mr. Mime used <strong>Nasty Plot</strong>!<br></div><div class="battle-history"><small>The opposing Mr. Mime's Special Attack rose sharply!</small><br></div><div class="spacer battle-history"><br></div><h2 class="battle-history">Turn 8</h2><div class="spacer battle-history"><br></div><div class="battle-history">Dealer used <strong>Sucker Punch</strong>!<br></div><div class="battle-history"><small>But it failed!</small><br></div><div class="spacer battle-history"><br></div><div class="battle-history">The opposing Mr. Mime used <strong>Nasty Plot</strong>!<br></div><div class="battle-history"><small>The opposing Mr. Mime's Special Attack rose sharply!</small><br></div><div class="spacer battle-history"><br></div><h2 class="battle-history">Turn 9</h2><div class="spacer battle-history"><br></div><div class="battle-history">The opposing Mr. Mime used <strong>Nasty Plot</strong>!<br></div><div class="battle-history"><small>The opposing Mr. Mime's Special Attack rose sharply!</small><br></div><div class="spacer battle-history"><br></div><div class="battle-history">Dealer used <strong>Iron Head</strong>!<br></div><div class="battle-history"><small>It's super effective!</small><br></div><div class="battle-history"><small>(The opposing Mr. Mime lost <abbr title="−221/221">100%</abbr> of its health!)</small><br></div><div class="spacer battle-history"><br></div><div class="battle-history">The opposing Mr. Mime fainted!<br></div><div class="spacer battle-history"><br></div><div class="battle-history">GenZeon sent out <strong>Stoutland</strong>!<br></div><div class="spacer battle-history"><br></div><h2 class="battle-history">Turn 10</h2><div class="spacer battle-history"><br></div><div class="battle-history">Dealer, come back!<br></div><div class="battle-history">Go! Tabaria (<strong>Altaria</strong>)!<br></div><div class="spacer battle-history"><br></div><div class="battle-history">The opposing Stoutland used <strong>Superpower</strong>!<br></div><div class="battle-history"><small>It's not very effective...</small><br></div><div class="battle-history"><small>(Tabaria lost <abbr title="−112/291">38.5%</abbr> of its health!)</small><br></div><div class="battle-history"><small>The opposing Stoutland's Attack fell!</small><br></div><div class="battle-history"><small>The opposing Stoutland's Defense fell!</small><br></div><div class="spacer battle-history"><br></div><h2 class="battle-history">Turn 11</h2><div class="spacer battle-history"><br></div><div class="battle-history">GenZeon withdrew Stoutland!<br></div><div class="battle-history">GenZeon sent out <strong>Muk</strong>!<br></div><div class="spacer battle-history"><br></div><div class="battle-history">Tabaria, come back!<br></div><div class="battle-history">Go! unrustled (<strong>Crustle</strong>)!<br></div><div class="spacer battle-history"><br></div><h2 class="battle-history">Turn 12</h2><div class="spacer battle-history"><br></div><div class="battle-history">GenZeon withdrew Muk!<br></div><div class="battle-history">GenZeon sent out <strong>Stoutland</strong>!<br></div><div class="spacer battle-history"><br></div><div class="battle-history">unrustled used <strong>Stone Edge</strong>!<br></div><div class="battle-history"><small>(The opposing Stoutland lost <abbr title="−147/312">47.1%</abbr> of its health!)</small><br></div><div class="spacer battle-history"><br></div><h2 class="battle-history">Turn 13</h2><div class="spacer battle-history"><br></div><div class="battle-history">The opposing Stoutland used <strong>Frustration</strong>!<br></div><div class="battle-history"><small>It's not very effective...</small><br></div><div class="battle-history"><small>(unrustled lost <abbr title="−92/281">32.7%</abbr> of its health!)</small><br></div><div class="spacer battle-history"><br></div><div class="battle-history">unrustled used <strong>Stealth Rock</strong>!<br></div><div class="battle-history"><small>Pointed stones float in the air around the opposing team!</small><br></div><div class="spacer battle-history"><br></div><h2 class="battle-history">Turn 14</h2><div class="spacer battle-history"><br></div><div class="battle-history">The opposing Stoutland used <strong>Frustration</strong>!<br></div><div class="battle-history"><small>It's not very effective...</small><br></div><div class="battle-history"><small>(unrustled lost <abbr title="−101/281">35.9%</abbr> of its health!)</small><br></div><div class="spacer battle-history"><br></div><div class="battle-history">unrustled used <strong>Spikes</strong>!<br></div><div class="battle-history"><small>Spikes were scattered on the ground all around the opposing team!</small><br></div><div class="spacer battle-history"><br></div><h2 class="battle-history">Turn 15</h2><div class="spacer battle-history"><br></div><div class="battle-history">The opposing Stoutland used <strong>Frustration</strong>!<br></div><div class="battle-history"><small>It's not very effective...</small><br></div><div class="battle-history"><small>(unrustled lost <abbr title="−88/281">31.3%</abbr> of its health!)</small><br></div><div class="spacer battle-history"><br></div><div class="battle-history">unrustled fainted!<br></div><div class="spacer battle-history"><br></div><div class="battle-history">Go! DEF (<strong>Chatot</strong>)!<br></div><div class="spacer battle-history"><br></div><h2 class="battle-history">Turn 16</h2><div class="spacer battle-history"><br></div><div class="battle-history">GenZeon withdrew Stoutland!<br></div><div class="battle-history">GenZeon sent out <strong>Muk</strong>!<br></div><div class="battle-history"><small>The opposing Muk is hurt by the spikes!</small><br></div><div class="battle-history"><small>Pointed stones dug into the opposing Muk!</small><br></div><div class="spacer battle-history"><br></div><div class="battle-history">DEF used <strong>Boomburst</strong>!<br></div><div class="battle-history"><small>(The opposing Muk lost <abbr title="−145/414">35.0%</abbr> of its health!)</small><br></div><div class="spacer battle-history"><br></div><div class="battle-history"><small>The opposing Muk restored a little HP using its Black Sludge!</small><br></div><div class="spacer battle-history"><br></div><h2 class="battle-history">Turn 17</h2><div class="spacer battle-history"><br></div><div class="battle-history">GenZeon withdrew Muk!<br></div><div class="battle-history">GenZeon sent out <strong>Zebstrika</strong>!<br></div><div class="battle-history"><small>Pointed stones dug into the opposing Zebstrika!</small><br></div><div class="battle-history"><small>The opposing Zebstrika is hurt by the spikes!</small><br></div><div class="spacer battle-history"><br></div><div class="battle-history">DEF used <strong>Boomburst</strong>!<br></div><div class="battle-history"><small>(The opposing Zebstrika lost <abbr title="−190/291">65.3%</abbr> of its health!)</small><br></div><div class="spacer battle-history"><br></div><div class="battle-history">The opposing Zebstrika fainted!<br></div><div class="chat chatmessage-genzeon"><strong style="color:hsl(102,48%,43.60401245056926%)"><small>☆</small><span class="username" data-name="GenZeon">GenZeon</span>:</strong> <em>gg</em></div><div class="spacer battle-history"><br></div><div class="battle-history"><small>GenZeon forfeited.</small><br></div><div class="spacer battle-history"><br></div><div class="battle-history"><strong>NotET</strong> won the battle!<br></div><div class="chat"><small>GenZeon left.</small></div><div class="chat chatmessage-notet"><strong style="color:hsl(2,41%,52.47424994334579%)"><small>☆</small><span class="username" data-name="NotET">NotET</span>:</strong> <em>ggs</em></div></div><div class="inner-preempt"></div></div></div>
</div>
<script>
let daily = Math.floor(Date.now()/1000/60/60/24);document.write('<script src="https://play.pokemonshowdown.com/js/replay-embed.js?version'+daily+'"></'+'script>');
</script>
