<!DOCTYPE html>
<meta charset="utf-8" />
<!-- version 1 -->
<title>PU replay: kay vs. RawMelon</title>
<style>
html,body {font-family:Verdana, sans-serif;font-size:10pt;margin:0;padding:0;}body{padding:12px 0;} .battle-log {font-family:Verdana, sans-serif;font-size:10pt;} .battle-log-inline {border:1px solid #AAAAAA;background:#EEF2F5;color:black;max-width:640px;margin:0 auto 80px;padding-bottom:5px;} .battle-log .inner {padding:4px 8px 0px 8px;} .battle-log .inner-preempt {padding:0 8px 4px 8px;} .battle-log .inner-after {margin-top:0.5em;} .battle-log h2 {margin:0.5em -8px;padding:4px 8px;border:1px solid #AAAAAA;background:#E0E7EA;border-left:0;border-right:0;font-family:Verdana, sans-serif;font-size:13pt;} .battle-log .chat {vertical-align:middle;padding:3px 0 3px 0;font-size:8pt;} .battle-log .chat strong {color:#40576A;} .battle-log .chat em {padding:1px 4px 1px 3px;color:#000000;font-style:normal;} .chat.mine {background:rgba(0,0,0,0.05);margin-left:-8px;margin-right:-8px;padding-left:8px;padding-right:8px;} .spoiler {color:#BBBBBB;background:#BBBBBB;padding:0px 3px;} .spoiler:hover, .spoiler:active, .spoiler-shown {color:#000000;background:#E2E2E2;padding:0px 3px;} .spoiler a {color:#BBBBBB;} .spoiler:hover a, .spoiler:active a, .spoiler-shown a {color:#2288CC;} .chat code, .chat .spoiler:hover code, .chat .spoiler:active code, .chat .spoiler-shown code {border:1px solid #C0C0C0;background:#EEEEEE;color:black;padding:0 2px;} .chat .spoiler code {border:1px solid #CCCCCC;background:#CCCCCC;color:#CCCCCC;} .battle-log .rated {padding:3px 4px;} .battle-log .rated strong {color:white;background:#89A;padding:1px 4px;border-radius:4px;} .spacer {margin-top:0.5em;} .message-announce {background:#6688AA;color:white;padding:1px 4px 2px;} .message-announce a, .broadcast-green a, .broadcast-blue a, .broadcast-red a {color:#DDEEFF;} .broadcast-green {background-color:#559955;color:white;padding:2px 4px;} .broadcast-blue {background-color:#6688AA;color:white;padding:2px 4px;} .infobox {border:1px solid #6688AA;padding:2px 4px;} .infobox-limited {max-height:200px;overflow:auto;overflow-x:hidden;} .broadcast-red {background-color:#AA5544;color:white;padding:2px 4px;} .message-learn-canlearn {font-weight:bold;color:#228822;text-decoration:underline;} .message-learn-cannotlearn {font-weight:bold;color:#CC2222;text-decoration:underline;} .message-effect-weak {font-weight:bold;color:#CC2222;} .message-effect-resist {font-weight:bold;color:#6688AA;} .message-effect-immune {font-weight:bold;color:#666666;} .message-learn-list {margin-top:0;margin-bottom:0;} .message-throttle-notice, .message-error {color:#992222;} .message-overflow, .chat small.message-overflow {font-size:0pt;} .message-overflow::before {font-size:9pt;content:'...';} .subtle {color:#3A4A66;}
</style>
<div class="wrapper replay-wrapper" style="max-width:1180px;margin:0 auto">
<input type="hidden" name="replayid" value="pu-562019576" />
<div class="battle"></div><div class="battle-log"></div><div class="replay-controls"></div><div class="replay-controls-2"></div>
<h1 style="font-weight:normal;text-align:center"><strong>PU</strong><br /><a href="http://pokemonshowdown.com/users/kay" class="subtle" target="_blank">kay</a> vs. <a href="http://pokemonshowdown.com/users/rawmelon" class="subtle" target="_blank">RawMelon</a></h1>
<script type="text/plain" class="battle-log-data">|j|kay
|j|RawMelon
|player|p1|kay|#kay
|player|p2|RawMelon|154
|gametype|singles
|gen|6
|tier|PU
|seed|18117,53454,48707,23786
|rule|Sleep Clause Mod: Limit one foe put to sleep
|rule|Species Clause: Limit one of each Pokémon
|rule|OHKO Clause: OHKO moves are banned
|rule|Moody Clause: Moody is banned
|rule|Evasion Moves Clause: Evasion moves are banned
|rule|Endless Battle Clause: Forcing endless battles is banned
|rule|HP Percentage Mod: HP is shown in percentages
|clearpoke
|poke|p1|Meganium, M|item
|poke|p1|Pawniard, M|item
|poke|p1|Altaria, M|item
|poke|p1|Mawile, M|item
|poke|p1|Vibrava, F|item
|poke|p1|Chinchou, F|item
|poke|p2|Golem, M|item
|poke|p2|Rotom-Frost|item
|poke|p2|Monferno, F|item
|poke|p2|Swanna, M|item
|poke|p2|Gogoat, M|item
|poke|p2|Mr. Mime, M|item
|rule|Swagger Clause: Swagger is banned
|rule|Baton Pass Clause: Limit one Baton Passer, can't pass Spe and other stats simultaneously
|teampreview
|c|☆kay|ave fun
|j|PokemonMasterTJ
|c|☆RawMelon|hf
|c|☆RawMelon|team is super slow now
|c|☆kay|it's so cute now tho *-*
|c|☆RawMelon|yeah undeniably
|choice|team 4, team 2, team 3, team 1, team 5, team 6|team 6, team 2, team 3, team 4, team 5, team 1
|
|start
|switch|p1a: Mawile|Mawile, M|304\/304
|switch|p2a: Mr. Mime|Mr. Mime, M|221\/221
|-ability|p1a: Mawile|Intimidate|boost
|-unboost|p2a: Mr. Mime|atk|1
|turn|1
|choice|move knockoff|move trick
|
|move|p2a: Mr. Mime|Trick|p1a: Mawile
|-activate|p2a: Mr. Mime|move: Trick|[of] p1a: Mawile
|-item|p1a: Mawile|Choice Scarf|[from] move: Trick
|-item|p2a: Mr. Mime|Leftovers|[from] move: Trick
|move|p1a: Mawile|Knock Off|p2a: Mr. Mime
|-damage|p2a: Mr. Mime|121\/221
|-enditem|p2a: Mr. Mime|Leftovers|[from] move: Knock Off|[of] p1a: Mawile
|
|upkeep
|turn|2
|j|Savanna Wolf
|c|☆kay|I'm doding
|c|☆kay|dodging*
|c|☆RawMelon|ur going to chinchou
|choice|move knockoff|switch 3
|
|switch|p2a: Monferno|Monferno, F|269\/269
|move|p1a: Mawile|Knock Off|p2a: Monferno
|-resisted|p2a: Monferno
|-damage|p2a: Monferno|230\/269
|-enditem|p2a: Monferno|Eviolite|[from] move: Knock Off|[of] p1a: Mawile
|
|upkeep
|turn|3
|j|TempestTurn
|choice|switch 3|switch 3
|
|switch|p2a: Mr. Mime|Mr. Mime, M|121\/221
|switch|p1a: Altaria|Altaria, M|354\/354
|
|upkeep
|turn|4
|j|UberSkitty
|choice|switch 2|move dazzlinggleam
|
|switch|p1a: Pawniard|Pawniard, M|231\/231
|move|p2a: Mr. Mime|Dazzling Gleam|p1a: Pawniard
|-damage|p1a: Pawniard|68\/231
|
|upkeep
|turn|5
|c|☆kay|50\/50
|choice|move pursuit|switch 3
|
|-activate|p2a: Mr. Mime|move: Pursuit
|move|p1a: Pawniard|Pursuit|p2a: Mr. Mime|[from]Pursuit
|-damage|p2a: Mr. Mime|0 fnt
|faint|p2a: Mr. Mime
|
|upkeep
|c|☆kay|wew
|choice||switch 3
|
|switch|p2a: Monferno|Monferno, F|230\/269
|turn|6
|j|Slowbroth
|choice|switch 2|move closecombat
|
|switch|p1a: Altaria|Altaria, M|354\/354
|move|p2a: Monferno|Close Combat|p1a: Altaria
|-resisted|p1a: Altaria
|-damage|p1a: Altaria|271\/354
|-unboost|p2a: Monferno|def|1
|-unboost|p2a: Monferno|spd|1
|
|-heal|p1a: Altaria|293\/354|[from] item: Leftovers
|upkeep
|turn|7
|choice|switch 2|move swordsdance
|
|switch|p1a: Pawniard|Pawniard, M|68\/231
|move|p2a: Monferno|Swords Dance|p2a: Monferno
|-boost|p2a: Monferno|atk|2
|
|upkeep
|turn|8
|c|☆kay|o-oh
|choice|move suckerpunch|move machpunch
|
|move|p2a: Monferno|Mach Punch|p1a: Pawniard
|-supereffective|p1a: Pawniard
|-damage|p1a: Pawniard|0 fnt
|faint|p1a: Pawniard
|
|upkeep
|choice|switch 5|
|
|switch|p1a: Vibrava|Vibrava, F|304\/304
|turn|9
|choice|move earthquake|switch 4
|
|switch|p2a: Swanna|Swanna, M|291\/291
|move|p1a: Vibrava|Earthquake|p2a: Swanna
|-immune|p2a: Swanna|[msg]
|
|upkeep
|turn|10
|choice|switch 6|move scald
|
|switch|p1a: Chinchou|Chinchou, F|354\/354
|move|p2a: Swanna|Scald|p1a: Chinchou
|-resisted|p1a: Chinchou
|-damage|p1a: Chinchou|310\/354
|-status|p1a: Chinchou|brn
|
|-damage|p1a: Chinchou|266\/354 brn|[from] brn
|upkeep
|turn|11
|choice|move voltswitch|move substitute
|
|move|p2a: Swanna|Substitute|p2a: Swanna
|-start|p2a: Swanna|Substitute
|-damage|p2a: Swanna|219\/291
|move|p1a: Chinchou|Volt Switch|p2a: Swanna
|-supereffective|p2a: Swanna
|-end|p2a: Swanna|Substitute
|c|☆kay|hm
|c|☆kay|this is an issue
|l|TempestTurn
|choice|switch 3|
|
|switch|p1a: Mawile|Mawile, M|304\/304
|-ability|p1a: Mawile|Intimidate|boost
|-unboost|p2a: Swanna|atk|1
|
|upkeep
|turn|12
|choice|move playrough|move scald
|
|move|p2a: Swanna|Scald|p1a: Mawile
|-damage|p1a: Mawile|144\/304
|-status|p1a: Mawile|brn
|move|p1a: Mawile|Play Rough|p2a: Swanna
|-damage|p2a: Swanna|150\/291
|
|-damage|p1a: Mawile|106\/304 brn|[from] brn
|upkeep
|turn|13
|c|☆kay|f
|choice|move playrough|move substitute
|
|move|p2a: Swanna|Substitute|p2a: Swanna
|-start|p2a: Swanna|Substitute
|-damage|p2a: Swanna|78\/291
|move|p1a: Mawile|Play Rough|p2a: Swanna
|-end|p2a: Swanna|Substitute
|
|-damage|p1a: Mawile|68\/304 brn|[from] brn
|upkeep
|turn|14
|choice|switch 3|move substitute
|
|switch|p1a: Chinchou|Chinchou, F|266\/354 brn
|move|p2a: Swanna|Substitute|p2a: Swanna
|-start|p2a: Swanna|Substitute
|-damage|p2a: Swanna|6\/291
|-enditem|p2a: Swanna|Salac Berry|[eat]
|-boost|p2a: Swanna|spe|1
|
|-damage|p1a: Chinchou|222\/354 brn|[from] brn
|upkeep
|turn|15
|choice|move voltswitch|move endeavor
|
|move|p2a: Swanna|Endeavor|p1a: Chinchou
|-damage|p1a: Chinchou|6\/354 brn
|move|p1a: Chinchou|Volt Switch|p2a: Swanna
|-supereffective|p2a: Swanna
|-end|p2a: Swanna|Substitute
|c|☆kay|oh
|c|☆kay|neat
|choice|switch 3|
|
|switch|p1a: Mawile|Mawile, M|68\/304 brn
|-ability|p1a: Mawile|Intimidate|boost
|-unboost|p2a: Swanna|atk|1
|
|-damage|p1a: Mawile|30\/304 brn|[from] brn
|upkeep
|turn|16
|choice|move knockoff|move scald
|
|move|p2a: Swanna|Scald|p1a: Mawile
|-damage|p1a: Mawile|0 fnt
|faint|p1a: Mawile
|
|upkeep
|c|@Slowbroth|sub endeavor
|c|@Slowbroth|what a lord
|choice|switch 6|
|
|switch|p1a: Vibrava|Vibrava, F|304\/304
|turn|17
|choice|move uturn|move endeavor
|
|move|p2a: Swanna|Endeavor|p1a: Vibrava
|-damage|p1a: Vibrava|6\/304
|move|p1a: Vibrava|U-turn|p2a: Swanna
|-resisted|p2a: Swanna
|-damage|p2a: Swanna|0 fnt
|faint|p2a: Swanna
|choice|switch 3|
|
|switch|p1a: Chinchou|Chinchou, F|6\/354 brn
|
|-damage|p1a: Chinchou|0 fnt|[from] brn
|upkeep
|faint|p1a: Chinchou
|choice|switch 3|switch 2
|
|switch|p2a: Rotom|Rotom-Frost|241\/241
|switch|p1a: Vibrava|Vibrava, F|6\/304
|turn|18
|choice|move uturn|move substitute
|
|move|p2a: Rotom|Substitute|p2a: Rotom
|-start|p2a: Rotom|Substitute
|-damage|p2a: Rotom|181\/241
|move|p1a: Vibrava|U-turn|p2a: Rotom
|-activate|p2a: Rotom|move: Substitute|[damage]
|c|☆kay|o dog
|c|☆kay|stop with the subs
|choice|switch 2|
|
|switch|p1a: Altaria|Altaria, M|293\/354
|
|-heal|p1a: Altaria|315\/354|[from] item: Leftovers
|upkeep
|turn|19
|c|☆RawMelon|lol
|c|☆kay|god*
|choice|move flamethrower|move blizzard
|
|move|p2a: Rotom|Blizzard|p1a: Altaria|[miss]
|-miss|p2a: Rotom|p1a: Altaria
|move|p1a: Altaria|Flamethrower|p2a: Rotom
|-supereffective|p2a: Rotom
|-end|p2a: Rotom|Substitute
|
|-heal|p1a: Altaria|337\/354|[from] item: Leftovers
|upkeep
|turn|20
|choice|switch 2|move blizzard
|
|switch|p1a: Vibrava|Vibrava, F|6\/304
|move|p2a: Rotom|Blizzard|p1a: Vibrava|[miss]
|-miss|p2a: Rotom|p1a: Vibrava
|
|upkeep
|turn|21
|c| UberSkitty|dont tell me this get endevor too
|c|☆kay|fuuuu
|c|☆kay|the one time I need you to hit
|c|☆RawMelon|lol
|choice|move uturn|move substitute
|
|move|p2a: Rotom|Substitute|p2a: Rotom
|-start|p2a: Rotom|Substitute
|-damage|p2a: Rotom|121\/241
|move|p1a: Vibrava|U-turn|p2a: Rotom
|-activate|p2a: Rotom|move: Substitute|[damage]
|choice|switch 2|
|
|switch|p1a: Altaria|Altaria, M|337\/354
|
|-heal|p1a: Altaria|354\/354|[from] item: Leftovers
|upkeep
|turn|22
|c|☆kay|miss
|c| UberSkitty|hit
|choice|move flamethrower|move blizzard
|
|move|p2a: Rotom|Blizzard|p1a: Altaria
|-supereffective|p1a: Altaria
|-damage|p1a: Altaria|0 fnt
|-damage|p2a: Rotom|97\/241|[from] item: Life Orb
|faint|p1a: Altaria
|
|upkeep
|choice|switch 4|
|
|switch|p1a: Meganium|Meganium, M|301\/301
|turn|23
|c|@Slowbroth|not over yet
|choice|move return|move blizzard
|
|move|p2a: Rotom|Blizzard|p1a: Meganium
|-supereffective|p1a: Meganium
|-enditem|p1a: Meganium|Yache Berry|[eat]
|-enditem|p1a: Meganium|Yache Berry|[weaken]
|-damage|p1a: Meganium|79\/301
|-damage|p2a: Rotom|73\/241|[from] item: Life Orb
|move|p1a: Meganium|Return|p2a: Rotom
|-end|p2a: Rotom|Substitute
|
|upkeep
|turn|24
|c|☆kay|miss
|choice|move return|move thunderbolt
|
|move|p2a: Rotom|Thunderbolt|p1a: Meganium
|-resisted|p1a: Meganium
|-damage|p1a: Meganium|0 fnt
|-damage|p2a: Rotom|49\/241|[from] item: Life Orb
|faint|p1a: Meganium
|
|upkeep
|c|☆kay|g_g
|choice|switch 2|
|
|switch|p1a: Vibrava|Vibrava, F|6\/304
|turn|25
|c|☆RawMelon|gg bud
|choice|move earthquake|move blizzard
|
|move|p2a: Rotom|Blizzard|p1a: Vibrava
|-supereffective|p1a: Vibrava
|-damage|p1a: Vibrava|0 fnt
|-damage|p2a: Rotom|25\/241|[from] item: Life Orb
|faint|p1a: Vibrava
|
|win|RawMelon
|c| UberSkitty|miss\
|l|Slowbroth
|l|UberSkitty</script>
</div>
<div class="battle-log battle-log-inline"><div class="inner"><div class="battle-options"></div><div class="inner"><div class="chat"><small>kay joined.</small></div><div class="chat"><small>RawMelon joined.</small></div><div class=""><small>Format:</small> <br><strong>PU</strong></div><div class=""><small><em>Sleep Clause Mod:</em> Limit one foe put to sleep</small></div><div class=""><small><em>Species Clause:</em> Limit one of each Pokémon</small></div><div class=""><small><em>OHKO Clause:</em> OHKO moves are banned</small></div><div class=""><small><em>Moody Clause:</em> Moody is banned</small></div><div class=""><small><em>Evasion Moves Clause:</em> Evasion moves are banned</small></div><div class=""><small><em>Endless Battle Clause:</em> Forcing endless battles is banned</small></div><div class=""><small><em>HP Percentage Mod:</em> HP is shown in percentages</small></div><div class=""><small><em>Swagger Clause:</em> Swagger is banned</small></div><div class=""><small><em>Baton Pass Clause:</em> Limit one Baton Passer, can't pass Spe and other stats simultaneously</small></div><div class="chat battle-history"><strong>kay's team:</strong> <em style="color:#445566;display:block;">Meganium / Pawniard / Altaria / Mawile / Vibrava / Chinchou</em></div><div class="chat battle-history"><strong>RawMelon's team:</strong> <em style="color:#445566;display:block;">Golem / Rotom-Frost / Monferno / Swanna / Gogoat / Mr. Mime</em></div><div class="chat chatmessage-kay"><strong style="color:hsl(255,66%,56.8105735479296%)"><small>☆</small><span class="username" data-name="kay">kay</span>:</strong> <em>ave fun</em></div><div class="chat"><small>PokemonMasterTJ joined.</small></div><div class="chat chatmessage-rawmelon"><strong style="color:hsl(223,45%,54.735457078935404%)"><small>☆</small><span class="username" data-name="RawMelon">RawMelon</span>:</strong> <em>hf</em></div><div class="chat chatmessage-rawmelon"><strong style="color:hsl(223,45%,54.735457078935404%)"><small>☆</small><span class="username" data-name="RawMelon">RawMelon</span>:</strong> <em>team is super slow now</em></div><div class="chat chatmessage-kay"><strong style="color:hsl(255,66%,56.8105735479296%)"><small>☆</small><span class="username" data-name="kay">kay</span>:</strong> <em>it's so cute now tho *-*</em></div><div class="chat chatmessage-rawmelon"><strong style="color:hsl(223,45%,54.735457078935404%)"><small>☆</small><span class="username" data-name="RawMelon">RawMelon</span>:</strong> <em>yeah undeniably</em></div><div class="spacer battle-history"><br></div><div class="battle-history">Battle started between kay and RawMelon!<br></div><div class="spacer battle-history"><br></div><div class="battle-history">Go! <strong>Mawile</strong>!<br></div><div class="spacer battle-history"><br></div><div class="battle-history">RawMelon sent out <strong>Mr. Mime</strong>!<br></div><div class="battle-history"><small>[Mawile's Intimidate]</small><br></div><div class="battle-history"><small>The opposing Mr. Mime's Attack fell!</small><br></div><div class="spacer battle-history"><br></div><h2 class="battle-history">Turn 1</h2><div class="spacer battle-history"><br></div><div class="battle-history">The opposing Mr. Mime used <strong>Trick</strong>!<br></div><div class="battle-history"><small>The opposing Mr. Mime switched items with its target!</small><br></div><div class="battle-history"><small>Mawile obtained one Choice Scarf.</small><br></div><div class="battle-history"><small>The opposing Mr. Mime obtained one Leftovers.</small><br></div><div class="spacer battle-history"><br></div><div class="battle-history">Mawile used <strong>Knock Off</strong>!<br></div><div class="battle-history"><small>(The opposing Mr. Mime lost <abbr title="−100/221">45.2%</abbr> of its health!)</small><br></div><div class="battle-history"><small>Mawile knocked off the opposing Mr. Mime's Leftovers!</small><br></div><div class="spacer battle-history"><br></div><h2 class="battle-history">Turn 2</h2><div class="chat"><small>Savanna Wolf joined.</small></div><div class="chat chatmessage-kay"><strong style="color:hsl(255,66%,56.8105735479296%)"><small>☆</small><span class="username" data-name="kay">kay</span>:</strong> <em>I'm doding</em></div><div class="chat chatmessage-kay"><strong style="color:hsl(255,66%,56.8105735479296%)"><small>☆</small><span class="username" data-name="kay">kay</span>:</strong> <em>dodging*</em></div><div class="chat chatmessage-rawmelon"><strong style="color:hsl(223,45%,54.735457078935404%)"><small>☆</small><span class="username" data-name="RawMelon">RawMelon</span>:</strong> <em>ur going to chinchou</em></div><div class="spacer battle-history"><br></div><div class="battle-history">RawMelon withdrew Mr. Mime!<br></div><div class="battle-history">RawMelon sent out <strong>Monferno</strong>!<br></div><div class="spacer battle-history"><br></div><div class="battle-history">Mawile used <strong>Knock Off</strong>!<br></div><div class="battle-history"><small>It's not very effective...</small><br></div><div class="battle-history"><small>(The opposing Monferno lost <abbr title="−39/269">14.5%</abbr> of its health!)</small><br></div><div class="battle-history"><small>Mawile knocked off the opposing Monferno's Eviolite!</small><br></div><div class="spacer battle-history"><br></div><h2 class="battle-history">Turn 3</h2><div class="chat"><small>TempestTurn joined.</small></div><div class="spacer battle-history"><br></div><div class="battle-history">RawMelon withdrew Monferno!<br></div><div class="battle-history">RawMelon sent out <strong>Mr. Mime</strong>!<br></div><div class="spacer battle-history"><br></div><div class="battle-history">Mawile, come back!<br></div><div class="battle-history">Go! <strong>Altaria</strong>!<br></div><div class="spacer battle-history"><br></div><h2 class="battle-history">Turn 4</h2><div class="chat"><small>UberSkitty joined.</small></div><div class="spacer battle-history"><br></div><div class="battle-history">Altaria, come back!<br></div><div class="battle-history">Go! <strong>Pawniard</strong>!<br></div><div class="spacer battle-history"><br></div><div class="battle-history">The opposing Mr. Mime used <strong>Dazzling Gleam</strong>!<br></div><div class="battle-history"><small>(Pawniard lost <abbr title="−163/231">70.6%</abbr> of its health!)</small><br></div><div class="spacer battle-history"><br></div><h2 class="battle-history">Turn 5</h2><div class="chat chatmessage-kay"><strong style="color:hsl(255,66%,56.8105735479296%)"><small>☆</small><span class="username" data-name="kay">kay</span>:</strong> <em>50/50</em></div><div class="spacer battle-history"><br></div><div class="battle-history"><small>(The opposing Mr. Mime is being withdrawn...)</small><br></div><div class="spacer battle-history"><br></div><div class="battle-history">Pawniard used <strong>Pursuit</strong>!<br></div><div class="battle-history"><small>(The opposing Mr. Mime lost <abbr title="−121/221">54.8%</abbr> of its health!)</small><br></div><div class="spacer battle-history"><br></div><div class="battle-history">The opposing Mr. Mime fainted!<br></div><div class="chat chatmessage-kay"><strong style="color:hsl(255,66%,56.8105735479296%)"><small>☆</small><span class="username" data-name="kay">kay</span>:</strong> <em>wew</em></div><div class="spacer battle-history"><br></div><div class="battle-history">RawMelon sent out <strong>Monferno</strong>!<br></div><div class="spacer battle-history"><br></div><h2 class="battle-history">Turn 6</h2><div class="chat"><small>Slowbroth joined.</small></div><div class="spacer battle-history"><br></div><div class="battle-history">Pawniard, come back!<br></div><div class="battle-history">Go! <strong>Altaria</strong>!<br></div><div class="spacer battle-history"><br></div><div class="battle-history">The opposing Monferno used <strong>Close Combat</strong>!<br></div><div class="battle-history"><small>It's not very effective...</small><br></div><div class="battle-history"><small>(Altaria lost <abbr title="−83/354">23.4%</abbr> of its health!)</small><br></div><div class="battle-history"><small>The opposing Monferno's Defense fell!</small><br></div><div class="battle-history"><small>The opposing Monferno's Special Defense fell!</small><br></div><div class="spacer battle-history"><br></div><div class="battle-history"><small>Altaria restored a little HP using its Leftovers!</small><br></div><div class="spacer battle-history"><br></div><h2 class="battle-history">Turn 7</h2><div class="spacer battle-history"><br></div><div class="battle-history">Altaria, come back!<br></div><div class="battle-history">Go! <strong>Pawniard</strong>!<br></div><div class="spacer battle-history"><br></div><div class="battle-history">The opposing Monferno used <strong>Swords Dance</strong>!<br></div><div class="battle-history"><small>The opposing Monferno's Attack rose sharply!</small><br></div><div class="spacer battle-history"><br></div><h2 class="battle-history">Turn 8</h2><div class="chat chatmessage-kay"><strong style="color:hsl(255,66%,56.8105735479296%)"><small>☆</small><span class="username" data-name="kay">kay</span>:</strong> <em>o-oh</em></div><div class="spacer battle-history"><br></div><div class="battle-history">The opposing Monferno used <strong>Mach Punch</strong>!<br></div><div class="battle-history"><small>It's super effective!</small><br></div><div class="battle-history"><small>(Pawniard lost <abbr title="−68/231">29.4%</abbr> of its health!)</small><br></div><div class="spacer battle-history"><br></div><div class="battle-history">Pawniard fainted!<br></div><div class="spacer battle-history"><br></div><div class="battle-history">Go! <strong>Vibrava</strong>!<br></div><div class="spacer battle-history"><br></div><h2 class="battle-history">Turn 9</h2><div class="spacer battle-history"><br></div><div class="battle-history">RawMelon withdrew Monferno!<br></div><div class="battle-history">RawMelon sent out <strong>Swanna</strong>!<br></div><div class="spacer battle-history"><br></div><div class="battle-history">Vibrava used <strong>Earthquake</strong>!<br></div><div class="battle-history"><small>It doesn't affect the opposing Swanna...</small><br></div><div class="spacer battle-history"><br></div><h2 class="battle-history">Turn 10</h2><div class="spacer battle-history"><br></div><div class="battle-history">Vibrava, come back!<br></div><div class="battle-history">Go! <strong>Chinchou</strong>!<br></div><div class="spacer battle-history"><br></div><div class="battle-history">The opposing Swanna used <strong>Scald</strong>!<br></div><div class="battle-history"><small>It's not very effective...</small><br></div><div class="battle-history"><small>(Chinchou lost <abbr title="−44/354">12.4%</abbr> of its health!)</small><br></div><div class="battle-history"><small>Chinchou was burned!</small><br></div><div class="spacer battle-history"><br></div><div class="battle-history"><small>Chinchou was hurt by its burn!</small><br></div><div class="spacer battle-history"><br></div><h2 class="battle-history">Turn 11</h2><div class="spacer battle-history"><br></div><div class="battle-history">The opposing Swanna used <strong>Substitute</strong>!<br></div><div class="battle-history"><small>The opposing Swanna put in a substitute!</small><br></div><div class="battle-history"><small>(The opposing Swanna lost <abbr title="−72/291">24.7%</abbr> of its health!)</small><br></div><div class="spacer battle-history"><br></div><div class="battle-history">Chinchou used <strong>Volt Switch</strong>!<br></div><div class="battle-history"><small>It's super effective!</small><br></div><div class="battle-history"><small>The opposing Swanna's substitute faded!</small><br></div><div class="chat chatmessage-kay"><strong style="color:hsl(255,66%,56.8105735479296%)"><small>☆</small><span class="username" data-name="kay">kay</span>:</strong> <em>hm</em></div><div class="chat chatmessage-kay"><strong style="color:hsl(255,66%,56.8105735479296%)"><small>☆</small><span class="username" data-name="kay">kay</span>:</strong> <em>this is an issue</em></div><div class="chat"><small>TempestTurn left.</small></div><div class="spacer battle-history"><br></div><div class="battle-history">Chinchou went back to kay!<br></div><div class="battle-history">Go! <strong>Mawile</strong>!<br></div><div class="battle-history"><small>[Mawile's Intimidate]</small><br></div><div class="battle-history"><small>The opposing Swanna's Attack fell!</small><br></div><div class="spacer battle-history"><br></div><h2 class="battle-history">Turn 12</h2><div class="spacer battle-history"><br></div><div class="battle-history">The opposing Swanna used <strong>Scald</strong>!<br></div><div class="battle-history"><small>(Mawile lost <abbr title="−160/304">52.6%</abbr> of its health!)</small><br></div><div class="battle-history"><small>Mawile was burned!</small><br></div><div class="spacer battle-history"><br></div><div class="battle-history">Mawile used <strong>Play Rough</strong>!<br></div><div class="battle-history"><small>(The opposing Swanna lost <abbr title="−69/291">23.7%</abbr> of its health!)</small><br></div><div class="spacer battle-history"><br></div><div class="battle-history"><small>Mawile was hurt by its burn!</small><br></div><div class="spacer battle-history"><br></div><h2 class="battle-history">Turn 13</h2><div class="chat chatmessage-kay"><strong style="color:hsl(255,66%,56.8105735479296%)"><small>☆</small><span class="username" data-name="kay">kay</span>:</strong> <em>f</em></div><div class="spacer battle-history"><br></div><div class="battle-history">The opposing Swanna used <strong>Substitute</strong>!<br></div><div class="battle-history"><small>The opposing Swanna put in a substitute!</small><br></div><div class="battle-history"><small>(The opposing Swanna lost <abbr title="−72/291">24.7%</abbr> of its health!)</small><br></div><div class="spacer battle-history"><br></div><div class="battle-history">Mawile used <strong>Play Rough</strong>!<br></div><div class="battle-history"><small>The opposing Swanna's substitute faded!</small><br></div><div class="spacer battle-history"><br></div><div class="battle-history"><small>Mawile was hurt by its burn!</small><br></div><div class="spacer battle-history"><br></div><h2 class="battle-history">Turn 14</h2><div class="spacer battle-history"><br></div><div class="battle-history">Mawile, come back!<br></div><div class="battle-history">Go! <strong>Chinchou</strong>!<br></div><div class="spacer battle-history"><br></div><div class="battle-history">The opposing Swanna used <strong>Substitute</strong>!<br></div><div class="battle-history"><small>The opposing Swanna put in a substitute!</small><br></div><div class="battle-history"><small>(The opposing Swanna lost <abbr title="−72/291">24.7%</abbr> of its health!)</small><br></div><div class="battle-history"><small>The opposing Swanna ate its Salac Berry!</small><br></div><div class="battle-history"><small>The opposing Swanna's Speed rose!</small><br></div><div class="spacer battle-history"><br></div><div class="battle-history"><small>Chinchou was hurt by its burn!</small><br></div><div class="spacer battle-history"><br></div><h2 class="battle-history">Turn 15</h2><div class="spacer battle-history"><br></div><div class="battle-history">The opposing Swanna used <strong>Endeavor</strong>!<br></div><div class="battle-history"><small>(Chinchou lost <abbr title="−216/354">61.0%</abbr> of its health!)</small><br></div><div class="spacer battle-history"><br></div><div class="battle-history">Chinchou used <strong>Volt Switch</strong>!<br></div><div class="battle-history"><small>It's super effective!</small><br></div><div class="battle-history"><small>The opposing Swanna's substitute faded!</small><br></div><div class="chat chatmessage-kay"><strong style="color:hsl(255,66%,56.8105735479296%)"><small>☆</small><span class="username" data-name="kay">kay</span>:</strong> <em>oh</em></div><div class="chat chatmessage-kay"><strong style="color:hsl(255,66%,56.8105735479296%)"><small>☆</small><span class="username" data-name="kay">kay</span>:</strong> <em>neat</em></div><div class="spacer battle-history"><br></div><div class="battle-history">Chinchou went back to kay!<br></div><div class="battle-history">Go! <strong>Mawile</strong>!<br></div><div class="battle-history"><small>[Mawile's Intimidate]</small><br></div><div class="battle-history"><small>The opposing Swanna's Attack fell!</small><br></div><div class="spacer battle-history"><br></div><div class="battle-history"><small>Mawile was hurt by its burn!</small><br></div><div class="spacer battle-history"><br></div><h2 class="battle-history">Turn 16</h2><div class="spacer battle-history"><br></div><div class="battle-history">The opposing Swanna used <strong>Scald</strong>!<br></div><div class="battle-history"><small>(Mawile lost <abbr title="−30/304">9.9%</abbr> of its health!)</small><br></div><div class="spacer battle-history"><br></div><div class="battle-history">Mawile fainted!<br></div><div class="chat chatmessage-slowbroth"><strong style="color:hsl(317,62%,48.816815154816716%)"><small>@</small><span class="username" data-name="Slowbroth">Slowbroth</span>:</strong> <em>sub endeavor</em></div><div class="chat chatmessage-slowbroth"><strong style="color:hsl(317,62%,48.816815154816716%)"><small>@</small><span class="username" data-name="Slowbroth">Slowbroth</span>:</strong> <em>what a lord</em></div><div class="spacer battle-history"><br></div><div class="battle-history">Go! <strong>Vibrava</strong>!<br></div><div class="spacer battle-history"><br></div><h2 class="battle-history">Turn 17</h2><div class="spacer battle-history"><br></div><div class="battle-history">The opposing Swanna used <strong>Endeavor</strong>!<br></div><div class="battle-history"><small>(Vibrava lost <abbr title="−298/304">98.0%</abbr> of its health!)</small><br></div><div class="spacer battle-history"><br></div><div class="battle-history">Vibrava used <strong>U-turn</strong>!<br></div><div class="battle-history"><small>It's not very effective...</small><br></div><div class="battle-history"><small>(The opposing Swanna lost <abbr title="−6/291">2.1%</abbr> of its health!)</small><br></div><div class="spacer battle-history"><br></div><div class="battle-history">The opposing Swanna fainted!<br></div><div class="spacer battle-history"><br></div><div class="battle-history">Vibrava went back to kay!<br></div><div class="battle-history">Go! <strong>Chinchou</strong>!<br></div><div class="spacer battle-history"><br></div><div class="battle-history"><small>Chinchou was hurt by its burn!</small><br></div><div class="spacer battle-history"><br></div><div class="battle-history">Chinchou fainted!<br></div><div class="spacer battle-history"><br></div><div class="battle-history">RawMelon sent out Rotom (<strong>Rotom-Frost</strong>)!<br></div><div class="spacer battle-history"><br></div><div class="battle-history">Go! <strong>Vibrava</strong>!<br></div><div class="spacer battle-history"><br></div><h2 class="battle-history">Turn 18</h2><div class="spacer battle-history"><br></div><div class="battle-history">The opposing Rotom used <strong>Substitute</strong>!<br></div><div class="battle-history"><small>The opposing Rotom put in a substitute!</small><br></div><div class="battle-history"><small>(The opposing Rotom lost <abbr title="−60/241">24.9%</abbr> of its health!)</small><br></div><div class="spacer battle-history"><br></div><div class="battle-history">Vibrava used <strong>U-turn</strong>!<br></div><div class="battle-history"><small>The substitute took damage for the opposing Rotom!</small><br></div><div class="chat chatmessage-kay"><strong style="color:hsl(255,66%,56.8105735479296%)"><small>☆</small><span class="username" data-name="kay">kay</span>:</strong> <em>o dog</em></div><div class="chat chatmessage-kay"><strong style="color:hsl(255,66%,56.8105735479296%)"><small>☆</small><span class="username" data-name="kay">kay</span>:</strong> <em>stop with the subs</em></div><div class="spacer battle-history"><br></div><div class="battle-history">Vibrava went back to kay!<br></div><div class="battle-history">Go! <strong>Altaria</strong>!<br></div><div class="spacer battle-history"><br></div><div class="battle-history"><small>Altaria restored a little HP using its Leftovers!</small><br></div><div class="spacer battle-history"><br></div><h2 class="battle-history">Turn 19</h2><div class="chat chatmessage-rawmelon"><strong style="color:hsl(223,45%,54.735457078935404%)"><small>☆</small><span class="username" data-name="RawMelon">RawMelon</span>:</strong> <em>lol</em></div><div class="chat chatmessage-kay"><strong style="color:hsl(255,66%,56.8105735479296%)"><small>☆</small><span class="username" data-name="kay">kay</span>:</strong> <em>god*</em></div><div class="spacer battle-history"><br></div><div class="battle-history">The opposing Rotom used <strong>Blizzard</strong>!<br></div><div class="battle-history"><small>Altaria avoided the attack!</small><br></div><div class="spacer battle-history"><br></div><div class="battle-history">Altaria used <strong>Flamethrower</strong>!<br></div><div class="battle-history"><small>It's super effective!</small><br></div><div class="battle-history"><small>The opposing Rotom's substitute faded!</small><br></div><div class="spacer battle-history"><br></div><div class="battle-history"><small>Altaria restored a little HP using its Leftovers!</small><br></div><div class="spacer battle-history"><br></div><h2 class="battle-history">Turn 20</h2><div class="spacer battle-history"><br></div><div class="battle-history">Altaria, come back!<br></div><div class="battle-history">Go! <strong>Vibrava</strong>!<br></div><div class="spacer battle-history"><br></div><div class="battle-history">The opposing Rotom used <strong>Blizzard</strong>!<br></div><div class="battle-history"><small>Vibrava avoided the attack!</small><br></div><div class="spacer battle-history"><br></div><h2 class="battle-history">Turn 21</h2><div class="chat chatmessage-uberskitty"><strong style="color:hsl(74,64%,33%)"><small> </small><span class="username" data-name="UberSkitty">UberSkitty</span>:</strong> <em>dont tell me this get endevor too</em></div><div class="chat chatmessage-kay"><strong style="color:hsl(255,66%,56.8105735479296%)"><small>☆</small><span class="username" data-name="kay">kay</span>:</strong> <em>fuuuu</em></div><div class="chat chatmessage-kay"><strong style="color:hsl(255,66%,56.8105735479296%)"><small>☆</small><span class="username" data-name="kay">kay</span>:</strong> <em>the one time I need you to hit</em></div><div class="chat chatmessage-rawmelon"><strong style="color:hsl(223,45%,54.735457078935404%)"><small>☆</small><span class="username" data-name="RawMelon">RawMelon</span>:</strong> <em>lol</em></div><div class="spacer battle-history"><br></div><div class="battle-history">The opposing Rotom used <strong>Substitute</strong>!<br></div><div class="battle-history"><small>The opposing Rotom put in a substitute!</small><br></div><div class="battle-history"><small>(The opposing Rotom lost <abbr title="−60/241">24.9%</abbr> of its health!)</small><br></div><div class="spacer battle-history"><br></div><div class="battle-history">Vibrava used <strong>U-turn</strong>!<br></div><div class="battle-history"><small>The substitute took damage for the opposing Rotom!</small><br></div><div class="spacer battle-history"><br></div><div class="battle-history">Vibrava went back to kay!<br></div><div class="battle-history">Go! <strong>Altaria</strong>!<br></div><div class="spacer battle-history"><br></div><div class="battle-history"><small>Altaria restored a little HP using its Leftovers!</small><br></div><div class="spacer battle-history"><br></div><h2 class="battle-history">Turn 22</h2><div class="chat chatmessage-kay"><strong style="color:hsl(255,66%,56.8105735479296%)"><small>☆</small><span class="username" data-name="kay">kay</span>:</strong> <em>miss</em></div><div class="chat chatmessage-uberskitty"><strong style="color:hsl(74,64%,33%)"><small> </small><span class="username" data-name="UberSkitty">UberSkitty</span>:</strong> <em>hit</em></div><div class="spacer battle-history"><br></div><div class="battle-history">The opposing Rotom used <strong>Blizzard</strong>!<br></div><div class="battle-history"><small>It's super effective!</small><br></div><div class="battle-history"><small>(Altaria lost <abbr title="−354/354">100%</abbr> of its health!)</small><br></div><div class="battle-history"><small>The opposing Rotom lost some of its HP!</small><br></div><div class="spacer battle-history"><br></div><div class="battle-history">Altaria fainted!<br></div><div class="spacer battle-history"><br></div><div class="battle-history">Go! <strong>Meganium</strong>!<br></div><div class="spacer battle-history"><br></div><h2 class="battle-history">Turn 23</h2><div class="chat chatmessage-slowbroth"><strong style="color:hsl(317,62%,48.816815154816716%)"><small>@</small><span class="username" data-name="Slowbroth">Slowbroth</span>:</strong> <em>not over yet</em></div><div class="spacer battle-history"><br></div><div class="battle-history">The opposing Rotom used <strong>Blizzard</strong>!<br></div><div class="battle-history"><small>It's super effective!</small><br></div><div class="battle-history"><small>Meganium ate its Yache Berry!</small><br></div><div class="battle-history"><small>The Yache Berry weakened the damage to Meganium!</small><br></div><div class="battle-history"><small>(Meganium lost <abbr title="−222/301">73.8%</abbr> of its health!)</small><br></div><div class="battle-history"><small>The opposing Rotom lost some of its HP!</small><br></div><div class="spacer battle-history"><br></div><div class="battle-history">Meganium used <strong>Return</strong>!<br></div><div class="battle-history"><small>The opposing Rotom's substitute faded!</small><br></div><div class="spacer battle-history"><br></div><h2 class="battle-history">Turn 24</h2><div class="chat chatmessage-kay"><strong style="color:hsl(255,66%,56.8105735479296%)"><small>☆</small><span class="username" data-name="kay">kay</span>:</strong> <em>miss</em></div><div class="spacer battle-history"><br></div><div class="battle-history">The opposing Rotom used <strong>Thunderbolt</strong>!<br></div><div class="battle-history"><small>It's not very effective...</small><br></div><div class="battle-history"><small>(Meganium lost <abbr title="−79/301">26.2%</abbr> of its health!)</small><br></div><div class="battle-history"><small>The opposing Rotom lost some of its HP!</small><br></div><div class="spacer battle-history"><br></div><div class="battle-history">Meganium fainted!<br></div><div class="chat chatmessage-kay"><strong style="color:hsl(255,66%,56.8105735479296%)"><small>☆</small><span class="username" data-name="kay">kay</span>:</strong> <em>g_g</em></div><div class="spacer battle-history"><br></div><div class="battle-history">Go! <strong>Vibrava</strong>!<br></div><div class="spacer battle-history"><br></div><h2 class="battle-history">Turn 25</h2><div class="chat chatmessage-rawmelon"><strong style="color:hsl(223,45%,54.735457078935404%)"><small>☆</small><span class="username" data-name="RawMelon">RawMelon</span>:</strong> <em>gg bud</em></div><div class="spacer battle-history"><br></div><div class="battle-history">The opposing Rotom used <strong>Blizzard</strong>!<br></div><div class="battle-history"><small>It's super effective!</small><br></div><div class="battle-history"><small>(Vibrava lost <abbr title="−6/304">2.0%</abbr> of its health!)</small><br></div><div class="battle-history"><small>The opposing Rotom lost some of its HP!</small><br></div><div class="spacer battle-history"><br></div><div class="battle-history">Vibrava fainted!<br></div><div class="spacer battle-history"><br></div><div class="battle-history"><strong>RawMelon</strong> won the battle!<br></div><div class="chat chatmessage-uberskitty"><strong style="color:hsl(74,64%,33%)"><small> </small><span class="username" data-name="UberSkitty">UberSkitty</span>:</strong> <em>miss\</em></div><div class="chat"><small>Slowbroth left.</small></div><div class="chat"><small>UberSkitty left.</small></div></div><div class="inner-preempt"></div></div></div>
</div>
<script>
let daily = Math.floor(Date.now()/1000/60/60/24);document.write('<script src="https://play.pokemonshowdown.com/js/replay-embed.js?version'+daily+'"></'+'script>');
</script>
