<!DOCTYPE html>
<meta charset="utf-8" />
<!-- version 1 -->
<title>PU replay: MaceMaster vs. Piuma de Bourbon</title>
<style>
html,body {font-family:Verdana, sans-serif;font-size:10pt;margin:0;padding:0;}body{padding:12px 0;} .battle-log {font-family:Verdana, sans-serif;font-size:10pt;} .battle-log-inline {border:1px solid #AAAAAA;background:#EEF2F5;color:black;max-width:640px;margin:0 auto 80px;padding-bottom:5px;} .battle-log .inner {padding:4px 8px 0px 8px;} .battle-log .inner-preempt {padding:0 8px 4px 8px;} .battle-log .inner-after {margin-top:0.5em;} .battle-log h2 {margin:0.5em -8px;padding:4px 8px;border:1px solid #AAAAAA;background:#E0E7EA;border-left:0;border-right:0;font-family:Verdana, sans-serif;font-size:13pt;} .battle-log .chat {vertical-align:middle;padding:3px 0 3px 0;font-size:8pt;} .battle-log .chat strong {color:#40576A;} .battle-log .chat em {padding:1px 4px 1px 3px;color:#000000;font-style:normal;} .chat.mine {background:rgba(0,0,0,0.05);margin-left:-8px;margin-right:-8px;padding-left:8px;padding-right:8px;} .spoiler {color:#BBBBBB;background:#BBBBBB;padding:0px 3px;} .spoiler:hover, .spoiler:active, .spoiler-shown {color:#000000;background:#E2E2E2;padding:0px 3px;} .spoiler a {color:#BBBBBB;} .spoiler:hover a, .spoiler:active a, .spoiler-shown a {color:#2288CC;} .chat code, .chat .spoiler:hover code, .chat .spoiler:active code, .chat .spoiler-shown code {border:1px solid #C0C0C0;background:#EEEEEE;color:black;padding:0 2px;} .chat .spoiler code {border:1px solid #CCCCCC;background:#CCCCCC;color:#CCCCCC;} .battle-log .rated {padding:3px 4px;} .battle-log .rated strong {color:white;background:#89A;padding:1px 4px;border-radius:4px;} .spacer {margin-top:0.5em;} .message-announce {background:#6688AA;color:white;padding:1px 4px 2px;} .message-announce a, .broadcast-green a, .broadcast-blue a, .broadcast-red a {color:#DDEEFF;} .broadcast-green {background-color:#559955;color:white;padding:2px 4px;} .broadcast-blue {background-color:#6688AA;color:white;padding:2px 4px;} .infobox {border:1px solid #6688AA;padding:2px 4px;} .infobox-limited {max-height:200px;overflow:auto;overflow-x:hidden;} .broadcast-red {background-color:#AA5544;color:white;padding:2px 4px;} .message-learn-canlearn {font-weight:bold;color:#228822;text-decoration:underline;} .message-learn-cannotlearn {font-weight:bold;color:#CC2222;text-decoration:underline;} .message-effect-weak {font-weight:bold;color:#CC2222;} .message-effect-resist {font-weight:bold;color:#6688AA;} .message-effect-immune {font-weight:bold;color:#666666;} .message-learn-list {margin-top:0;margin-bottom:0;} .message-throttle-notice, .message-error {color:#992222;} .message-overflow, .chat small.message-overflow {font-size:0pt;} .message-overflow::before {font-size:9pt;content:'...';} .subtle {color:#3A4A66;}
</style>
<div class="wrapper replay-wrapper" style="max-width:1180px;margin:0 auto">
<input type="hidden" name="replayid" value="pu-590728663" />
<div class="battle"></div><div class="battle-log"></div><div class="replay-controls"></div><div class="replay-controls-2"></div>
<h1 style="font-weight:normal;text-align:center"><strong>PU</strong><br /><a href="http://pokemonshowdown.com/users/macemaster" class="subtle" target="_blank">MaceMaster</a> vs. <a href="http://pokemonshowdown.com/users/piumadebourbon" class="subtle" target="_blank">Piuma de Bourbon</a></h1>
<script type="text/plain" class="battle-log-data">|j|MaceMaster
|j|Piuma de Bourbon
|player|p1|MaceMaster|274
|teamsize|p1|6
|player|p2|Piuma de Bourbon|249
|teamsize|p2|6
|gametype|singles
|gen|6
|tier|PU
|seed|11603,13584,51424,43601
|rule|Sleep Clause Mod: Limit one foe put to sleep
|rule|Species Clause: Limit one of each Pokémon
|rule|OHKO Clause: OHKO moves are banned
|rule|Moody Clause: Moody is banned
|rule|Evasion Moves Clause: Evasion moves are banned
|rule|Endless Battle Clause: Forcing endless battles is banned
|rule|HP Percentage Mod: HP is shown in percentages
|clearpoke
|poke|p1|Sawsbuck-Autumn, F|item
|poke|p1|Murkrow, F|item
|poke|p1|Mawile, F|item
|poke|p1|Rampardos, F|item
|poke|p1|Drifblim, F|item
|poke|p1|Floatzel, M|item
|poke|p2|Swalot, M|item
|poke|p2|Avalugg, M|item
|poke|p2|Sliggoo, F|item
|poke|p2|Zebstrika, M|item
|poke|p2|Floatzel, M|item
|poke|p2|Audino, F|item
|rule|Swagger Clause: Swagger is banned
|rule|Baton Pass Clause: Limit one Baton Passer, can't pass Spe and other stats simultaneously
|teampreview
|j|Stats Bot
|l|Stats Bot
|c|☆MaceMaster|glhf
|c|☆Piuma de Bourbon|You too :)
|choice|team 1, team 2, team 3, team 4, team 5, team 6|team 4, team 2, team 3, team 1, team 5, team 6
|
|start
|switch|p1a: Cringy|Sawsbuck-Autumn, F|364\/364
|switch|p2a: Defeat|Zebstrika, M|291\/291
|turn|1
|choice|switch 4|move overheat
|
|switch|p1a: Stall?|Rampardos, F|335\/335
|move|p2a: Defeat|Overheat|p1a: Stall?
|-resisted|p1a: Stall?
|-damage|p1a: Stall?|189\/335
|-unboost|p2a: Defeat|spa|2
|
|upkeep
|turn|2
|choice|move rockslide|switch 5
|
|switch|p2a: Death|Floatzel, M|341\/341
|move|p1a: Stall?|Rock Slide|p2a: Death
|-damage|p2a: Death|0 fnt
|faint|p2a: Death
|
|upkeep
|choice||switch 5
|
|switch|p2a: Defeat|Zebstrika, M|291\/291
|turn|3
|choice|switch 4|move voltswitch
|
|switch|p1a: Cringy|Sawsbuck-Autumn, F|364\/364
|move|p2a: Defeat|Volt Switch|p1a: Cringy
|-resisted|p1a: Cringy
|-damage|p1a: Cringy|271\/364
|choice||switch 2
|
|switch|p2a: Destruction|Avalugg, M|393\/393
|
|upkeep
|turn|4
|choice|move leechseed|move avalanche
|
|move|p1a: Cringy|Leech Seed|p2a: Destruction
|-start|p2a: Destruction|move: Leech Seed
|move|p2a: Destruction|Avalanche|p1a: Cringy
|-supereffective|p1a: Cringy
|-crit|p1a: Cringy
|-damage|p1a: Cringy|0 fnt
|faint|p1a: Cringy
|
|upkeep
|choice|switch 5|
|
|switch|p1a: Drifblim|Drifblim, F|441\/441
|turn|5
|choice|move willowisp|switch 6
|
|switch|p2a: Desire|Audino, F|409\/409
|move|p1a: Drifblim|Will-O-Wisp|p2a: Desire|[miss]
|-miss|p1a: Drifblim|p2a: Desire
|
|upkeep
|turn|6
|j|Lory088
|choice|move willowisp|move knockoff
|
|move|p1a: Drifblim|Will-O-Wisp|p2a: Desire
|-status|p2a: Desire|brn
|move|p2a: Desire|Knock Off|p1a: Drifblim
|-supereffective|p1a: Drifblim
|-damage|p1a: Drifblim|365\/441
|-enditem|p1a: Drifblim|Weakness Policy
|-boost|p1a: Drifblim|atk|2
|-boost|p1a: Drifblim|spa|2
|
|-damage|p2a: Desire|358\/409 brn|[from] brn
|upkeep
|turn|7
|choice|move acrobatics|switch 6
|
|switch|p2a: Destruction|Avalugg, M|393\/393
|move|p1a: Drifblim|Acrobatics|p2a: Destruction
|-damage|p2a: Destruction|254\/393
|-damage|p1a: Drifblim|292\/441|[from] item: Rocky Helmet|[of] p2a: Destruction
|
|upkeep
|turn|8
|l|Lory088
|choice|move hex|move avalanche
|
|move|p1a: Drifblim|Hex|p2a: Destruction
|-damage|p2a: Destruction|11\/393
|move|p2a: Destruction|Avalanche|p1a: Drifblim
|-supereffective|p1a: Drifblim
|-damage|p1a: Drifblim|0 fnt
|faint|p1a: Drifblim
|
|upkeep
|j|theultimategamer95
|l|theultimategamer95
|choice|switch 2|
|
|switch|p1a: Murkrow|Murkrow, F|261\/261
|turn|9
|choice|move darkpulse|switch 6
|
|switch|p2a: Desire|Audino, F|409\/409 brn
|move|p1a: Murkrow|Dark Pulse|p2a: Desire
|-damage|p2a: Desire|280\/409 brn
|-damage|p1a: Murkrow|235\/261|[from] item: Life Orb
|
|-damage|p2a: Desire|229\/409 brn|[from] brn
|upkeep
|turn|10
|choice|move bravebird|move wish
|
|move|p1a: Murkrow|Brave Bird|p2a: Desire
|-damage|p2a: Desire|57\/409 brn
|-damage|p1a: Murkrow|178\/261|[from] Recoil|[of] p2a: Desire
|-damage|p1a: Murkrow|152\/261|[from] item: Life Orb
|move|p2a: Desire|Wish|p2a: Desire
|
|-damage|p2a: Desire|6\/409 brn|[from] brn
|upkeep
|turn|11
|choice|move darkpulse|switch 4
|
|switch|p2a: Delusion|Swalot, M|403\/403
|move|p1a: Murkrow|Dark Pulse|p2a: Delusion
|-damage|p2a: Delusion|277\/403
|-damage|p1a: Murkrow|126\/261|[from] item: Life Orb
|
|-heal|p2a: Delusion|403\/403|[from] move: Wish|[wisher] Desire
|upkeep
|turn|12
|choice|switch 3|move substitute
|
|switch|p1a: Jaws|Mawile, F|304\/304
|-ability|p1a: Jaws|Intimidate|boost
|-unboost|p2a: Delusion|atk|1
|move|p2a: Delusion|Substitute|p2a: Delusion
|-start|p2a: Delusion|Substitute
|-damage|p2a: Delusion|303\/403
|
|upkeep
|turn|13
|choice|move stealthrock|move gigadrain
|
|move|p2a: Delusion|Giga Drain|p1a: Jaws
|-resisted|p1a: Jaws
|-damage|p1a: Jaws|252\/304
|-heal|p2a: Delusion|329\/403|[from] drain|[of] p1a: Jaws
|move|p1a: Jaws|Stealth Rock|p2a: Delusion
|-sidestart|p2: Piuma de Bourbon|move: Stealth Rock
|
|-heal|p1a: Jaws|271\/304|[from] item: Leftovers
|upkeep
|turn|14
|j|ABkiller
|c| ABkiller|swalot for ubers
|choice|move knockoff|switch 2
|
|switch|p2a: Defeat|Zebstrika, M|291\/291
|-damage|p2a: Defeat|255\/291|[from] Stealth Rock
|move|p1a: Jaws|Knock Off|p2a: Defeat
|-damage|p2a: Defeat|155\/291
|-enditem|p2a: Defeat|Choice Specs|[from] move: Knock Off|[of] p1a: Jaws
|
|-heal|p1a: Jaws|290\/304|[from] item: Leftovers
|upkeep
|turn|15
|l|ABkiller
|choice|move knockoff|move overheat
|
|move|p2a: Defeat|Overheat|p1a: Jaws
|-supereffective|p1a: Jaws
|-damage|p1a: Jaws|0 fnt
|-unboost|p2a: Defeat|spa|2
|faint|p1a: Jaws
|
|upkeep
|choice|switch 4|
|
|switch|p1a: Stall?|Rampardos, F|189\/335
|turn|16
|choice|move pursuit|move voltswitch
|
|move|p2a: Defeat|Volt Switch|p1a: Stall?
|-damage|p1a: Stall?|104\/335
|choice||switch 6
|
|-activate|p2a: Defeat|move: Pursuit
|move|p1a: Stall?|Pursuit|p2a: Defeat|[from]Pursuit
|-damage|p2a: Defeat|0 fnt
|faint|p2a: Defeat
|
|upkeep
|choice||switch 2
|
|switch|p2a: Delusion|Swalot, M|329\/403
|-damage|p2a: Delusion|279\/403|[from] Stealth Rock
|turn|17
|choice|switch 3|move gigadrain
|
|switch|p1a: Murkrow|Murkrow, F|126\/261
|move|p2a: Delusion|Giga Drain|p1a: Murkrow
|-resisted|p1a: Murkrow
|-damage|p1a: Murkrow|50\/261
|-heal|p2a: Delusion|317\/403|[from] drain|[of] p1a: Murkrow
|
|upkeep
|turn|18
|choice|move bravebird|move gigadrain
|
|move|p1a: Murkrow|Brave Bird|p2a: Delusion
|-damage|p2a: Delusion|62\/403
|-damage|p1a: Murkrow|0 fnt|[from] Recoil|[of] p2a: Delusion
|-enditem|p2a: Delusion|Petaya Berry|[eat]
|-boost|p2a: Delusion|spa|1
|faint|p1a: Murkrow
|move|p2a: Delusion|Giga Drain|p1: Murkrow|[notarget]
|-notarget
|
|upkeep
|choice|switch 3|
|
|switch|p1a: Stall?|Rampardos, F|104\/335
|turn|19
|choice|move rockslide|move gigadrain
|
|move|p1a: Stall?|Rock Slide|p2a: Delusion
|-damage|p2a: Delusion|0 fnt
|faint|p2a: Delusion
|
|upkeep
|choice||switch 3
|
|switch|p2a: Depression|Sliggoo, F|339\/339
|-damage|p2a: Depression|297\/339|[from] Stealth Rock
|turn|20
|choice|move rockslide|move curse
|
|move|p1a: Stall?|Rock Slide|p2a: Depression
|-damage|p2a: Depression|0 fnt
|faint|p2a: Depression
|
|upkeep
|choice||switch 6
|
|switch|p2a: Destruction|Avalugg, M|11\/393
|-damage|p2a: Destruction|0 fnt|[from] Stealth Rock
|faint|p2a: Destruction
|choice||switch 4
|
|switch|p2a: Desire|Audino, F|142\/409 brn
|-damage|p2a: Desire|91\/409 brn|[from] Stealth Rock
|turn|21
|choice|move rockslide|move knockoff
|
|move|p1a: Stall?|Rock Slide|p2a: Desire
|-damage|p2a: Desire|0 fnt
|faint|p2a: Desire
|
|win|MaceMaster
|c|☆MaceMaster|gg
|c|☆Piuma de Bourbon|Gg</script>
</div>
<div class="battle-log battle-log-inline"><div class="inner"><div class="battle-options"></div><div class="inner"><div class="chat"><small>MaceMaster joined.</small></div><div class="chat"><small>Piuma de Bourbon joined.</small></div><div class=""><small>Format:</small> <br><strong>PU</strong></div><div class=""><small><em>Sleep Clause Mod:</em> Limit one foe put to sleep</small></div><div class=""><small><em>Species Clause:</em> Limit one of each Pokémon</small></div><div class=""><small><em>OHKO Clause:</em> OHKO moves are banned</small></div><div class=""><small><em>Moody Clause:</em> Moody is banned</small></div><div class=""><small><em>Evasion Moves Clause:</em> Evasion moves are banned</small></div><div class=""><small><em>Endless Battle Clause:</em> Forcing endless battles is banned</small></div><div class=""><small><em>HP Percentage Mod:</em> HP is shown in percentages</small></div><div class=""><small><em>Swagger Clause:</em> Swagger is banned</small></div><div class=""><small><em>Baton Pass Clause:</em> Limit one Baton Passer, can't pass Spe and other stats simultaneously</small></div><div class="chat battle-history"><strong>MaceMaster's team:</strong> <em style="color:#445566;display:block;">Sawsbuck-Autumn / Murkrow / Mawile / Rampardos / Drifblim / Floatzel</em></div><div class="chat battle-history"><strong>Piuma de Bourbon's team:</strong> <em style="color:#445566;display:block;">Swalot / Avalugg / Sliggoo / Zebstrika / Floatzel / Audino</em></div><div class="chat"><small>Stats Bot joined.</small></div><div class="chat"><small>Stats Bot left.</small></div><div class="chat chatmessage-macemaster"><strong style="color:hsl(72,84%,33.89769558192128%)"><small>☆</small><span class="username" data-name="MaceMaster">MaceMaster</span>:</strong> <em>glhf</em></div><div class="chat chatmessage-piumadebourbon"><strong style="color:hsl(201,59%,41.34859447182179%)"><small>☆</small><span class="username" data-name="Piuma de Bourbon">Piuma de Bourbon</span>:</strong> <em>You too :)</em></div><div class="spacer battle-history"><br></div><div class="battle-history">Battle started between MaceMaster and Piuma de Bourbon!<br></div><div class="spacer battle-history"><br></div><div class="battle-history">Go! Cringy (<strong>Sawsbuck-Autumn</strong>)!<br></div><div class="spacer battle-history"><br></div><div class="battle-history">Piuma de Bourbon sent out Defeat (<strong>Zebstrika</strong>)!<br></div><div class="spacer battle-history"><br></div><h2 class="battle-history">Turn 1</h2><div class="spacer battle-history"><br></div><div class="battle-history">Cringy, come back!<br></div><div class="battle-history">Go! Stall? (<strong>Rampardos</strong>)!<br></div><div class="spacer battle-history"><br></div><div class="battle-history">The opposing Defeat used <strong>Overheat</strong>!<br></div><div class="battle-history"><small>It's not very effective...</small><br></div><div class="battle-history"><small>(Stall? lost <abbr title="−146/335">43.6%</abbr> of its health!)</small><br></div><div class="battle-history"><small>The opposing Defeat's Special Attack fell harshly!</small><br></div><div class="spacer battle-history"><br></div><h2 class="battle-history">Turn 2</h2><div class="spacer battle-history"><br></div><div class="battle-history">Piuma de Bourbon withdrew Defeat!<br></div><div class="battle-history">Piuma de Bourbon sent out Death (<strong>Floatzel</strong>)!<br></div><div class="spacer battle-history"><br></div><div class="battle-history">Stall? used <strong>Rock Slide</strong>!<br></div><div class="battle-history"><small>(The opposing Death lost <abbr title="−341/341">100%</abbr> of its health!)</small><br></div><div class="spacer battle-history"><br></div><div class="battle-history">The opposing Death fainted!<br></div><div class="spacer battle-history"><br></div><div class="battle-history">Piuma de Bourbon sent out Defeat (<strong>Zebstrika</strong>)!<br></div><div class="spacer battle-history"><br></div><h2 class="battle-history">Turn 3</h2><div class="spacer battle-history"><br></div><div class="battle-history">Stall?, come back!<br></div><div class="battle-history">Go! Cringy (<strong>Sawsbuck-Autumn</strong>)!<br></div><div class="spacer battle-history"><br></div><div class="battle-history">The opposing Defeat used <strong>Volt Switch</strong>!<br></div><div class="battle-history"><small>It's not very effective...</small><br></div><div class="battle-history"><small>(Cringy lost <abbr title="−93/364">25.5%</abbr> of its health!)</small><br></div><div class="spacer battle-history"><br></div><div class="battle-history">The opposing Defeat went back to Piuma de Bourbon!<br></div><div class="battle-history">Piuma de Bourbon sent out Destruction (<strong>Avalugg</strong>)!<br></div><div class="spacer battle-history"><br></div><h2 class="battle-history">Turn 4</h2><div class="spacer battle-history"><br></div><div class="battle-history">Cringy used <strong>Leech Seed</strong>!<br></div><div class="battle-history"><small>The opposing Destruction was seeded!</small><br></div><div class="spacer battle-history"><br></div><div class="battle-history">The opposing Destruction used <strong>Avalanche</strong>!<br></div><div class="battle-history"><small>It's super effective!</small><br></div><div class="battle-history"><small>A critical hit!</small><br></div><div class="battle-history"><small>(Cringy lost <abbr title="−271/364">74.5%</abbr> of its health!)</small><br></div><div class="spacer battle-history"><br></div><div class="battle-history">Cringy fainted!<br></div><div class="spacer battle-history"><br></div><div class="battle-history">Go! <strong>Drifblim</strong>!<br></div><div class="spacer battle-history"><br></div><h2 class="battle-history">Turn 5</h2><div class="spacer battle-history"><br></div><div class="battle-history">Piuma de Bourbon withdrew Destruction!<br></div><div class="battle-history">Piuma de Bourbon sent out Desire (<strong>Audino</strong>)!<br></div><div class="spacer battle-history"><br></div><div class="battle-history">Drifblim used <strong>Will-O-Wisp</strong>!<br></div><div class="battle-history"><small>The opposing Desire avoided the attack!</small><br></div><div class="spacer battle-history"><br></div><h2 class="battle-history">Turn 6</h2><div class="chat"><small>Lory088 joined.</small></div><div class="spacer battle-history"><br></div><div class="battle-history">Drifblim used <strong>Will-O-Wisp</strong>!<br></div><div class="battle-history"><small>The opposing Desire was burned!</small><br></div><div class="spacer battle-history"><br></div><div class="battle-history">The opposing Desire used <strong>Knock Off</strong>!<br></div><div class="battle-history"><small>It's super effective!</small><br></div><div class="battle-history"><small>(Drifblim lost <abbr title="−76/441">17.2%</abbr> of its health!)</small><br></div><div class="battle-history"><small>(Drifblim used its Weakness Policy!)</small><br></div><div class="battle-history"><small>Drifblim's Attack rose sharply!</small><br></div><div class="battle-history"><small>Drifblim's Special Attack rose sharply!</small><br></div><div class="spacer battle-history"><br></div><div class="battle-history"><small>The opposing Desire was hurt by its burn!</small><br></div><div class="spacer battle-history"><br></div><h2 class="battle-history">Turn 7</h2><div class="spacer battle-history"><br></div><div class="battle-history">Piuma de Bourbon withdrew Desire!<br></div><div class="battle-history">Piuma de Bourbon sent out Destruction (<strong>Avalugg</strong>)!<br></div><div class="spacer battle-history"><br></div><div class="battle-history">Drifblim used <strong>Acrobatics</strong>!<br></div><div class="battle-history"><small>(The opposing Destruction lost <abbr title="−139/393">35.4%</abbr> of its health!)</small><br></div><div class="battle-history"><small>Drifblim was hurt by the Rocky Helmet!</small><br></div><div class="spacer battle-history"><br></div><h2 class="battle-history">Turn 8</h2><div class="chat"><small>Lory088 left.</small></div><div class="spacer battle-history"><br></div><div class="battle-history">Drifblim used <strong>Hex</strong>!<br></div><div class="battle-history"><small>(The opposing Destruction lost <abbr title="−243/393">61.8%</abbr> of its health!)</small><br></div><div class="spacer battle-history"><br></div><div class="battle-history">The opposing Destruction used <strong>Avalanche</strong>!<br></div><div class="battle-history"><small>It's super effective!</small><br></div><div class="battle-history"><small>(Drifblim lost <abbr title="−292/441">66.2%</abbr> of its health!)</small><br></div><div class="spacer battle-history"><br></div><div class="battle-history">Drifblim fainted!<br></div><div class="chat"><small>theultimategamer95 joined.</small></div><div class="chat"><small>theultimategamer95 left.</small></div><div class="spacer battle-history"><br></div><div class="battle-history">Go! <strong>Murkrow</strong>!<br></div><div class="spacer battle-history"><br></div><h2 class="battle-history">Turn 9</h2><div class="spacer battle-history"><br></div><div class="battle-history">Piuma de Bourbon withdrew Destruction!<br></div><div class="battle-history">Piuma de Bourbon sent out Desire (<strong>Audino</strong>)!<br></div><div class="spacer battle-history"><br></div><div class="battle-history">Murkrow used <strong>Dark Pulse</strong>!<br></div><div class="battle-history"><small>(The opposing Desire lost <abbr title="−129/409">31.5%</abbr> of its health!)</small><br></div><div class="battle-history"><small>Murkrow lost some of its HP!</small><br></div><div class="spacer battle-history"><br></div><div class="battle-history"><small>The opposing Desire was hurt by its burn!</small><br></div><div class="spacer battle-history"><br></div><h2 class="battle-history">Turn 10</h2><div class="spacer battle-history"><br></div><div class="battle-history">Murkrow used <strong>Brave Bird</strong>!<br></div><div class="battle-history"><small>(The opposing Desire lost <abbr title="−172/409">42.1%</abbr> of its health!)</small><br></div><div class="battle-history"><small>Murkrow is damaged by the recoil!</small><br></div><div class="battle-history"><small>Murkrow lost some of its HP!</small><br></div><div class="spacer battle-history"><br></div><div class="battle-history">The opposing Desire used <strong>Wish</strong>!<br></div><div class="spacer battle-history"><br></div><div class="battle-history"><small>The opposing Desire was hurt by its burn!</small><br></div><div class="spacer battle-history"><br></div><h2 class="battle-history">Turn 11</h2><div class="spacer battle-history"><br></div><div class="battle-history">Piuma de Bourbon withdrew Desire!<br></div><div class="battle-history">Piuma de Bourbon sent out Delusion (<strong>Swalot</strong>)!<br></div><div class="spacer battle-history"><br></div><div class="battle-history">Murkrow used <strong>Dark Pulse</strong>!<br></div><div class="battle-history"><small>(The opposing Delusion lost <abbr title="−126/403">31.3%</abbr> of its health!)</small><br></div><div class="battle-history"><small>Murkrow lost some of its HP!</small><br></div><div class="spacer battle-history"><br></div><div class="battle-history"><small>Desire's wish came true!</small><br></div><div class="spacer battle-history"><br></div><h2 class="battle-history">Turn 12</h2><div class="spacer battle-history"><br></div><div class="battle-history">Murkrow, come back!<br></div><div class="battle-history">Go! Jaws (<strong>Mawile</strong>)!<br></div><div class="battle-history"><small>[Jaws's Intimidate]</small><br></div><div class="battle-history"><small>The opposing Delusion's Attack fell!</small><br></div><div class="spacer battle-history"><br></div><div class="battle-history">The opposing Delusion used <strong>Substitute</strong>!<br></div><div class="battle-history"><small>The opposing Delusion put in a substitute!</small><br></div><div class="battle-history"><small>(The opposing Delusion lost <abbr title="−100/403">24.8%</abbr> of its health!)</small><br></div><div class="spacer battle-history"><br></div><h2 class="battle-history">Turn 13</h2><div class="spacer battle-history"><br></div><div class="battle-history">The opposing Delusion used <strong>Giga Drain</strong>!<br></div><div class="battle-history"><small>It's not very effective...</small><br></div><div class="battle-history"><small>(Jaws lost <abbr title="−52/304">17.1%</abbr> of its health!)</small><br></div><div class="battle-history"><small>Jaws had its energy drained!</small><br></div><div class="spacer battle-history"><br></div><div class="battle-history">Jaws used <strong>Stealth Rock</strong>!<br></div><div class="battle-history"><small>Pointed stones float in the air around the opposing team!</small><br></div><div class="spacer battle-history"><br></div><div class="battle-history"><small>Jaws restored a little HP using its Leftovers!</small><br></div><div class="spacer battle-history"><br></div><h2 class="battle-history">Turn 14</h2><div class="chat"><small>ABkiller joined.</small></div><div class="chat chatmessage-abkiller"><strong style="color:hsl(147,43%,37%)"><small> </small><span class="username" data-name="ABkiller">ABkiller</span>:</strong> <em>swalot for ubers</em></div><div class="spacer battle-history"><br></div><div class="battle-history">Piuma de Bourbon withdrew Delusion!<br></div><div class="battle-history">Piuma de Bourbon sent out Defeat (<strong>Zebstrika</strong>)!<br></div><div class="battle-history"><small>Pointed stones dug into the opposing Defeat!</small><br></div><div class="spacer battle-history"><br></div><div class="battle-history">Jaws used <strong>Knock Off</strong>!<br></div><div class="battle-history"><small>(The opposing Defeat lost <abbr title="−100/291">34.4%</abbr> of its health!)</small><br></div><div class="battle-history"><small>Jaws knocked off the opposing Defeat's Choice Specs!</small><br></div><div class="spacer battle-history"><br></div><div class="battle-history"><small>Jaws restored a little HP using its Leftovers!</small><br></div><div class="spacer battle-history"><br></div><h2 class="battle-history">Turn 15</h2><div class="chat"><small>ABkiller left.</small></div><div class="spacer battle-history"><br></div><div class="battle-history">The opposing Defeat used <strong>Overheat</strong>!<br></div><div class="battle-history"><small>It's super effective!</small><br></div><div class="battle-history"><small>(Jaws lost <abbr title="−290/304">95.4%</abbr> of its health!)</small><br></div><div class="battle-history"><small>The opposing Defeat's Special Attack fell harshly!</small><br></div><div class="spacer battle-history"><br></div><div class="battle-history">Jaws fainted!<br></div><div class="spacer battle-history"><br></div><div class="battle-history">Go! Stall? (<strong>Rampardos</strong>)!<br></div><div class="spacer battle-history"><br></div><h2 class="battle-history">Turn 16</h2><div class="spacer battle-history"><br></div><div class="battle-history">The opposing Defeat used <strong>Volt Switch</strong>!<br></div><div class="battle-history"><small>(Stall? lost <abbr title="−85/335">25.4%</abbr> of its health!)</small><br></div><div class="spacer battle-history"><br></div><div class="battle-history"><small>(The opposing Defeat is being withdrawn...)</small><br></div><div class="spacer battle-history"><br></div><div class="battle-history">Stall? used <strong>Pursuit</strong>!<br></div><div class="battle-history"><small>(The opposing Defeat lost <abbr title="−155/291">53.3%</abbr> of its health!)</small><br></div><div class="spacer battle-history"><br></div><div class="battle-history">The opposing Defeat fainted!<br></div><div class="spacer battle-history"><br></div><div class="battle-history">Piuma de Bourbon sent out Delusion (<strong>Swalot</strong>)!<br></div><div class="battle-history"><small>Pointed stones dug into the opposing Delusion!</small><br></div><div class="spacer battle-history"><br></div><h2 class="battle-history">Turn 17</h2><div class="spacer battle-history"><br></div><div class="battle-history">Stall?, come back!<br></div><div class="battle-history">Go! <strong>Murkrow</strong>!<br></div><div class="spacer battle-history"><br></div><div class="battle-history">The opposing Delusion used <strong>Giga Drain</strong>!<br></div><div class="battle-history"><small>It's not very effective...</small><br></div><div class="battle-history"><small>(Murkrow lost <abbr title="−76/261">29.1%</abbr> of its health!)</small><br></div><div class="battle-history"><small>Murkrow had its energy drained!</small><br></div><div class="spacer battle-history"><br></div><h2 class="battle-history">Turn 18</h2><div class="spacer battle-history"><br></div><div class="battle-history">Murkrow used <strong>Brave Bird</strong>!<br></div><div class="battle-history"><small>(The opposing Delusion lost <abbr title="−255/403">63.3%</abbr> of its health!)</small><br></div><div class="battle-history"><small>Murkrow is damaged by the recoil!</small><br></div><div class="battle-history"><small>The opposing Delusion ate its Petaya Berry!</small><br></div><div class="battle-history"><small>The opposing Delusion's Special Attack rose!</small><br></div><div class="spacer battle-history"><br></div><div class="battle-history">Murkrow fainted!<br></div><div class="battle-history">The opposing Delusion used <strong>Giga Drain</strong>!<br></div><div class="battle-history"><small>But there was no target...</small><br></div><div class="spacer battle-history"><br></div><div class="battle-history">Go! Stall? (<strong>Rampardos</strong>)!<br></div><div class="spacer battle-history"><br></div><h2 class="battle-history">Turn 19</h2><div class="spacer battle-history"><br></div><div class="battle-history">Stall? used <strong>Rock Slide</strong>!<br></div><div class="battle-history"><small>(The opposing Delusion lost <abbr title="−62/403">15.4%</abbr> of its health!)</small><br></div><div class="spacer battle-history"><br></div><div class="battle-history">The opposing Delusion fainted!<br></div><div class="spacer battle-history"><br></div><div class="battle-history">Piuma de Bourbon sent out Depression (<strong>Sliggoo</strong>)!<br></div><div class="battle-history"><small>Pointed stones dug into the opposing Depression!</small><br></div><div class="spacer battle-history"><br></div><h2 class="battle-history">Turn 20</h2><div class="spacer battle-history"><br></div><div class="battle-history">Stall? used <strong>Rock Slide</strong>!<br></div><div class="battle-history"><small>(The opposing Depression lost <abbr title="−297/339">87.6%</abbr> of its health!)</small><br></div><div class="spacer battle-history"><br></div><div class="battle-history">The opposing Depression fainted!<br></div><div class="spacer battle-history"><br></div><div class="battle-history">Piuma de Bourbon sent out Destruction (<strong>Avalugg</strong>)!<br></div><div class="battle-history"><small>Pointed stones dug into the opposing Destruction!</small><br></div><div class="spacer battle-history"><br></div><div class="battle-history">The opposing Destruction fainted!<br></div><div class="spacer battle-history"><br></div><div class="battle-history">Piuma de Bourbon sent out Desire (<strong>Audino</strong>)!<br></div><div class="battle-history"><small>Pointed stones dug into the opposing Desire!</small><br></div><div class="spacer battle-history"><br></div><h2 class="battle-history">Turn 21</h2><div class="spacer battle-history"><br></div><div class="battle-history">Stall? used <strong>Rock Slide</strong>!<br></div><div class="battle-history"><small>(The opposing Desire lost <abbr title="−91/409">22.2%</abbr> of its health!)</small><br></div><div class="spacer battle-history"><br></div><div class="battle-history">The opposing Desire fainted!<br></div><div class="spacer battle-history"><br></div><div class="battle-history"><strong>MaceMaster</strong> won the battle!<br></div><div class="chat chatmessage-macemaster"><strong style="color:hsl(72,84%,33.89769558192128%)"><small>☆</small><span class="username" data-name="MaceMaster">MaceMaster</span>:</strong> <em>gg</em></div><div class="chat chatmessage-piumadebourbon"><strong style="color:hsl(201,59%,41.34859447182179%)"><small>☆</small><span class="username" data-name="Piuma de Bourbon">Piuma de Bourbon</span>:</strong> <em>Gg</em></div></div><div class="inner-preempt"></div></div></div>
</div>
<script>
let daily = Math.floor(Date.now()/1000/60/60/24);document.write('<script src="https://play.pokemonshowdown.com/js/replay-embed.js?version'+daily+'"></'+'script>');
</script>
