<!DOCTYPE html>
<meta charset="utf-8" />
<!-- version 1 -->
<title>PU replay: ayo bb vs. Owow Wilson</title>
<style>
html,body {font-family:Verdana, sans-serif;font-size:10pt;margin:0;padding:0;}body{padding:12px 0;} .battle-log {font-family:Verdana, sans-serif;font-size:10pt;} .battle-log-inline {border:1px solid #AAAAAA;background:#EEF2F5;color:black;max-width:640px;margin:0 auto 80px;padding-bottom:5px;} .battle-log .inner {padding:4px 8px 0px 8px;} .battle-log .inner-preempt {padding:0 8px 4px 8px;} .battle-log .inner-after {margin-top:0.5em;} .battle-log h2 {margin:0.5em -8px;padding:4px 8px;border:1px solid #AAAAAA;background:#E0E7EA;border-left:0;border-right:0;font-family:Verdana, sans-serif;font-size:13pt;} .battle-log .chat {vertical-align:middle;padding:3px 0 3px 0;font-size:8pt;} .battle-log .chat strong {color:#40576A;} .battle-log .chat em {padding:1px 4px 1px 3px;color:#000000;font-style:normal;} .chat.mine {background:rgba(0,0,0,0.05);margin-left:-8px;margin-right:-8px;padding-left:8px;padding-right:8px;} .spoiler {color:#BBBBBB;background:#BBBBBB;padding:0px 3px;} .spoiler:hover, .spoiler:active, .spoiler-shown {color:#000000;background:#E2E2E2;padding:0px 3px;} .spoiler a {color:#BBBBBB;} .spoiler:hover a, .spoiler:active a, .spoiler-shown a {color:#2288CC;} .chat code, .chat .spoiler:hover code, .chat .spoiler:active code, .chat .spoiler-shown code {border:1px solid #C0C0C0;background:#EEEEEE;color:black;padding:0 2px;} .chat .spoiler code {border:1px solid #CCCCCC;background:#CCCCCC;color:#CCCCCC;} .battle-log .rated {padding:3px 4px;} .battle-log .rated strong {color:white;background:#89A;padding:1px 4px;border-radius:4px;} .spacer {margin-top:0.5em;} .message-announce {background:#6688AA;color:white;padding:1px 4px 2px;} .message-announce a, .broadcast-green a, .broadcast-blue a, .broadcast-red a {color:#DDEEFF;} .broadcast-green {background-color:#559955;color:white;padding:2px 4px;} .broadcast-blue {background-color:#6688AA;color:white;padding:2px 4px;} .infobox {border:1px solid #6688AA;padding:2px 4px;} .infobox-limited {max-height:200px;overflow:auto;overflow-x:hidden;} .broadcast-red {background-color:#AA5544;color:white;padding:2px 4px;} .message-learn-canlearn {font-weight:bold;color:#228822;text-decoration:underline;} .message-learn-cannotlearn {font-weight:bold;color:#CC2222;text-decoration:underline;} .message-effect-weak {font-weight:bold;color:#CC2222;} .message-effect-resist {font-weight:bold;color:#6688AA;} .message-effect-immune {font-weight:bold;color:#666666;} .message-learn-list {margin-top:0;margin-bottom:0;} .message-throttle-notice, .message-error {color:#992222;} .message-overflow, .chat small.message-overflow {font-size:0pt;} .message-overflow::before {font-size:9pt;content:'...';} .subtle {color:#3A4A66;}
</style>
<div class="wrapper replay-wrapper" style="max-width:1180px;margin:0 auto">
<input type="hidden" name="replayid" value="pu-594340950" />
<div class="battle"></div><div class="battle-log"></div><div class="replay-controls"></div><div class="replay-controls-2"></div>
<h1 style="font-weight:normal;text-align:center"><strong>PU</strong><br /><a href="http://pokemonshowdown.com/users/ayobb" class="subtle" target="_blank">ayo bb</a> vs. <a href="http://pokemonshowdown.com/users/owowwilson" class="subtle" target="_blank">Owow Wilson</a></h1>
<script type="text/plain" class="battle-log-data">|j|ayo bb
|j|Owow Wilson
|player|p1|ayo bb|265
|teamsize|p1|6
|player|p2|Owow Wilson|138
|teamsize|p2|6
|gametype|singles
|gen|6
|tier|PU
|seed|25495,3635,41556,25648
|rule|Sleep Clause Mod: Limit one foe put to sleep
|rule|Species Clause: Limit one of each Pokémon
|rule|OHKO Clause: OHKO moves are banned
|rule|Moody Clause: Moody is banned
|rule|Evasion Moves Clause: Evasion moves are banned
|rule|Endless Battle Clause: Forcing endless battles is banned
|rule|HP Percentage Mod: HP is shown in percentages
|clearpoke
|poke|p1|Grotle, F|item
|poke|p1|Staravia, F|item
|poke|p1|Wailord, M|item
|poke|p1|Raticate, M|item
|poke|p1|Lunatone|item
|poke|p1|Pikachu, M|item
|poke|p2|Yanma, M, shiny|item
|poke|p2|Electabuzz, M, shiny|item
|poke|p2|Natu, M, shiny|item
|poke|p2|Palpitoad, F, shiny|item
|poke|p2|Klang, shiny|item
|poke|p2|Purugly, M, shiny|item
|rule|Swagger Clause: Swagger is banned
|rule|Baton Pass Clause: Limit one Baton Passer, can't pass Spe and other stats simultaneously
|teampreview
|c|☆ayo bb|glhf
|choice|team 3, team 2, team 1, team 4, team 5, team 6|team 2, team 1, team 3, team 4, team 5, team 6
|
|start
|switch|p1a: Wailord|Wailord, M|481\/481
|switch|p2a: Electabuzz|Electabuzz, M, shiny|271\/271
|-ability|p1a: Wailord|Pressure
|turn|1
|choice|switch 3|move toxic
|
|switch|p1a: Grotle|Grotle, F|354\/354
|move|p2a: Electabuzz|Toxic|p1a: Grotle
|-status|p1a: Grotle|tox
|
|-damage|p1a: Grotle|332\/354 tox|[from] psn
|upkeep
|turn|2
|j|Queen Motorhead
|choice|move bulletseed|move voltswitch
|
|move|p2a: Electabuzz|Volt Switch|p1a: Grotle
|-resisted|p1a: Grotle
|-damage|p1a: Grotle|301\/354 tox
|choice||switch 3
|
|switch|p2a: Natu|Natu, M, shiny|283\/283
|move|p1a: Grotle|Bullet Seed|p2a: Natu
|-resisted|p2a: Natu
|-damage|p2a: Natu|272\/283
|-resisted|p2a: Natu
|-damage|p2a: Natu|261\/283
|-resisted|p2a: Natu
|-damage|p2a: Natu|251\/283
|-resisted|p2a: Natu
|-damage|p2a: Natu|242\/283
|-hitcount|p2a: Natu|4
|
|-damage|p1a: Grotle|257\/354 tox|[from] psn
|upkeep
|turn|3
|choice|switch 4|move uturn
|
|switch|p1a: Raticate|Raticate, M|251\/251
|move|p2a: Natu|U-turn|p1a: Raticate
|-damage|p1a: Raticate|205\/251
|choice||switch 6
|
|switch|p2a: Purugly|Purugly, M, shiny|283\/283
|
|upkeep
|turn|4
|choice|switch 4|move fakeout
|
|switch|p1a: Grotle|Grotle, F|257\/354 tox
|move|p2a: Purugly|Fake Out|p1a: Grotle
|-crit|p1a: Grotle
|-damage|p1a: Grotle|184\/354 tox
|
|-damage|p1a: Grotle|162\/354 tox|[from] psn
|upkeep
|turn|5
|choice|move synthesis|switch 6
|
|switch|p2a: Natu|Natu, M, shiny|242\/283
|move|p1a: Grotle|Synthesis|p1a: Grotle
|-heal|p1a: Grotle|339\/354 tox
|
|-damage|p1a: Grotle|295\/354 tox|[from] psn
|upkeep
|turn|6
|choice|switch 4|move featherdance
|
|switch|p1a: Raticate|Raticate, M|205\/251
|move|p2a: Natu|Feather Dance|p1a: Raticate
|-unboost|p1a: Raticate|atk|2
|
|upkeep
|turn|7
|choice|move crunch|move psychic
|
|move|p1a: Raticate|Crunch|p2a: Natu
|-supereffective|p2a: Natu
|-damage|p2a: Natu|120\/283
|move|p2a: Natu|Psychic|p1a: Raticate
|-damage|p1a: Raticate|94\/251
|
|upkeep
|turn|8
|choice|move crunch|switch 6
|
|switch|p2a: Purugly|Purugly, M, shiny|283\/283
|move|p1a: Raticate|Crunch|p2a: Purugly
|-damage|p2a: Purugly|181\/283
|
|upkeep
|turn|9
|choice|switch 4|move frustration
|
|switch|p1a: Grotle|Grotle, F|295\/354 tox
|move|p2a: Purugly|Frustration|p1a: Grotle
|-damage|p1a: Grotle|180\/354 tox
|
|-damage|p1a: Grotle|158\/354 tox|[from] psn
|upkeep
|turn|10
|choice|move synthesis|switch 6
|
|switch|p2a: Natu|Natu, M, shiny|120\/283
|move|p1a: Grotle|Synthesis|p1a: Grotle
|-heal|p1a: Grotle|335\/354 tox
|
|-damage|p1a: Grotle|291\/354 tox|[from] psn
|upkeep
|turn|11
|choice|switch 5|move featherdance
|
|switch|p1a: Lunatone|Lunatone|281\/281
|move|p2a: Natu|Feather Dance|p1a: Lunatone
|-unboost|p1a: Lunatone|atk|2
|
|upkeep
|turn|12
|choice|move earthpower|switch 4
|
|switch|p2a: Palpitoad|Palpitoad, F, shiny|291\/291
|move|p1a: Lunatone|Earth Power|p2a: Palpitoad
|-damage|p2a: Palpitoad|101\/291
|-damage|p1a: Lunatone|253\/281|[from] item: Life Orb
|
|upkeep
|turn|13
|choice|move icebeam|move hydropump
|
|move|p1a: Lunatone|Ice Beam|p2a: Palpitoad
|-damage|p2a: Palpitoad|0 fnt
|-damage|p1a: Lunatone|225\/281|[from] item: Life Orb
|faint|p2a: Palpitoad
|
|upkeep
|choice||switch 2
|
|switch|p2a: Yanma|Yanma, M, shiny|271\/271
|turn|14
|choice|switch 2|move bugbuzz
|
|switch|p1a: Staravia|Staravia, F|314\/314
|-ability|p1a: Staravia|Intimidate|boost
|-unboost|p2a: Yanma|atk|1
|move|p2a: Yanma|Bug Buzz|p1a: Staravia
|-resisted|p1a: Staravia
|-damage|p1a: Staravia|194\/314
|
|-ability|p2a: Yanma|Speed Boost|boost
|-boost|p2a: Yanma|spe|1
|upkeep
|turn|15
|choice|move roost|switch 3
|
|switch|p2a: Electabuzz|Electabuzz, M, shiny|271\/271
|move|p1a: Staravia|Roost|p1a: Staravia
|-heal|p1a: Staravia|314\/314
|
|upkeep
|turn|16
|choice|switch 5|move toxic
|
|switch|p1a: Grotle|Grotle, F|291\/354 tox
|move|p2a: Electabuzz|Toxic|p1a: Grotle
|-fail|p1a: Grotle|tox
|
|-damage|p1a: Grotle|269\/354 tox|[from] psn
|upkeep
|turn|17
|choice|move bulletseed|move voltswitch
|
|move|p2a: Electabuzz|Volt Switch|p1a: Grotle
|-resisted|p1a: Grotle
|-damage|p1a: Grotle|239\/354 tox
|choice||switch 4
|
|switch|p2a: Natu|Natu, M, shiny|120\/283
|move|p1a: Grotle|Bullet Seed|p2a: Natu
|-resisted|p2a: Natu
|-damage|p2a: Natu|109\/283
|-resisted|p2a: Natu
|-damage|p2a: Natu|99\/283
|-resisted|p2a: Natu
|-damage|p2a: Natu|89\/283
|-hitcount|p2a: Natu|3
|
|-damage|p1a: Grotle|195\/354 tox|[from] psn
|upkeep
|turn|18
|choice|switch 4|move roost
|
|switch|p1a: Raticate|Raticate, M|94\/251
|move|p2a: Natu|Roost|p2a: Natu
|-heal|p2a: Natu|231\/283
|
|upkeep
|turn|19
|choice|move pursuit|switch 5
|
|-activate|p2a: Natu|move: Pursuit
|move|p1a: Raticate|Pursuit|p2a: Natu|[from]Pursuit
|-supereffective|p2a: Natu
|-crit|p2a: Natu
|-damage|p2a: Natu|0 fnt
|faint|p2a: Natu
|
|upkeep
|c| Queen Motorhead|Was that a roll
|c| Queen Motorhead|Like that's
|c| Queen Motorhead|Max def
|choice||switch 5
|
|switch|p2a: Klang|Klang, shiny|324\/324
|turn|20
|c|☆ayo bb|doubt it, since a -2 crunch did like 43%
|choice|switch 6|move shiftgear
|
|switch|p1a: Pikachu|Pikachu, M|211\/211
|move|p2a: Klang|Shift Gear|p2a: Klang
|-boost|p2a: Klang|spe|2
|-boost|p2a: Klang|atk|1
|
|upkeep
|turn|21
|choice|move knockoff|move geargrind
|
|move|p1a: Pikachu|Knock Off|p2a: Klang
|-damage|p2a: Klang|244\/324
|-enditem|p2a: Klang|Eviolite|[from] move: Knock Off|[of] p1a: Pikachu
|move|p2a: Klang|Gear Grind|p1a: Pikachu
|-resisted|p1a: Pikachu
|-damage|p1a: Pikachu|136\/211
|-resisted|p1a: Pikachu
|-damage|p1a: Pikachu|62\/211
|-hitcount|p1a: Pikachu|2
|
|upkeep
|turn|22
|choice|move brickbreak|move geargrind
|
|move|p1a: Pikachu|Brick Break|p2a: Klang
|-supereffective|p2a: Klang
|-damage|p2a: Klang|50\/324
|move|p2a: Klang|Gear Grind|p1a: Pikachu
|-resisted|p1a: Pikachu
|-damage|p1a: Pikachu|0 fnt
|-hitcount|p1a: Pikachu|1
|faint|p1a: Pikachu
|
|upkeep
|choice|switch 3|
|
|switch|p1a: Wailord|Wailord, M|481\/481
|-ability|p1a: Wailord|Pressure
|turn|23
|choice|move scald|move geargrind
|
|move|p2a: Klang|Gear Grind|p1a: Wailord
|-resisted|p1a: Wailord
|-damage|p1a: Wailord|433\/481
|-resisted|p1a: Wailord
|-damage|p1a: Wailord|388\/481
|-hitcount|p1a: Wailord|2
|move|p1a: Wailord|Scald|p2a: Klang
|-damage|p2a: Klang|0 fnt
|faint|p2a: Klang
|
|-heal|p1a: Wailord|418\/481|[from] item: Leftovers
|upkeep
|choice||switch 4
|
|switch|p2a: Electabuzz|Electabuzz, M, shiny|271\/271
|turn|24
|choice|switch 4|move voltswitch
|
|switch|p1a: Grotle|Grotle, F|195\/354 tox
|move|p2a: Electabuzz|Volt Switch|p1a: Grotle
|-resisted|p1a: Grotle
|-crit|p1a: Grotle
|-damage|p1a: Grotle|149\/354 tox
|choice||switch 3
|
|switch|p2a: Yanma|Yanma, M, shiny|271\/271
|
|-damage|p1a: Grotle|127\/354 tox|[from] psn
|upkeep
|turn|25
|choice|switch 5|move bugbuzz
|
|switch|p1a: Staravia|Staravia, F|314\/314
|-ability|p1a: Staravia|Intimidate|boost
|-unboost|p2a: Yanma|atk|1
|move|p2a: Yanma|Bug Buzz|p1a: Staravia
|-resisted|p1a: Staravia
|-damage|p1a: Staravia|197\/314
|
|-ability|p2a: Yanma|Speed Boost|boost
|-boost|p2a: Yanma|spe|1
|upkeep
|turn|26
|choice|move uturn|move bugbuzz
|
|move|p2a: Yanma|Bug Buzz|p1a: Staravia
|-resisted|p1a: Staravia
|-damage|p1a: Staravia|83\/314
|move|p1a: Staravia|U-turn|p2a: Yanma
|-resisted|p2a: Yanma
|-damage|p2a: Yanma|233\/271
|choice|switch 6|
|
|switch|p1a: Raticate|Raticate, M|94\/251
|
|-ability|p2a: Yanma|Speed Boost|boost
|-boost|p2a: Yanma|spe|1
|upkeep
|turn|27
|choice|move quickattack|move bugbuzz
|
|move|p1a: Raticate|Quick Attack|p2a: Yanma
|-damage|p2a: Yanma|4\/271
|move|p2a: Yanma|Bug Buzz|p1a: Raticate
|-damage|p1a: Raticate|0 fnt
|faint|p1a: Raticate
|
|-ability|p2a: Yanma|Speed Boost|boost
|-boost|p2a: Yanma|spe|1
|upkeep
|choice|switch 4|
|
|switch|p1a: Wailord|Wailord, M|418\/481
|-ability|p1a: Wailord|Pressure
|turn|28
|choice|move scald|switch 6
|
|switch|p2a: Purugly|Purugly, M, shiny|181\/283
|move|p1a: Wailord|Scald|p2a: Purugly
|-damage|p2a: Purugly|0 fnt
|faint|p2a: Purugly
|
|-heal|p1a: Wailord|448\/481|[from] item: Leftovers
|upkeep
|choice||switch 3
|
|switch|p2a: Electabuzz|Electabuzz, M, shiny|271\/271
|turn|29
|choice|switch 6|move thunderbolt
|
|switch|p1a: Staravia|Staravia, F|83\/314
|-ability|p1a: Staravia|Intimidate|boost
|-unboost|p2a: Electabuzz|atk|1
|move|p2a: Electabuzz|Thunderbolt|p1a: Staravia
|-supereffective|p1a: Staravia
|-damage|p1a: Staravia|0 fnt
|faint|p1a: Staravia
|
|upkeep
|choice|switch 2|
|
|switch|p1a: Lunatone|Lunatone|225\/281
|turn|30
|choice|move rockpolish|move thunderbolt
|
|move|p2a: Electabuzz|Thunderbolt|p1a: Lunatone
|-damage|p1a: Lunatone|74\/281
|move|p1a: Lunatone|Rock Polish|p1a: Lunatone
|-boost|p1a: Lunatone|spe|2
|
|upkeep
|turn|31
|c| Queen Motorhead|Hm
|c| Queen Motorhead|One of us
|c| Queen Motorhead|Chokes here
|choice|move earthpower|move voltswitch
|
|move|p1a: Lunatone|Earth Power|p2a: Electabuzz
|-supereffective|p2a: Electabuzz
|-damage|p2a: Electabuzz|92\/271
|-damage|p1a: Lunatone|46\/281|[from] item: Life Orb
|move|p2a: Electabuzz|Volt Switch|p1a: Lunatone
|-damage|p1a: Lunatone|0 fnt
|faint|p1a: Lunatone
|choice||switch 6
|
|switch|p2a: Yanma|Yanma, M, shiny|4\/271
|
|upkeep
|choice|switch 6|
|
|switch|p1a: Wailord|Wailord, M|448\/481
|-ability|p1a: Wailord|Pressure
|turn|32
|choice|move scald|move airslash
|
|move|p2a: Yanma|Air Slash|p1a: Wailord
|-damage|p1a: Wailord|186\/481
|cant|p1a: Wailord|flinch
|
|-heal|p1a: Wailord|216\/481|[from] item: Leftovers
|-ability|p2a: Yanma|Speed Boost|boost
|-boost|p2a: Yanma|spe|1
|upkeep
|turn|33
|choice|move scald|move airslash
|
|move|p2a: Yanma|Air Slash|p1a: Wailord
|-damage|p1a: Wailord|0 fnt
|faint|p1a: Wailord
|
|-ability|p2a: Yanma|Speed Boost|boost
|-boost|p2a: Yanma|spe|1
|upkeep
|choice|switch 5|
|
|switch|p1a: Grotle|Grotle, F|127\/354 tox
|turn|34
|c| Queen Motorhead|Unfort
|choice|move stealthrock|move airslash
|
|move|p2a: Yanma|Air Slash|p1a: Grotle
|-supereffective|p1a: Grotle
|-damage|p1a: Grotle|0 fnt
|faint|p1a: Grotle
|
|win|Owow Wilson
|c|☆ayo bb|gg</script>
</div>
<div class="battle-log battle-log-inline"><div class="inner"><div class="battle-options"></div><div class="inner"><div class="chat"><small>ayo bb joined.</small></div><div class="chat"><small>Owow Wilson joined.</small></div><div class=""><small>Format:</small> <br><strong>PU</strong></div><div class=""><small><em>Sleep Clause Mod:</em> Limit one foe put to sleep</small></div><div class=""><small><em>Species Clause:</em> Limit one of each Pokémon</small></div><div class=""><small><em>OHKO Clause:</em> OHKO moves are banned</small></div><div class=""><small><em>Moody Clause:</em> Moody is banned</small></div><div class=""><small><em>Evasion Moves Clause:</em> Evasion moves are banned</small></div><div class=""><small><em>Endless Battle Clause:</em> Forcing endless battles is banned</small></div><div class=""><small><em>HP Percentage Mod:</em> HP is shown in percentages</small></div><div class=""><small><em>Swagger Clause:</em> Swagger is banned</small></div><div class=""><small><em>Baton Pass Clause:</em> Limit one Baton Passer, can't pass Spe and other stats simultaneously</small></div><div class="chat battle-history"><strong>ayo bb's team:</strong> <em style="color:#445566;display:block;">Grotle / Staravia / Wailord / Raticate / Lunatone / Pikachu</em></div><div class="chat battle-history"><strong>Owow Wilson's team:</strong> <em style="color:#445566;display:block;">Yanma / Electabuzz / Natu / Palpitoad / Klang / Purugly</em></div><div class="chat chatmessage-ayobb"><strong style="color:hsl(169,65%,31.333333333333332%)"><small>☆</small><span class="username" data-name="ayo bb">ayo bb</span>:</strong> <em>glhf</em></div><div class="spacer battle-history"><br></div><div class="battle-history">Battle started between ayo bb and Owow Wilson!<br></div><div class="spacer battle-history"><br></div><div class="battle-history">Go! <strong>Wailord</strong>!<br></div><div class="spacer battle-history"><br></div><div class="battle-history">Owow Wilson sent out <strong>Electabuzz</strong>!<br></div><div class="battle-history"><small>[Wailord's Pressure]</small><br><small>Wailord is exerting its pressure!</small><br></div><div class="spacer battle-history"><br></div><h2 class="battle-history">Turn 1</h2><div class="spacer battle-history"><br></div><div class="battle-history">Wailord, come back!<br></div><div class="battle-history">Go! <strong>Grotle</strong>!<br></div><div class="spacer battle-history"><br></div><div class="battle-history">The opposing Electabuzz used <strong>Toxic</strong>!<br></div><div class="battle-history"><small>Grotle was badly poisoned!</small><br></div><div class="spacer battle-history"><br></div><div class="battle-history"><small>Grotle was hurt by poison!</small><br></div><div class="spacer battle-history"><br></div><h2 class="battle-history">Turn 2</h2><div class="chat"><small>Queen Motorhead joined.</small></div><div class="spacer battle-history"><br></div><div class="battle-history">The opposing Electabuzz used <strong>Volt Switch</strong>!<br></div><div class="battle-history"><small>It's not very effective...</small><br></div><div class="battle-history"><small>(Grotle lost <abbr title="−31/354">8.8%</abbr> of its health!)</small><br></div><div class="spacer battle-history"><br></div><div class="battle-history">The opposing Electabuzz went back to Owow Wilson!<br></div><div class="battle-history">Owow Wilson sent out <strong>Natu</strong>!<br></div><div class="spacer battle-history"><br></div><div class="battle-history">Grotle used <strong>Bullet Seed</strong>!<br></div><div class="battle-history"><small>It's not very effective...</small><br></div><div class="battle-history"><small>(The opposing Natu lost <abbr title="−11/283">3.9%</abbr> of its health!)</small><br></div><div class="battle-history"><small>It's not very effective...</small><br></div><div class="battle-history"><small>(The opposing Natu lost <abbr title="−11/283">3.9%</abbr> of its health!)</small><br></div><div class="battle-history"><small>It's not very effective...</small><br></div><div class="battle-history"><small>(The opposing Natu lost <abbr title="−10/283">3.5%</abbr> of its health!)</small><br></div><div class="battle-history"><small>It's not very effective...</small><br></div><div class="battle-history"><small>(The opposing Natu lost <abbr title="−9/283">3.2%</abbr> of its health!)</small><br></div><div class="battle-history"><small>Hit 4 times!</small><br></div><div class="spacer battle-history"><br></div><div class="battle-history"><small>Grotle was hurt by poison!</small><br></div><div class="spacer battle-history"><br></div><h2 class="battle-history">Turn 3</h2><div class="spacer battle-history"><br></div><div class="battle-history">Grotle, come back!<br></div><div class="battle-history">Go! <strong>Raticate</strong>!<br></div><div class="spacer battle-history"><br></div><div class="battle-history">The opposing Natu used <strong>U-turn</strong>!<br></div><div class="battle-history"><small>(Raticate lost <abbr title="−46/251">18.3%</abbr> of its health!)</small><br></div><div class="spacer battle-history"><br></div><div class="battle-history">The opposing Natu went back to Owow Wilson!<br></div><div class="battle-history">Owow Wilson sent out <strong>Purugly</strong>!<br></div><div class="spacer battle-history"><br></div><h2 class="battle-history">Turn 4</h2><div class="spacer battle-history"><br></div><div class="battle-history">Raticate, come back!<br></div><div class="battle-history">Go! <strong>Grotle</strong>!<br></div><div class="spacer battle-history"><br></div><div class="battle-history">The opposing Purugly used <strong>Fake Out</strong>!<br></div><div class="battle-history"><small>A critical hit!</small><br></div><div class="battle-history"><small>(Grotle lost <abbr title="−73/354">20.6%</abbr> of its health!)</small><br></div><div class="spacer battle-history"><br></div><div class="battle-history"><small>Grotle was hurt by poison!</small><br></div><div class="spacer battle-history"><br></div><h2 class="battle-history">Turn 5</h2><div class="spacer battle-history"><br></div><div class="battle-history">Owow Wilson withdrew Purugly!<br></div><div class="battle-history">Owow Wilson sent out <strong>Natu</strong>!<br></div><div class="spacer battle-history"><br></div><div class="battle-history">Grotle used <strong>Synthesis</strong>!<br></div><div class="battle-history"><small>Grotle restored its HP.</small><br></div><div class="spacer battle-history"><br></div><div class="battle-history"><small>Grotle was hurt by poison!</small><br></div><div class="spacer battle-history"><br></div><h2 class="battle-history">Turn 6</h2><div class="spacer battle-history"><br></div><div class="battle-history">Grotle, come back!<br></div><div class="battle-history">Go! <strong>Raticate</strong>!<br></div><div class="spacer battle-history"><br></div><div class="battle-history">The opposing Natu used <strong>Feather Dance</strong>!<br></div><div class="battle-history"><small>Raticate's Attack fell harshly!</small><br></div><div class="spacer battle-history"><br></div><h2 class="battle-history">Turn 7</h2><div class="spacer battle-history"><br></div><div class="battle-history">Raticate used <strong>Crunch</strong>!<br></div><div class="battle-history"><small>It's super effective!</small><br></div><div class="battle-history"><small>(The opposing Natu lost <abbr title="−122/283">43.1%</abbr> of its health!)</small><br></div><div class="spacer battle-history"><br></div><div class="battle-history">The opposing Natu used <strong>Psychic</strong>!<br></div><div class="battle-history"><small>(Raticate lost <abbr title="−111/251">44.2%</abbr> of its health!)</small><br></div><div class="spacer battle-history"><br></div><h2 class="battle-history">Turn 8</h2><div class="spacer battle-history"><br></div><div class="battle-history">Owow Wilson withdrew Natu!<br></div><div class="battle-history">Owow Wilson sent out <strong>Purugly</strong>!<br></div><div class="spacer battle-history"><br></div><div class="battle-history">Raticate used <strong>Crunch</strong>!<br></div><div class="battle-history"><small>(The opposing Purugly lost <abbr title="−102/283">36.0%</abbr> of its health!)</small><br></div><div class="spacer battle-history"><br></div><h2 class="battle-history">Turn 9</h2><div class="spacer battle-history"><br></div><div class="battle-history">Raticate, come back!<br></div><div class="battle-history">Go! <strong>Grotle</strong>!<br></div><div class="spacer battle-history"><br></div><div class="battle-history">The opposing Purugly used <strong>Frustration</strong>!<br></div><div class="battle-history"><small>(Grotle lost <abbr title="−115/354">32.5%</abbr> of its health!)</small><br></div><div class="spacer battle-history"><br></div><div class="battle-history"><small>Grotle was hurt by poison!</small><br></div><div class="spacer battle-history"><br></div><h2 class="battle-history">Turn 10</h2><div class="spacer battle-history"><br></div><div class="battle-history">Owow Wilson withdrew Purugly!<br></div><div class="battle-history">Owow Wilson sent out <strong>Natu</strong>!<br></div><div class="spacer battle-history"><br></div><div class="battle-history">Grotle used <strong>Synthesis</strong>!<br></div><div class="battle-history"><small>Grotle restored its HP.</small><br></div><div class="spacer battle-history"><br></div><div class="battle-history"><small>Grotle was hurt by poison!</small><br></div><div class="spacer battle-history"><br></div><h2 class="battle-history">Turn 11</h2><div class="spacer battle-history"><br></div><div class="battle-history">Grotle, come back!<br></div><div class="battle-history">Go! <strong>Lunatone</strong>!<br></div><div class="spacer battle-history"><br></div><div class="battle-history">The opposing Natu used <strong>Feather Dance</strong>!<br></div><div class="battle-history"><small>Lunatone's Attack fell harshly!</small><br></div><div class="spacer battle-history"><br></div><h2 class="battle-history">Turn 12</h2><div class="spacer battle-history"><br></div><div class="battle-history">Owow Wilson withdrew Natu!<br></div><div class="battle-history">Owow Wilson sent out <strong>Palpitoad</strong>!<br></div><div class="spacer battle-history"><br></div><div class="battle-history">Lunatone used <strong>Earth Power</strong>!<br></div><div class="battle-history"><small>(The opposing Palpitoad lost <abbr title="−190/291">65.3%</abbr> of its health!)</small><br></div><div class="battle-history"><small>Lunatone lost some of its HP!</small><br></div><div class="spacer battle-history"><br></div><h2 class="battle-history">Turn 13</h2><div class="spacer battle-history"><br></div><div class="battle-history">Lunatone used <strong>Ice Beam</strong>!<br></div><div class="battle-history"><small>(The opposing Palpitoad lost <abbr title="−101/291">34.7%</abbr> of its health!)</small><br></div><div class="battle-history"><small>Lunatone lost some of its HP!</small><br></div><div class="spacer battle-history"><br></div><div class="battle-history">The opposing Palpitoad fainted!<br></div><div class="spacer battle-history"><br></div><div class="battle-history">Owow Wilson sent out <strong>Yanma</strong>!<br></div><div class="spacer battle-history"><br></div><h2 class="battle-history">Turn 14</h2><div class="spacer battle-history"><br></div><div class="battle-history">Lunatone, come back!<br></div><div class="battle-history">Go! <strong>Staravia</strong>!<br></div><div class="battle-history"><small>[Staravia's Intimidate]</small><br></div><div class="battle-history"><small>The opposing Yanma's Attack fell!</small><br></div><div class="spacer battle-history"><br></div><div class="battle-history">The opposing Yanma used <strong>Bug Buzz</strong>!<br></div><div class="battle-history"><small>It's not very effective...</small><br></div><div class="battle-history"><small>(Staravia lost <abbr title="−120/314">38.2%</abbr> of its health!)</small><br></div><div class="spacer battle-history"><br></div><div class="battle-history"><small>[The opposing Yanma's Speed Boost]</small><br></div><div class="battle-history"><small>The opposing Yanma's Speed rose!</small><br></div><div class="spacer battle-history"><br></div><h2 class="battle-history">Turn 15</h2><div class="spacer battle-history"><br></div><div class="battle-history">Owow Wilson withdrew Yanma!<br></div><div class="battle-history">Owow Wilson sent out <strong>Electabuzz</strong>!<br></div><div class="spacer battle-history"><br></div><div class="battle-history">Staravia used <strong>Roost</strong>!<br></div><div class="battle-history"><small>Staravia restored its HP.</small><br></div><div class="spacer battle-history"><br></div><h2 class="battle-history">Turn 16</h2><div class="spacer battle-history"><br></div><div class="battle-history">Staravia, come back!<br></div><div class="battle-history">Go! <strong>Grotle</strong>!<br></div><div class="spacer battle-history"><br></div><div class="battle-history">The opposing Electabuzz used <strong>Toxic</strong>!<br></div><div class="battle-history"><small>But it failed!</small><br></div><div class="spacer battle-history"><br></div><div class="battle-history"><small>Grotle was hurt by poison!</small><br></div><div class="spacer battle-history"><br></div><h2 class="battle-history">Turn 17</h2><div class="spacer battle-history"><br></div><div class="battle-history">The opposing Electabuzz used <strong>Volt Switch</strong>!<br></div><div class="battle-history"><small>It's not very effective...</small><br></div><div class="battle-history"><small>(Grotle lost <abbr title="−30/354">8.5%</abbr> of its health!)</small><br></div><div class="spacer battle-history"><br></div><div class="battle-history">The opposing Electabuzz went back to Owow Wilson!<br></div><div class="battle-history">Owow Wilson sent out <strong>Natu</strong>!<br></div><div class="spacer battle-history"><br></div><div class="battle-history">Grotle used <strong>Bullet Seed</strong>!<br></div><div class="battle-history"><small>It's not very effective...</small><br></div><div class="battle-history"><small>(The opposing Natu lost <abbr title="−11/283">3.9%</abbr> of its health!)</small><br></div><div class="battle-history"><small>It's not very effective...</small><br></div><div class="battle-history"><small>(The opposing Natu lost <abbr title="−10/283">3.5%</abbr> of its health!)</small><br></div><div class="battle-history"><small>It's not very effective...</small><br></div><div class="battle-history"><small>(The opposing Natu lost <abbr title="−10/283">3.5%</abbr> of its health!)</small><br></div><div class="battle-history"><small>Hit 3 times!</small><br></div><div class="spacer battle-history"><br></div><div class="battle-history"><small>Grotle was hurt by poison!</small><br></div><div class="spacer battle-history"><br></div><h2 class="battle-history">Turn 18</h2><div class="spacer battle-history"><br></div><div class="battle-history">Grotle, come back!<br></div><div class="battle-history">Go! <strong>Raticate</strong>!<br></div><div class="spacer battle-history"><br></div><div class="battle-history">The opposing Natu used <strong>Roost</strong>!<br></div><div class="battle-history"><small>The opposing Natu restored its HP.</small><br></div><div class="spacer battle-history"><br></div><h2 class="battle-history">Turn 19</h2><div class="spacer battle-history"><br></div><div class="battle-history"><small>(The opposing Natu is being withdrawn...)</small><br></div><div class="spacer battle-history"><br></div><div class="battle-history">Raticate used <strong>Pursuit</strong>!<br></div><div class="battle-history"><small>It's super effective!</small><br></div><div class="battle-history"><small>A critical hit!</small><br></div><div class="battle-history"><small>(The opposing Natu lost <abbr title="−231/283">81.6%</abbr> of its health!)</small><br></div><div class="spacer battle-history"><br></div><div class="battle-history">The opposing Natu fainted!<br></div><div class="chat chatmessage-queenmotorhead"><strong style="color:hsl(250,43%,61.5687527400889%)"><small> </small><span class="username" data-name="Queen Motorhead">Queen Motorhead</span>:</strong> <em>Was that a roll</em></div><div class="chat chatmessage-queenmotorhead"><strong style="color:hsl(250,43%,61.5687527400889%)"><small> </small><span class="username" data-name="Queen Motorhead">Queen Motorhead</span>:</strong> <em>Like that's</em></div><div class="chat chatmessage-queenmotorhead"><strong style="color:hsl(250,43%,61.5687527400889%)"><small> </small><span class="username" data-name="Queen Motorhead">Queen Motorhead</span>:</strong> <em>Max def</em></div><div class="spacer battle-history"><br></div><div class="battle-history">Owow Wilson sent out <strong>Klang</strong>!<br></div><div class="spacer battle-history"><br></div><h2 class="battle-history">Turn 20</h2><div class="chat chatmessage-ayobb"><strong style="color:hsl(169,65%,31.333333333333332%)"><small>☆</small><span class="username" data-name="ayo bb">ayo bb</span>:</strong> <em>doubt it, since a -2 crunch did like 43%</em></div><div class="spacer battle-history"><br></div><div class="battle-history">Raticate, come back!<br></div><div class="battle-history">Go! <strong>Pikachu</strong>!<br></div><div class="spacer battle-history"><br></div><div class="battle-history">The opposing Klang used <strong>Shift Gear</strong>!<br></div><div class="battle-history"><small>The opposing Klang's Speed rose sharply!</small><br></div><div class="battle-history"><small>The opposing Klang's Attack rose!</small><br></div><div class="spacer battle-history"><br></div><h2 class="battle-history">Turn 21</h2><div class="spacer battle-history"><br></div><div class="battle-history">Pikachu used <strong>Knock Off</strong>!<br></div><div class="battle-history"><small>(The opposing Klang lost <abbr title="−80/324">24.7%</abbr> of its health!)</small><br></div><div class="battle-history"><small>Pikachu knocked off the opposing Klang's Eviolite!</small><br></div><div class="spacer battle-history"><br></div><div class="battle-history">The opposing Klang used <strong>Gear Grind</strong>!<br></div><div class="battle-history"><small>It's not very effective...</small><br></div><div class="battle-history"><small>(Pikachu lost <abbr title="−75/211">35.5%</abbr> of its health!)</small><br></div><div class="battle-history"><small>It's not very effective...</small><br></div><div class="battle-history"><small>(Pikachu lost <abbr title="−74/211">35.1%</abbr> of its health!)</small><br></div><div class="battle-history"><small>Hit 2 times!</small><br></div><div class="spacer battle-history"><br></div><h2 class="battle-history">Turn 22</h2><div class="spacer battle-history"><br></div><div class="battle-history">Pikachu used <strong>Brick Break</strong>!<br></div><div class="battle-history"><small>It's super effective!</small><br></div><div class="battle-history"><small>(The opposing Klang lost <abbr title="−194/324">59.9%</abbr> of its health!)</small><br></div><div class="spacer battle-history"><br></div><div class="battle-history">The opposing Klang used <strong>Gear Grind</strong>!<br></div><div class="battle-history"><small>It's not very effective...</small><br></div><div class="battle-history"><small>(Pikachu lost <abbr title="−62/211">29.4%</abbr> of its health!)</small><br></div><div class="battle-history"><small>Hit 1 time!</small><br></div><div class="spacer battle-history"><br></div><div class="battle-history">Pikachu fainted!<br></div><div class="spacer battle-history"><br></div><div class="battle-history">Go! <strong>Wailord</strong>!<br></div><div class="battle-history"><small>[Wailord's Pressure]</small><br><small>Wailord is exerting its pressure!</small><br></div><div class="spacer battle-history"><br></div><h2 class="battle-history">Turn 23</h2><div class="spacer battle-history"><br></div><div class="battle-history">The opposing Klang used <strong>Gear Grind</strong>!<br></div><div class="battle-history"><small>It's not very effective...</small><br></div><div class="battle-history"><small>(Wailord lost <abbr title="−48/481">10.0%</abbr> of its health!)</small><br></div><div class="battle-history"><small>It's not very effective...</small><br></div><div class="battle-history"><small>(Wailord lost <abbr title="−45/481">9.4%</abbr> of its health!)</small><br></div><div class="battle-history"><small>Hit 2 times!</small><br></div><div class="spacer battle-history"><br></div><div class="battle-history">Wailord used <strong>Scald</strong>!<br></div><div class="battle-history"><small>(The opposing Klang lost <abbr title="−50/324">15.4%</abbr> of its health!)</small><br></div><div class="spacer battle-history"><br></div><div class="battle-history">The opposing Klang fainted!<br></div><div class="spacer battle-history"><br></div><div class="battle-history"><small>Wailord restored a little HP using its Leftovers!</small><br></div><div class="spacer battle-history"><br></div><div class="battle-history">Owow Wilson sent out <strong>Electabuzz</strong>!<br></div><div class="spacer battle-history"><br></div><h2 class="battle-history">Turn 24</h2><div class="spacer battle-history"><br></div><div class="battle-history">Wailord, come back!<br></div><div class="battle-history">Go! <strong>Grotle</strong>!<br></div><div class="spacer battle-history"><br></div><div class="battle-history">The opposing Electabuzz used <strong>Volt Switch</strong>!<br></div><div class="battle-history"><small>It's not very effective...</small><br></div><div class="battle-history"><small>A critical hit!</small><br></div><div class="battle-history"><small>(Grotle lost <abbr title="−46/354">13.0%</abbr> of its health!)</small><br></div><div class="spacer battle-history"><br></div><div class="battle-history">The opposing Electabuzz went back to Owow Wilson!<br></div><div class="battle-history">Owow Wilson sent out <strong>Yanma</strong>!<br></div><div class="spacer battle-history"><br></div><div class="battle-history"><small>Grotle was hurt by poison!</small><br></div><div class="spacer battle-history"><br></div><h2 class="battle-history">Turn 25</h2><div class="spacer battle-history"><br></div><div class="battle-history">Grotle, come back!<br></div><div class="battle-history">Go! <strong>Staravia</strong>!<br></div><div class="battle-history"><small>[Staravia's Intimidate]</small><br></div><div class="battle-history"><small>The opposing Yanma's Attack fell!</small><br></div><div class="spacer battle-history"><br></div><div class="battle-history">The opposing Yanma used <strong>Bug Buzz</strong>!<br></div><div class="battle-history"><small>It's not very effective...</small><br></div><div class="battle-history"><small>(Staravia lost <abbr title="−117/314">37.3%</abbr> of its health!)</small><br></div><div class="spacer battle-history"><br></div><div class="battle-history"><small>[The opposing Yanma's Speed Boost]</small><br></div><div class="battle-history"><small>The opposing Yanma's Speed rose!</small><br></div><div class="spacer battle-history"><br></div><h2 class="battle-history">Turn 26</h2><div class="spacer battle-history"><br></div><div class="battle-history">The opposing Yanma used <strong>Bug Buzz</strong>!<br></div><div class="battle-history"><small>It's not very effective...</small><br></div><div class="battle-history"><small>(Staravia lost <abbr title="−114/314">36.3%</abbr> of its health!)</small><br></div><div class="spacer battle-history"><br></div><div class="battle-history">Staravia used <strong>U-turn</strong>!<br></div><div class="battle-history"><small>It's not very effective...</small><br></div><div class="battle-history"><small>(The opposing Yanma lost <abbr title="−38/271">14.0%</abbr> of its health!)</small><br></div><div class="spacer battle-history"><br></div><div class="battle-history">Staravia went back to ayo bb!<br></div><div class="battle-history">Go! <strong>Raticate</strong>!<br></div><div class="spacer battle-history"><br></div><div class="battle-history"><small>[The opposing Yanma's Speed Boost]</small><br></div><div class="battle-history"><small>The opposing Yanma's Speed rose!</small><br></div><div class="spacer battle-history"><br></div><h2 class="battle-history">Turn 27</h2><div class="spacer battle-history"><br></div><div class="battle-history">Raticate used <strong>Quick Attack</strong>!<br></div><div class="battle-history"><small>(The opposing Yanma lost <abbr title="−229/271">84.5%</abbr> of its health!)</small><br></div><div class="spacer battle-history"><br></div><div class="battle-history">The opposing Yanma used <strong>Bug Buzz</strong>!<br></div><div class="battle-history"><small>(Raticate lost <abbr title="−94/251">37.5%</abbr> of its health!)</small><br></div><div class="spacer battle-history"><br></div><div class="battle-history">Raticate fainted!<br></div><div class="spacer battle-history"><br></div><div class="battle-history"><small>[The opposing Yanma's Speed Boost]</small><br></div><div class="battle-history"><small>The opposing Yanma's Speed rose!</small><br></div><div class="spacer battle-history"><br></div><div class="battle-history">Go! <strong>Wailord</strong>!<br></div><div class="battle-history"><small>[Wailord's Pressure]</small><br><small>Wailord is exerting its pressure!</small><br></div><div class="spacer battle-history"><br></div><h2 class="battle-history">Turn 28</h2><div class="spacer battle-history"><br></div><div class="battle-history">Owow Wilson withdrew Yanma!<br></div><div class="battle-history">Owow Wilson sent out <strong>Purugly</strong>!<br></div><div class="spacer battle-history"><br></div><div class="battle-history">Wailord used <strong>Scald</strong>!<br></div><div class="battle-history"><small>(The opposing Purugly lost <abbr title="−181/283">64.0%</abbr> of its health!)</small><br></div><div class="spacer battle-history"><br></div><div class="battle-history">The opposing Purugly fainted!<br></div><div class="spacer battle-history"><br></div><div class="battle-history"><small>Wailord restored a little HP using its Leftovers!</small><br></div><div class="spacer battle-history"><br></div><div class="battle-history">Owow Wilson sent out <strong>Electabuzz</strong>!<br></div><div class="spacer battle-history"><br></div><h2 class="battle-history">Turn 29</h2><div class="spacer battle-history"><br></div><div class="battle-history">Wailord, come back!<br></div><div class="battle-history">Go! <strong>Staravia</strong>!<br></div><div class="battle-history"><small>[Staravia's Intimidate]</small><br></div><div class="battle-history"><small>The opposing Electabuzz's Attack fell!</small><br></div><div class="spacer battle-history"><br></div><div class="battle-history">The opposing Electabuzz used <strong>Thunderbolt</strong>!<br></div><div class="battle-history"><small>It's super effective!</small><br></div><div class="battle-history"><small>(Staravia lost <abbr title="−83/314">26.4%</abbr> of its health!)</small><br></div><div class="spacer battle-history"><br></div><div class="battle-history">Staravia fainted!<br></div><div class="spacer battle-history"><br></div><div class="battle-history">Go! <strong>Lunatone</strong>!<br></div><div class="spacer battle-history"><br></div><h2 class="battle-history">Turn 30</h2><div class="spacer battle-history"><br></div><div class="battle-history">The opposing Electabuzz used <strong>Thunderbolt</strong>!<br></div><div class="battle-history"><small>(Lunatone lost <abbr title="−151/281">53.7%</abbr> of its health!)</small><br></div><div class="spacer battle-history"><br></div><div class="battle-history">Lunatone used <strong>Rock Polish</strong>!<br></div><div class="battle-history"><small>Lunatone's Speed rose sharply!</small><br></div><div class="spacer battle-history"><br></div><h2 class="battle-history">Turn 31</h2><div class="chat chatmessage-queenmotorhead"><strong style="color:hsl(250,43%,61.5687527400889%)"><small> </small><span class="username" data-name="Queen Motorhead">Queen Motorhead</span>:</strong> <em>Hm</em></div><div class="chat chatmessage-queenmotorhead"><strong style="color:hsl(250,43%,61.5687527400889%)"><small> </small><span class="username" data-name="Queen Motorhead">Queen Motorhead</span>:</strong> <em>One of us</em></div><div class="chat chatmessage-queenmotorhead"><strong style="color:hsl(250,43%,61.5687527400889%)"><small> </small><span class="username" data-name="Queen Motorhead">Queen Motorhead</span>:</strong> <em>Chokes here</em></div><div class="spacer battle-history"><br></div><div class="battle-history">Lunatone used <strong>Earth Power</strong>!<br></div><div class="battle-history"><small>It's super effective!</small><br></div><div class="battle-history"><small>(The opposing Electabuzz lost <abbr title="−179/271">66.1%</abbr> of its health!)</small><br></div><div class="battle-history"><small>Lunatone lost some of its HP!</small><br></div><div class="spacer battle-history"><br></div><div class="battle-history">The opposing Electabuzz used <strong>Volt Switch</strong>!<br></div><div class="battle-history"><small>(Lunatone lost <abbr title="−46/281">16.4%</abbr> of its health!)</small><br></div><div class="spacer battle-history"><br></div><div class="battle-history">Lunatone fainted!<br></div><div class="spacer battle-history"><br></div><div class="battle-history">The opposing Electabuzz went back to Owow Wilson!<br></div><div class="battle-history">Owow Wilson sent out <strong>Yanma</strong>!<br></div><div class="spacer battle-history"><br></div><div class="battle-history">Go! <strong>Wailord</strong>!<br></div><div class="battle-history"><small>[Wailord's Pressure]</small><br><small>Wailord is exerting its pressure!</small><br></div><div class="spacer battle-history"><br></div><h2 class="battle-history">Turn 32</h2><div class="spacer battle-history"><br></div><div class="battle-history">The opposing Yanma used <strong>Air Slash</strong>!<br></div><div class="battle-history"><small>(Wailord lost <abbr title="−262/481">54.5%</abbr> of its health!)</small><br></div><div class="spacer battle-history"><br></div><div class="battle-history">Wailord flinched and couldn't move!<br></div><div class="spacer battle-history"><br></div><div class="battle-history"><small>Wailord restored a little HP using its Leftovers!</small><br></div><div class="battle-history"><small>[The opposing Yanma's Speed Boost]</small><br></div><div class="battle-history"><small>The opposing Yanma's Speed rose!</small><br></div><div class="spacer battle-history"><br></div><h2 class="battle-history">Turn 33</h2><div class="spacer battle-history"><br></div><div class="battle-history">The opposing Yanma used <strong>Air Slash</strong>!<br></div><div class="battle-history"><small>(Wailord lost <abbr title="−216/481">44.9%</abbr> of its health!)</small><br></div><div class="spacer battle-history"><br></div><div class="battle-history">Wailord fainted!<br></div><div class="spacer battle-history"><br></div><div class="battle-history"><small>[The opposing Yanma's Speed Boost]</small><br></div><div class="battle-history"><small>The opposing Yanma's Speed rose!</small><br></div><div class="spacer battle-history"><br></div><div class="battle-history">Go! <strong>Grotle</strong>!<br></div><div class="spacer battle-history"><br></div><h2 class="battle-history">Turn 34</h2><div class="chat chatmessage-queenmotorhead"><strong style="color:hsl(250,43%,61.5687527400889%)"><small> </small><span class="username" data-name="Queen Motorhead">Queen Motorhead</span>:</strong> <em>Unfort</em></div><div class="spacer battle-history"><br></div><div class="battle-history">The opposing Yanma used <strong>Air Slash</strong>!<br></div><div class="battle-history"><small>It's super effective!</small><br></div><div class="battle-history"><small>(Grotle lost <abbr title="−127/354">35.9%</abbr> of its health!)</small><br></div><div class="spacer battle-history"><br></div><div class="battle-history">Grotle fainted!<br></div><div class="spacer battle-history"><br></div><div class="battle-history"><strong>Owow Wilson</strong> won the battle!<br></div><div class="chat chatmessage-ayobb"><strong style="color:hsl(169,65%,31.333333333333332%)"><small>☆</small><span class="username" data-name="ayo bb">ayo bb</span>:</strong> <em>gg</em></div></div><div class="inner-preempt"></div></div></div>
</div>
<script>
let daily = Math.floor(Date.now()/1000/60/60/24);document.write('<script src="https://play.pokemonshowdown.com/js/replay-embed.js?version'+daily+'"></'+'script>');
</script>
