<!DOCTYPE html>
<meta charset="utf-8" />
<!-- version 1 -->
<title>PU replay: AllanG13 vs. BeralRed2103</title>
<style>
html,body {font-family:Verdana, sans-serif;font-size:10pt;margin:0;padding:0;}body{padding:12px 0;} .battle-log {font-family:Verdana, sans-serif;font-size:10pt;} .battle-log-inline {border:1px solid #AAAAAA;background:#EEF2F5;color:black;max-width:640px;margin:0 auto 80px;padding-bottom:5px;} .battle-log .inner {padding:4px 8px 0px 8px;} .battle-log .inner-preempt {padding:0 8px 4px 8px;} .battle-log .inner-after {margin-top:0.5em;} .battle-log h2 {margin:0.5em -8px;padding:4px 8px;border:1px solid #AAAAAA;background:#E0E7EA;border-left:0;border-right:0;font-family:Verdana, sans-serif;font-size:13pt;} .battle-log .chat {vertical-align:middle;padding:3px 0 3px 0;font-size:8pt;} .battle-log .chat strong {color:#40576A;} .battle-log .chat em {padding:1px 4px 1px 3px;color:#000000;font-style:normal;} .chat.mine {background:rgba(0,0,0,0.05);margin-left:-8px;margin-right:-8px;padding-left:8px;padding-right:8px;} .spoiler {color:#BBBBBB;background:#BBBBBB;padding:0px 3px;} .spoiler:hover, .spoiler:active, .spoiler-shown {color:#000000;background:#E2E2E2;padding:0px 3px;} .spoiler a {color:#BBBBBB;} .spoiler:hover a, .spoiler:active a, .spoiler-shown a {color:#2288CC;} .chat code, .chat .spoiler:hover code, .chat .spoiler:active code, .chat .spoiler-shown code {border:1px solid #C0C0C0;background:#EEEEEE;color:black;padding:0 2px;} .chat .spoiler code {border:1px solid #CCCCCC;background:#CCCCCC;color:#CCCCCC;} .battle-log .rated {padding:3px 4px;} .battle-log .rated strong {color:white;background:#89A;padding:1px 4px;border-radius:4px;} .spacer {margin-top:0.5em;} .message-announce {background:#6688AA;color:white;padding:1px 4px 2px;} .message-announce a, .broadcast-green a, .broadcast-blue a, .broadcast-red a {color:#DDEEFF;} .broadcast-green {background-color:#559955;color:white;padding:2px 4px;} .broadcast-blue {background-color:#6688AA;color:white;padding:2px 4px;} .infobox {border:1px solid #6688AA;padding:2px 4px;} .infobox-limited {max-height:200px;overflow:auto;overflow-x:hidden;} .broadcast-red {background-color:#AA5544;color:white;padding:2px 4px;} .message-learn-canlearn {font-weight:bold;color:#228822;text-decoration:underline;} .message-learn-cannotlearn {font-weight:bold;color:#CC2222;text-decoration:underline;} .message-effect-weak {font-weight:bold;color:#CC2222;} .message-effect-resist {font-weight:bold;color:#6688AA;} .message-effect-immune {font-weight:bold;color:#666666;} .message-learn-list {margin-top:0;margin-bottom:0;} .message-throttle-notice, .message-error {color:#992222;} .message-overflow, .chat small.message-overflow {font-size:0pt;} .message-overflow::before {font-size:9pt;content:'...';} .subtle {color:#3A4A66;}
</style>
<div class="wrapper replay-wrapper" style="max-width:1180px;margin:0 auto">
<input type="hidden" name="replayid" value="pu-579246659" />
<div class="battle"></div><div class="battle-log"></div><div class="replay-controls"></div><div class="replay-controls-2"></div>
<h1 style="font-weight:normal;text-align:center"><strong>PU</strong><br /><a href="http://pokemonshowdown.com/users/allang13" class="subtle" target="_blank">AllanG13</a> vs. <a href="http://pokemonshowdown.com/users/beralred2103" class="subtle" target="_blank">BeralRed2103</a></h1>
<script type="text/plain" class="battle-log-data">|j|AllanG13
|j|BeralRed2103
|player|p1|AllanG13|73
|teamsize|p1|6
|player|p2|BeralRed2103|52
|teamsize|p2|6
|gametype|singles
|gen|6
|tier|PU
|seed|14123,4782,53453,25477
|rule|Sleep Clause Mod: Limit one foe put to sleep
|rule|Species Clause: Limit one of each Pokémon
|rule|OHKO Clause: OHKO moves are banned
|rule|Moody Clause: Moody is banned
|rule|Evasion Moves Clause: Evasion moves are banned
|rule|Endless Battle Clause: Forcing endless battles is banned
|rule|HP Percentage Mod: HP is shown in percentages
|clearpoke
|poke|p1|Simisear, M, shiny|item
|poke|p1|Chatot, M, shiny|item
|poke|p1|Prinplup, M, shiny|item
|poke|p1|Floatzel, M|item
|poke|p1|Clefairy, F, shiny|item
|poke|p1|Luxray, M, shiny|item
|poke|p2|Smeargle, F|item
|poke|p2|Bouffalant, F|item
|poke|p2|Kadabra, F|item
|poke|p2|Flareon, F|item
|poke|p2|Crustle, F|item
|poke|p2|Cacturne, M|item
|rule|Swagger Clause: Swagger is banned
|rule|Baton Pass Clause: Limit one Baton Passer, can't pass Spe and other stats simultaneously
|teampreview
|c|☆BeralRed2103|VEM PRO PAU OTACO FEDIDO
|c|☆AllanG13|ata chupa-cu
|c|☆BeralRed2103|rude
|choice|team 6, team 2, team 3, team 4, team 5, team 1|team 2, team 1, team 3, team 4, team 5, team 6
|
|start
|switch|p1a: Scar|Luxray, M, shiny|301\/301
|switch|p2a: Bouffalant|Bouffalant, F|331\/331
|-ability|p1a: Scar|Intimidate|boost
|-unboost|p2a: Bouffalant|atk|1
|turn|1
|c|☆BeralRed2103|ah, aproveita e me diz
|c|☆BeralRed2103|qual é a sua entrada
|c|☆BeralRed2103|pra
|c|☆BeralRed2103|bouffalant
|c|☆BeralRed2103|?_?
|c|☆AllanG13|o irineu
|choice|move voltswitch|move headcharge
|
|move|p1a: Scar|Volt Switch|p2a: Bouffalant
|-damage|p2a: Bouffalant|262\/331
|c|☆BeralRed2103|hum, entendi
|choice|switch 3|
|
|switch|p1a: Pingu|Prinplup, M, shiny|332\/332
|move|p2a: Bouffalant|Head Charge|p1a: Pingu
|-damage|p1a: Pingu|151\/332
|-damage|p2a: Bouffalant|217\/331|[from] Recoil|[of] p1a: Pingu
|
|upkeep
|turn|2
|c|☆AllanG13|carai
|c|☆AllanG13|topper
|c|☆BeralRed2103|de fato, boa entrada
|choice|move stealthrock|move headcharge
|
|move|p2a: Bouffalant|Head Charge|p1a: Pingu
|-damage|p1a: Pingu|0 fnt
|-damage|p2a: Bouffalant|179\/331|[from] Recoil|[of] p1a: Pingu
|faint|p1a: Pingu
|
|upkeep
|choice|switch 3|
|
|switch|p1a: Scar|Luxray, M, shiny|301\/301
|-ability|p1a: Scar|Intimidate|boost
|-unboost|p2a: Bouffalant|atk|1
|turn|3
|choice|move superpower|switch 6
|
|switch|p2a: Cacturne|Cacturne, M|281\/281
|move|p1a: Scar|Superpower|p2a: Cacturne
|-supereffective|p2a: Cacturne
|-crit|p2a: Cacturne
|-damage|p2a: Cacturne|0 fnt
|-unboost|p1a: Scar|atk|1
|-unboost|p1a: Scar|def|1
|faint|p2a: Cacturne
|
|upkeep
|c|☆BeralRed2103|mor
|c|☆BeralRed2103|reu
|c|☆AllanG13|nice entrada
|c|☆BeralRed2103|afe
|c|☆BeralRed2103|essa fala é minha
|choice||switch 2
|
|switch|p2a: Smeargle|Smeargle, F|314\/314
|turn|4
|choice|switch 5|move spore
|
|switch|p1a: BBzin|Clefairy, F, shiny|344\/344
|move|p2a: Smeargle|Spore|p1a: BBzin
|-status|p1a: BBzin|slp
|
|upkeep
|turn|5
|choice|switch 5|move stealthrock
|
|switch|p1a: Scar|Luxray, M, shiny|301\/301
|-ability|p1a: Scar|Intimidate|boost
|-unboost|p2a: Smeargle|atk|1
|move|p2a: Smeargle|Stealth Rock|p1a: Scar
|-sidestart|p1: AllanG13|move: Stealth Rock
|
|upkeep
|turn|6
|choice|move voltswitch|move stickyweb
|
|move|p1a: Scar|Volt Switch|p2a: Smeargle
|-damage|p2a: Smeargle|188\/314
|choice|switch 4|
|
|switch|p1a: Doninha Pai|Floatzel, M|311\/311
|-damage|p1a: Doninha Pai|273\/311|[from] stealthrock
|move|p2a: Smeargle|Sticky Web|p1a: Doninha Pai
|-sidestart|p1: AllanG13|move: Sticky Web
|
|upkeep
|turn|7
|choice|move waterfall|move taunt
|
|move|p1a: Doninha Pai|Waterfall|p2a: Smeargle
|-damage|p2a: Smeargle|0 fnt
|-damage|p1a: Doninha Pai|242\/311|[from] item: Life Orb
|faint|p2a: Smeargle
|
|upkeep
|c|☆AllanG13|me fudi gostosin
|choice||switch 3
|
|switch|p2a: Kadabra|Kadabra, F|221\/221
|turn|8
|choice|switch 5|move psychic
|
|switch|p1a: BBzin|Clefairy, F, shiny|344\/344 slp
|-activate|p1a: BBzin|move: Sticky Web
|-unboost|p1a: BBzin|spe|1
|move|p2a: Kadabra|Psychic|p1a: BBzin
|-damage|p1a: BBzin|206\/344 slp
|
|upkeep
|turn|9
|choice|move thunderwave|move psychic
|
|move|p2a: Kadabra|Psychic|p1a: BBzin
|-damage|p1a: BBzin|68\/344 slp
|cant|p1a: BBzin|slp
|
|upkeep
|turn|10
|choice|move moonlight|move psychic
|
|move|p2a: Kadabra|Psychic|p1a: BBzin
|-damage|p1a: BBzin|0 fnt
|faint|p1a: BBzin
|
|upkeep
|c|☆BeralRed2103|escolhe +1
|c|☆BeralRed2103|pra morrer
|c|☆BeralRed2103|esse n foi o suficiente
|c|☆AllanG13|blz
|choice|switch 2|
|
|switch|p1a: Chato|Chatot, M, shiny|293\/293
|-damage|p1a: Chato|220\/293|[from] stealthrock
|turn|11
|choice|move boomburst|move psychic
|
|move|p2a: Kadabra|Psychic|p1a: Chato
|-damage|p1a: Chato|0 fnt
|faint|p1a: Chato
|
|upkeep
|choice|switch 5|
|
|switch|p1a: Doninha Pai|Floatzel, M|242\/311
|-activate|p1a: Doninha Pai|move: Sticky Web
|-unboost|p1a: Doninha Pai|spe|1
|-damage|p1a: Doninha Pai|204\/311|[from] stealthrock
|turn|12
|c|☆AllanG13|puta vida
|c|☆BeralRed2103|escolhe +1
|choice|move aquajet|move energyball
|
|move|p1a: Doninha Pai|Aqua Jet|p2a: Kadabra
|-damage|p2a: Kadabra|38\/221
|-damage|p1a: Doninha Pai|173\/311|[from] item: Life Orb
|move|p2a: Kadabra|Energy Ball|p1a: Doninha Pai
|-supereffective|p1a: Doninha Pai
|-damage|p1a: Doninha Pai|0 fnt
|faint|p1a: Doninha Pai
|
|upkeep
|choice|switch 4|
|
|switch|p1a: Scar|Luxray, M, shiny|301\/301
|-damage|p1a: Scar|264\/301|[from] stealthrock
|-activate|p1a: Scar|move: Sticky Web
|-unboost|p1a: Scar|spe|1
|-ability|p1a: Scar|Intimidate|boost
|-unboost|p2a: Kadabra|atk|1
|turn|13
|c|☆AllanG13|agressivo
|c|☆BeralRed2103|poxa
|choice|move voltswitch|move psychic
|
|move|p2a: Kadabra|Psychic|p1a: Scar
|-crit|p1a: Scar
|-damage|p1a: Scar|0 fnt
|faint|p1a: Scar
|
|upkeep
|c|☆BeralRed2103|pensei q seria mais difícil
|c|☆AllanG13|crit?
|c|☆AllanG13|rlly?
|c|☆BeralRed2103|vc realmente tá precisando de treino oo
|c|☆BeralRed2103|acho q nem importou
|c|☆BeralRed2103|kek
|choice|switch 6|
|
|switch|p1a: Odiado|Simisear, M, shiny|291\/291
|-activate|p1a: Odiado|move: Sticky Web
|-unboost|p1a: Odiado|spe|1
|-damage|p1a: Odiado|219\/291|[from] stealthrock
|turn|14
|c|☆BeralRed2103|e tipo
|c|☆AllanG13|qr calcular?
|c|☆BeralRed2103|qualquer coisa
|c|☆BeralRed2103|eu entrava com crustle
|c|☆BeralRed2103|e ganhava o jogo
|c|☆BeralRed2103|lol
|c|☆AllanG13|:v
|choice|move knockoff|move psychic
|
|move|p2a: Kadabra|Psychic|p1a: Odiado
|-damage|p1a: Odiado|2\/291
|-unboost|p1a: Odiado|spd|1
|move|p1a: Odiado|Knock Off|p2a: Kadabra
|-supereffective|p2a: Kadabra
|-damage|p2a: Kadabra|0 fnt
|-enditem|p2a: Kadabra|Focus Sash|[from] move: Knock Off|[of] p1a: Odiado
|-damage|p1a: Odiado|0 fnt|[from] item: Life Orb
|faint|p2a: Kadabra
|faint|p1a: Odiado
|
|win|BeralRed2103
|c|☆BeralRed2103|gg
|c|☆AllanG13|n sei mais jogar pokemo
|c|☆AllanG13|pokemon
|c|☆AllanG13|vou desistir da vida
|c|☆AllanG13|bye
|c|☆BeralRed2103|vc só sabe jogar
|c|☆BeralRed2103|VGC
|c|☆BeralRed2103|ne
|c|☆AllanG13|nem
|c|☆AllanG13|nem vgc eu sei
|c|☆BeralRed2103|> nem
|c|☆BeralRed2103|cara ficou em 10 lugar
|c|☆BeralRed2103|em um torneio mundial
|c|☆AllanG13|nah, isso eh passado
|c|☆BeralRed2103|e fala q n eh bom em VGC
|c|☆AllanG13|desde quando começaram minhas aulas
|c|☆AllanG13|piorei
|c|☆AllanG13|dms
|c|☆AllanG13|ja era ruim
|c|☆BeralRed2103|isso eh normal
|c|☆AllanG13|fiquei pior
|c|☆AllanG13|aff
|c|☆AllanG13|fds
|c|☆BeralRed2103|olha
|c|☆AllanG13|tchau
|c|☆BeralRed2103|é só vc passar um óleo
|c|☆AllanG13|vou resolver uma treta pendente
|c|☆BeralRed2103|pra ferrugem sair
|c|☆AllanG13|passar um olho aonde?
|c|☆AllanG13|no cu?
|c|☆AllanG13|se for no cu eu aceito
|l|BeralRed2103
|l|AllanG13
|j|BeralRed2103</script>
</div>
<div class="battle-log battle-log-inline"><div class="inner"><div class="battle-options"></div><div class="inner"><div class="chat"><small>AllanG13 joined.</small></div><div class="chat"><small>BeralRed2103 joined.</small></div><div class=""><small>Format:</small> <br><strong>PU</strong></div><div class=""><small><em>Sleep Clause Mod:</em> Limit one foe put to sleep</small></div><div class=""><small><em>Species Clause:</em> Limit one of each Pokémon</small></div><div class=""><small><em>OHKO Clause:</em> OHKO moves are banned</small></div><div class=""><small><em>Moody Clause:</em> Moody is banned</small></div><div class=""><small><em>Evasion Moves Clause:</em> Evasion moves are banned</small></div><div class=""><small><em>Endless Battle Clause:</em> Forcing endless battles is banned</small></div><div class=""><small><em>HP Percentage Mod:</em> HP is shown in percentages</small></div><div class=""><small><em>Swagger Clause:</em> Swagger is banned</small></div><div class=""><small><em>Baton Pass Clause:</em> Limit one Baton Passer, can't pass Spe and other stats simultaneously</small></div><div class="chat battle-history"><strong>AllanG13's team:</strong> <em style="color:#445566;display:block;">Simisear / Chatot / Prinplup / Floatzel / Clefairy / Luxray</em></div><div class="chat battle-history"><strong>BeralRed2103's team:</strong> <em style="color:#445566;display:block;">Smeargle / Bouffalant / Kadabra / Flareon / Crustle / Cacturne</em></div><div class="chat chatmessage-beralred2103"><strong style="color:hsl(13,89%,42.482063084187764%)"><small>☆</small><span class="username" data-name="BeralRed2103">BeralRed2103</span>:</strong> <em>VEM PRO PAU OTACO FEDIDO</em></div><div class="chat chatmessage-allang13"><strong style="color:hsl(338,68%,49%)"><small>☆</small><span class="username" data-name="AllanG13">AllanG13</span>:</strong> <em>ata chupa-cu</em></div><div class="chat chatmessage-beralred2103"><strong style="color:hsl(13,89%,42.482063084187764%)"><small>☆</small><span class="username" data-name="BeralRed2103">BeralRed2103</span>:</strong> <em>rude</em></div><div class="spacer battle-history"><br></div><div class="battle-history">Battle started between AllanG13 and BeralRed2103!<br></div><div class="spacer battle-history"><br></div><div class="battle-history">Go! Scar (<strong>Luxray</strong>)!<br></div><div class="spacer battle-history"><br></div><div class="battle-history">BeralRed2103 sent out <strong>Bouffalant</strong>!<br></div><div class="battle-history"><small>[Scar's Intimidate]</small><br></div><div class="battle-history"><small>The opposing Bouffalant's Attack fell!</small><br></div><div class="spacer battle-history"><br></div><h2 class="battle-history">Turn 1</h2><div class="chat chatmessage-beralred2103"><strong style="color:hsl(13,89%,42.482063084187764%)"><small>☆</small><span class="username" data-name="BeralRed2103">BeralRed2103</span>:</strong> <em>ah, aproveita e me diz</em></div><div class="chat chatmessage-beralred2103"><strong style="color:hsl(13,89%,42.482063084187764%)"><small>☆</small><span class="username" data-name="BeralRed2103">BeralRed2103</span>:</strong> <em>qual é a sua entrada</em></div><div class="chat chatmessage-beralred2103"><strong style="color:hsl(13,89%,42.482063084187764%)"><small>☆</small><span class="username" data-name="BeralRed2103">BeralRed2103</span>:</strong> <em>pra</em></div><div class="chat chatmessage-beralred2103"><strong style="color:hsl(13,89%,42.482063084187764%)"><small>☆</small><span class="username" data-name="BeralRed2103">BeralRed2103</span>:</strong> <em>bouffalant</em></div><div class="chat chatmessage-beralred2103"><strong style="color:hsl(13,89%,42.482063084187764%)"><small>☆</small><span class="username" data-name="BeralRed2103">BeralRed2103</span>:</strong> <em>?_?</em></div><div class="chat chatmessage-allang13"><strong style="color:hsl(338,68%,49%)"><small>☆</small><span class="username" data-name="AllanG13">AllanG13</span>:</strong> <em>o irineu</em></div><div class="spacer battle-history"><br></div><div class="battle-history">Scar used <strong>Volt Switch</strong>!<br></div><div class="battle-history"><small>(The opposing Bouffalant lost <abbr title="−69/331">20.8%</abbr> of its health!)</small><br></div><div class="chat chatmessage-beralred2103"><strong style="color:hsl(13,89%,42.482063084187764%)"><small>☆</small><span class="username" data-name="BeralRed2103">BeralRed2103</span>:</strong> <em>hum, entendi</em></div><div class="spacer battle-history"><br></div><div class="battle-history">Scar went back to AllanG13!<br></div><div class="battle-history">Go! Pingu (<strong>Prinplup</strong>)!<br></div><div class="spacer battle-history"><br></div><div class="battle-history">The opposing Bouffalant used <strong>Head Charge</strong>!<br></div><div class="battle-history"><small>(Pingu lost <abbr title="−181/332">54.5%</abbr> of its health!)</small><br></div><div class="battle-history"><small>The opposing Bouffalant is damaged by the recoil!</small><br></div><div class="spacer battle-history"><br></div><h2 class="battle-history">Turn 2</h2><div class="chat chatmessage-allang13"><strong style="color:hsl(338,68%,49%)"><small>☆</small><span class="username" data-name="AllanG13">AllanG13</span>:</strong> <em>carai</em></div><div class="chat chatmessage-allang13"><strong style="color:hsl(338,68%,49%)"><small>☆</small><span class="username" data-name="AllanG13">AllanG13</span>:</strong> <em>topper</em></div><div class="chat chatmessage-beralred2103"><strong style="color:hsl(13,89%,42.482063084187764%)"><small>☆</small><span class="username" data-name="BeralRed2103">BeralRed2103</span>:</strong> <em>de fato, boa entrada</em></div><div class="spacer battle-history"><br></div><div class="battle-history">The opposing Bouffalant used <strong>Head Charge</strong>!<br></div><div class="battle-history"><small>(Pingu lost <abbr title="−151/332">45.5%</abbr> of its health!)</small><br></div><div class="battle-history"><small>The opposing Bouffalant is damaged by the recoil!</small><br></div><div class="spacer battle-history"><br></div><div class="battle-history">Pingu fainted!<br></div><div class="spacer battle-history"><br></div><div class="battle-history">Go! Scar (<strong>Luxray</strong>)!<br></div><div class="battle-history"><small>[Scar's Intimidate]</small><br></div><div class="battle-history"><small>The opposing Bouffalant's Attack fell!</small><br></div><div class="spacer battle-history"><br></div><h2 class="battle-history">Turn 3</h2><div class="spacer battle-history"><br></div><div class="battle-history">BeralRed2103 withdrew Bouffalant!<br></div><div class="battle-history">BeralRed2103 sent out <strong>Cacturne</strong>!<br></div><div class="spacer battle-history"><br></div><div class="battle-history">Scar used <strong>Superpower</strong>!<br></div><div class="battle-history"><small>It's super effective!</small><br></div><div class="battle-history"><small>A critical hit!</small><br></div><div class="battle-history"><small>(The opposing Cacturne lost <abbr title="−281/281">100%</abbr> of its health!)</small><br></div><div class="battle-history"><small>Scar's Attack fell!</small><br></div><div class="battle-history"><small>Scar's Defense fell!</small><br></div><div class="spacer battle-history"><br></div><div class="battle-history">The opposing Cacturne fainted!<br></div><div class="chat chatmessage-beralred2103"><strong style="color:hsl(13,89%,42.482063084187764%)"><small>☆</small><span class="username" data-name="BeralRed2103">BeralRed2103</span>:</strong> <em>mor</em></div><div class="chat chatmessage-beralred2103"><strong style="color:hsl(13,89%,42.482063084187764%)"><small>☆</small><span class="username" data-name="BeralRed2103">BeralRed2103</span>:</strong> <em>reu</em></div><div class="chat chatmessage-allang13"><strong style="color:hsl(338,68%,49%)"><small>☆</small><span class="username" data-name="AllanG13">AllanG13</span>:</strong> <em>nice entrada</em></div><div class="chat chatmessage-beralred2103"><strong style="color:hsl(13,89%,42.482063084187764%)"><small>☆</small><span class="username" data-name="BeralRed2103">BeralRed2103</span>:</strong> <em>afe</em></div><div class="chat chatmessage-beralred2103"><strong style="color:hsl(13,89%,42.482063084187764%)"><small>☆</small><span class="username" data-name="BeralRed2103">BeralRed2103</span>:</strong> <em>essa fala é minha</em></div><div class="spacer battle-history"><br></div><div class="battle-history">BeralRed2103 sent out <strong>Smeargle</strong>!<br></div><div class="spacer battle-history"><br></div><h2 class="battle-history">Turn 4</h2><div class="spacer battle-history"><br></div><div class="battle-history">Scar, come back!<br></div><div class="battle-history">Go! BBzin (<strong>Clefairy</strong>)!<br></div><div class="spacer battle-history"><br></div><div class="battle-history">The opposing Smeargle used <strong>Spore</strong>!<br></div><div class="battle-history"><small>BBzin fell asleep!</small><br></div><div class="spacer battle-history"><br></div><h2 class="battle-history">Turn 5</h2><div class="spacer battle-history"><br></div><div class="battle-history">BBzin, come back!<br></div><div class="battle-history">Go! Scar (<strong>Luxray</strong>)!<br></div><div class="battle-history"><small>[Scar's Intimidate]</small><br></div><div class="battle-history"><small>The opposing Smeargle's Attack fell!</small><br></div><div class="spacer battle-history"><br></div><div class="battle-history">The opposing Smeargle used <strong>Stealth Rock</strong>!<br></div><div class="battle-history"><small>Pointed stones float in the air around your team!</small><br></div><div class="spacer battle-history"><br></div><h2 class="battle-history">Turn 6</h2><div class="spacer battle-history"><br></div><div class="battle-history">Scar used <strong>Volt Switch</strong>!<br></div><div class="battle-history"><small>(The opposing Smeargle lost <abbr title="−126/314">40.1%</abbr> of its health!)</small><br></div><div class="spacer battle-history"><br></div><div class="battle-history">Scar went back to AllanG13!<br></div><div class="battle-history">Go! Doninha Pai (<strong>Floatzel</strong>)!<br></div><div class="battle-history"><small>Pointed stones dug into Doninha Pai!</small><br></div><div class="spacer battle-history"><br></div><div class="battle-history">The opposing Smeargle used <strong>Sticky Web</strong>!<br></div><div class="battle-history"><small>A sticky web spreads out on the ground around your team!</small><br></div><div class="spacer battle-history"><br></div><h2 class="battle-history">Turn 7</h2><div class="spacer battle-history"><br></div><div class="battle-history">Doninha Pai used <strong>Waterfall</strong>!<br></div><div class="battle-history"><small>(The opposing Smeargle lost <abbr title="−188/314">59.9%</abbr> of its health!)</small><br></div><div class="battle-history"><small>Doninha Pai lost some of its HP!</small><br></div><div class="spacer battle-history"><br></div><div class="battle-history">The opposing Smeargle fainted!<br></div><div class="chat chatmessage-allang13"><strong style="color:hsl(338,68%,49%)"><small>☆</small><span class="username" data-name="AllanG13">AllanG13</span>:</strong> <em>me fudi gostosin</em></div><div class="spacer battle-history"><br></div><div class="battle-history">BeralRed2103 sent out <strong>Kadabra</strong>!<br></div><div class="spacer battle-history"><br></div><h2 class="battle-history">Turn 8</h2><div class="spacer battle-history"><br></div><div class="battle-history">Doninha Pai, come back!<br></div><div class="battle-history">Go! BBzin (<strong>Clefairy</strong>)!<br></div><div class="battle-history"><small>BBzin was caught in a sticky web!</small><br></div><div class="battle-history"><small>BBzin's Speed fell!</small><br></div><div class="spacer battle-history"><br></div><div class="battle-history">The opposing Kadabra used <strong>Psychic</strong>!<br></div><div class="battle-history"><small>(BBzin lost <abbr title="−138/344">40.1%</abbr> of its health!)</small><br></div><div class="spacer battle-history"><br></div><h2 class="battle-history">Turn 9</h2><div class="spacer battle-history"><br></div><div class="battle-history">The opposing Kadabra used <strong>Psychic</strong>!<br></div><div class="battle-history"><small>(BBzin lost <abbr title="−138/344">40.1%</abbr> of its health!)</small><br></div><div class="spacer battle-history"><br></div><div class="battle-history">BBzin is fast asleep.<br></div><div class="spacer battle-history"><br></div><h2 class="battle-history">Turn 10</h2><div class="spacer battle-history"><br></div><div class="battle-history">The opposing Kadabra used <strong>Psychic</strong>!<br></div><div class="battle-history"><small>(BBzin lost <abbr title="−68/344">19.8%</abbr> of its health!)</small><br></div><div class="spacer battle-history"><br></div><div class="battle-history">BBzin fainted!<br></div><div class="chat chatmessage-beralred2103"><strong style="color:hsl(13,89%,42.482063084187764%)"><small>☆</small><span class="username" data-name="BeralRed2103">BeralRed2103</span>:</strong> <em>escolhe +1</em></div><div class="chat chatmessage-beralred2103"><strong style="color:hsl(13,89%,42.482063084187764%)"><small>☆</small><span class="username" data-name="BeralRed2103">BeralRed2103</span>:</strong> <em>pra morrer</em></div><div class="chat chatmessage-beralred2103"><strong style="color:hsl(13,89%,42.482063084187764%)"><small>☆</small><span class="username" data-name="BeralRed2103">BeralRed2103</span>:</strong> <em>esse n foi o suficiente</em></div><div class="chat chatmessage-allang13"><strong style="color:hsl(338,68%,49%)"><small>☆</small><span class="username" data-name="AllanG13">AllanG13</span>:</strong> <em>blz</em></div><div class="spacer battle-history"><br></div><div class="battle-history">Go! Chato (<strong>Chatot</strong>)!<br></div><div class="battle-history"><small>Pointed stones dug into Chato!</small><br></div><div class="spacer battle-history"><br></div><h2 class="battle-history">Turn 11</h2><div class="spacer battle-history"><br></div><div class="battle-history">The opposing Kadabra used <strong>Psychic</strong>!<br></div><div class="battle-history"><small>(Chato lost <abbr title="−220/293">75.1%</abbr> of its health!)</small><br></div><div class="spacer battle-history"><br></div><div class="battle-history">Chato fainted!<br></div><div class="spacer battle-history"><br></div><div class="battle-history">Go! Doninha Pai (<strong>Floatzel</strong>)!<br></div><div class="battle-history"><small>Doninha Pai was caught in a sticky web!</small><br></div><div class="battle-history"><small>Doninha Pai's Speed fell!</small><br></div><div class="battle-history"><small>Pointed stones dug into Doninha Pai!</small><br></div><div class="spacer battle-history"><br></div><h2 class="battle-history">Turn 12</h2><div class="chat chatmessage-allang13"><strong style="color:hsl(338,68%,49%)"><small>☆</small><span class="username" data-name="AllanG13">AllanG13</span>:</strong> <em>puta vida</em></div><div class="chat chatmessage-beralred2103"><strong style="color:hsl(13,89%,42.482063084187764%)"><small>☆</small><span class="username" data-name="BeralRed2103">BeralRed2103</span>:</strong> <em>escolhe +1</em></div><div class="spacer battle-history"><br></div><div class="battle-history">Doninha Pai used <strong>Aqua Jet</strong>!<br></div><div class="battle-history"><small>(The opposing Kadabra lost <abbr title="−183/221">82.8%</abbr> of its health!)</small><br></div><div class="battle-history"><small>Doninha Pai lost some of its HP!</small><br></div><div class="spacer battle-history"><br></div><div class="battle-history">The opposing Kadabra used <strong>Energy Ball</strong>!<br></div><div class="battle-history"><small>It's super effective!</small><br></div><div class="battle-history"><small>(Doninha Pai lost <abbr title="−173/311">55.6%</abbr> of its health!)</small><br></div><div class="spacer battle-history"><br></div><div class="battle-history">Doninha Pai fainted!<br></div><div class="spacer battle-history"><br></div><div class="battle-history">Go! Scar (<strong>Luxray</strong>)!<br></div><div class="battle-history"><small>Pointed stones dug into Scar!</small><br></div><div class="battle-history"><small>Scar was caught in a sticky web!</small><br></div><div class="battle-history"><small>Scar's Speed fell!</small><br></div><div class="battle-history"><small>[Scar's Intimidate]</small><br></div><div class="battle-history"><small>The opposing Kadabra's Attack fell!</small><br></div><div class="spacer battle-history"><br></div><h2 class="battle-history">Turn 13</h2><div class="chat chatmessage-allang13"><strong style="color:hsl(338,68%,49%)"><small>☆</small><span class="username" data-name="AllanG13">AllanG13</span>:</strong> <em>agressivo</em></div><div class="chat chatmessage-beralred2103"><strong style="color:hsl(13,89%,42.482063084187764%)"><small>☆</small><span class="username" data-name="BeralRed2103">BeralRed2103</span>:</strong> <em>poxa</em></div><div class="spacer battle-history"><br></div><div class="battle-history">The opposing Kadabra used <strong>Psychic</strong>!<br></div><div class="battle-history"><small>A critical hit!</small><br></div><div class="battle-history"><small>(Scar lost <abbr title="−264/301">87.7%</abbr> of its health!)</small><br></div><div class="spacer battle-history"><br></div><div class="battle-history">Scar fainted!<br></div><div class="chat chatmessage-beralred2103"><strong style="color:hsl(13,89%,42.482063084187764%)"><small>☆</small><span class="username" data-name="BeralRed2103">BeralRed2103</span>:</strong> <em>pensei q seria mais difícil</em></div><div class="chat chatmessage-allang13"><strong style="color:hsl(338,68%,49%)"><small>☆</small><span class="username" data-name="AllanG13">AllanG13</span>:</strong> <em>crit?</em></div><div class="chat chatmessage-allang13"><strong style="color:hsl(338,68%,49%)"><small>☆</small><span class="username" data-name="AllanG13">AllanG13</span>:</strong> <em>rlly?</em></div><div class="chat chatmessage-beralred2103"><strong style="color:hsl(13,89%,42.482063084187764%)"><small>☆</small><span class="username" data-name="BeralRed2103">BeralRed2103</span>:</strong> <em>vc realmente tá precisando de treino oo</em></div><div class="chat chatmessage-beralred2103"><strong style="color:hsl(13,89%,42.482063084187764%)"><small>☆</small><span class="username" data-name="BeralRed2103">BeralRed2103</span>:</strong> <em>acho q nem importou</em></div><div class="chat chatmessage-beralred2103"><strong style="color:hsl(13,89%,42.482063084187764%)"><small>☆</small><span class="username" data-name="BeralRed2103">BeralRed2103</span>:</strong> <em>kek</em></div><div class="spacer battle-history"><br></div><div class="battle-history">Go! Odiado (<strong>Simisear</strong>)!<br></div><div class="battle-history"><small>Odiado was caught in a sticky web!</small><br></div><div class="battle-history"><small>Odiado's Speed fell!</small><br></div><div class="battle-history"><small>Pointed stones dug into Odiado!</small><br></div><div class="spacer battle-history"><br></div><h2 class="battle-history">Turn 14</h2><div class="chat chatmessage-beralred2103"><strong style="color:hsl(13,89%,42.482063084187764%)"><small>☆</small><span class="username" data-name="BeralRed2103">BeralRed2103</span>:</strong> <em>e tipo</em></div><div class="chat chatmessage-allang13"><strong style="color:hsl(338,68%,49%)"><small>☆</small><span class="username" data-name="AllanG13">AllanG13</span>:</strong> <em>qr calcular?</em></div><div class="chat chatmessage-beralred2103"><strong style="color:hsl(13,89%,42.482063084187764%)"><small>☆</small><span class="username" data-name="BeralRed2103">BeralRed2103</span>:</strong> <em>qualquer coisa</em></div><div class="chat chatmessage-beralred2103"><strong style="color:hsl(13,89%,42.482063084187764%)"><small>☆</small><span class="username" data-name="BeralRed2103">BeralRed2103</span>:</strong> <em>eu entrava com crustle</em></div><div class="chat chatmessage-beralred2103"><strong style="color:hsl(13,89%,42.482063084187764%)"><small>☆</small><span class="username" data-name="BeralRed2103">BeralRed2103</span>:</strong> <em>e ganhava o jogo</em></div><div class="chat chatmessage-beralred2103"><strong style="color:hsl(13,89%,42.482063084187764%)"><small>☆</small><span class="username" data-name="BeralRed2103">BeralRed2103</span>:</strong> <em>lol</em></div><div class="chat chatmessage-allang13"><strong style="color:hsl(338,68%,49%)"><small>☆</small><span class="username" data-name="AllanG13">AllanG13</span>:</strong> <em>:v</em></div><div class="spacer battle-history"><br></div><div class="battle-history">The opposing Kadabra used <strong>Psychic</strong>!<br></div><div class="battle-history"><small>(Odiado lost <abbr title="−217/291">74.6%</abbr> of its health!)</small><br></div><div class="battle-history"><small>Odiado's Special Defense fell!</small><br></div><div class="spacer battle-history"><br></div><div class="battle-history">Odiado used <strong>Knock Off</strong>!<br></div><div class="battle-history"><small>It's super effective!</small><br></div><div class="battle-history"><small>(The opposing Kadabra lost <abbr title="−38/221">17.2%</abbr> of its health!)</small><br></div><div class="battle-history"><small>Odiado knocked off the opposing Kadabra's Focus Sash!</small><br></div><div class="battle-history"><small>Odiado lost some of its HP!</small><br></div><div class="spacer battle-history"><br></div><div class="battle-history">The opposing Kadabra fainted!<br></div><div class="battle-history">Odiado fainted!<br></div><div class="spacer battle-history"><br></div><div class="battle-history"><strong>BeralRed2103</strong> won the battle!<br></div><div class="chat chatmessage-beralred2103"><strong style="color:hsl(13,89%,42.482063084187764%)"><small>☆</small><span class="username" data-name="BeralRed2103">BeralRed2103</span>:</strong> <em>gg</em></div><div class="chat chatmessage-allang13"><strong style="color:hsl(338,68%,49%)"><small>☆</small><span class="username" data-name="AllanG13">AllanG13</span>:</strong> <em>n sei mais jogar pokemo</em></div><div class="chat chatmessage-allang13"><strong style="color:hsl(338,68%,49%)"><small>☆</small><span class="username" data-name="AllanG13">AllanG13</span>:</strong> <em>pokemon</em></div><div class="chat chatmessage-allang13"><strong style="color:hsl(338,68%,49%)"><small>☆</small><span class="username" data-name="AllanG13">AllanG13</span>:</strong> <em>vou desistir da vida</em></div><div class="chat chatmessage-allang13"><strong style="color:hsl(338,68%,49%)"><small>☆</small><span class="username" data-name="AllanG13">AllanG13</span>:</strong> <em>bye</em></div><div class="chat chatmessage-beralred2103"><strong style="color:hsl(13,89%,42.482063084187764%)"><small>☆</small><span class="username" data-name="BeralRed2103">BeralRed2103</span>:</strong> <em>vc só sabe jogar</em></div><div class="chat chatmessage-beralred2103"><strong style="color:hsl(13,89%,42.482063084187764%)"><small>☆</small><span class="username" data-name="BeralRed2103">BeralRed2103</span>:</strong> <em>VGC</em></div><div class="chat chatmessage-beralred2103"><strong style="color:hsl(13,89%,42.482063084187764%)"><small>☆</small><span class="username" data-name="BeralRed2103">BeralRed2103</span>:</strong> <em>ne</em></div><div class="chat chatmessage-allang13"><strong style="color:hsl(338,68%,49%)"><small>☆</small><span class="username" data-name="AllanG13">AllanG13</span>:</strong> <em>nem</em></div><div class="chat chatmessage-allang13"><strong style="color:hsl(338,68%,49%)"><small>☆</small><span class="username" data-name="AllanG13">AllanG13</span>:</strong> <em>nem vgc eu sei</em></div><div class="chat chatmessage-beralred2103"><strong style="color:hsl(13,89%,42.482063084187764%)"><small>☆</small><span class="username" data-name="BeralRed2103">BeralRed2103</span>:</strong> <em><span class="greentext">&gt; nem</span></em></div><div class="chat chatmessage-beralred2103"><strong style="color:hsl(13,89%,42.482063084187764%)"><small>☆</small><span class="username" data-name="BeralRed2103">BeralRed2103</span>:</strong> <em>cara ficou em 10 lugar</em></div><div class="chat chatmessage-beralred2103"><strong style="color:hsl(13,89%,42.482063084187764%)"><small>☆</small><span class="username" data-name="BeralRed2103">BeralRed2103</span>:</strong> <em>em um torneio mundial</em></div><div class="chat chatmessage-allang13"><strong style="color:hsl(338,68%,49%)"><small>☆</small><span class="username" data-name="AllanG13">AllanG13</span>:</strong> <em>nah, isso eh passado</em></div><div class="chat chatmessage-beralred2103"><strong style="color:hsl(13,89%,42.482063084187764%)"><small>☆</small><span class="username" data-name="BeralRed2103">BeralRed2103</span>:</strong> <em>e fala q n eh bom em VGC</em></div><div class="chat chatmessage-allang13"><strong style="color:hsl(338,68%,49%)"><small>☆</small><span class="username" data-name="AllanG13">AllanG13</span>:</strong> <em>desde quando começaram minhas aulas</em></div><div class="chat chatmessage-allang13"><strong style="color:hsl(338,68%,49%)"><small>☆</small><span class="username" data-name="AllanG13">AllanG13</span>:</strong> <em>piorei</em></div><div class="chat chatmessage-allang13"><strong style="color:hsl(338,68%,49%)"><small>☆</small><span class="username" data-name="AllanG13">AllanG13</span>:</strong> <em>dms</em></div><div class="chat chatmessage-allang13"><strong style="color:hsl(338,68%,49%)"><small>☆</small><span class="username" data-name="AllanG13">AllanG13</span>:</strong> <em>ja era ruim</em></div><div class="chat chatmessage-beralred2103"><strong style="color:hsl(13,89%,42.482063084187764%)"><small>☆</small><span class="username" data-name="BeralRed2103">BeralRed2103</span>:</strong> <em>isso eh normal</em></div><div class="chat chatmessage-allang13"><strong style="color:hsl(338,68%,49%)"><small>☆</small><span class="username" data-name="AllanG13">AllanG13</span>:</strong> <em>fiquei pior</em></div><div class="chat chatmessage-allang13"><strong style="color:hsl(338,68%,49%)"><small>☆</small><span class="username" data-name="AllanG13">AllanG13</span>:</strong> <em>aff</em></div><div class="chat chatmessage-allang13"><strong style="color:hsl(338,68%,49%)"><small>☆</small><span class="username" data-name="AllanG13">AllanG13</span>:</strong> <em>fds</em></div><div class="chat chatmessage-beralred2103"><strong style="color:hsl(13,89%,42.482063084187764%)"><small>☆</small><span class="username" data-name="BeralRed2103">BeralRed2103</span>:</strong> <em>olha</em></div><div class="chat chatmessage-allang13"><strong style="color:hsl(338,68%,49%)"><small>☆</small><span class="username" data-name="AllanG13">AllanG13</span>:</strong> <em>tchau</em></div><div class="chat chatmessage-beralred2103"><strong style="color:hsl(13,89%,42.482063084187764%)"><small>☆</small><span class="username" data-name="BeralRed2103">BeralRed2103</span>:</strong> <em>é só vc passar um óleo</em></div><div class="chat chatmessage-allang13"><strong style="color:hsl(338,68%,49%)"><small>☆</small><span class="username" data-name="AllanG13">AllanG13</span>:</strong> <em>vou resolver uma treta pendente</em></div><div class="chat chatmessage-beralred2103"><strong style="color:hsl(13,89%,42.482063084187764%)"><small>☆</small><span class="username" data-name="BeralRed2103">BeralRed2103</span>:</strong> <em>pra ferrugem sair</em></div><div class="chat chatmessage-allang13"><strong style="color:hsl(338,68%,49%)"><small>☆</small><span class="username" data-name="AllanG13">AllanG13</span>:</strong> <em>passar um olho aonde?</em></div><div class="chat chatmessage-allang13"><strong style="color:hsl(338,68%,49%)"><small>☆</small><span class="username" data-name="AllanG13">AllanG13</span>:</strong> <em>no cu?</em></div><div class="chat chatmessage-allang13"><strong style="color:hsl(338,68%,49%)"><small>☆</small><span class="username" data-name="AllanG13">AllanG13</span>:</strong> <em>se for no cu eu aceito</em></div><div class="chat"><small>BeralRed2103 left.</small></div><div class="chat"><small>AllanG13 left.</small></div><div class="chat"><small>BeralRed2103 joined.</small></div></div><div class="inner-preempt"></div></div></div>
</div>
<script>
let daily = Math.floor(Date.now()/1000/60/60/24);document.write('<script src="https://play.pokemonshowdown.com/js/replay-embed.js?version'+daily+'"></'+'script>');
</script>
