<!DOCTYPE html>
<meta charset="utf-8" />
<!-- version 1 -->
<title>PU replay: 275p vs. NotET</title>
<style>
html,body {font-family:Verdana, sans-serif;font-size:10pt;margin:0;padding:0;}body{padding:12px 0;} .battle-log {font-family:Verdana, sans-serif;font-size:10pt;} .battle-log-inline {border:1px solid #AAAAAA;background:#EEF2F5;color:black;max-width:640px;margin:0 auto 80px;padding-bottom:5px;} .battle-log .inner {padding:4px 8px 0px 8px;} .battle-log .inner-preempt {padding:0 8px 4px 8px;} .battle-log .inner-after {margin-top:0.5em;} .battle-log h2 {margin:0.5em -8px;padding:4px 8px;border:1px solid #AAAAAA;background:#E0E7EA;border-left:0;border-right:0;font-family:Verdana, sans-serif;font-size:13pt;} .battle-log .chat {vertical-align:middle;padding:3px 0 3px 0;font-size:8pt;} .battle-log .chat strong {color:#40576A;} .battle-log .chat em {padding:1px 4px 1px 3px;color:#000000;font-style:normal;} .chat.mine {background:rgba(0,0,0,0.05);margin-left:-8px;margin-right:-8px;padding-left:8px;padding-right:8px;} .spoiler {color:#BBBBBB;background:#BBBBBB;padding:0px 3px;} .spoiler:hover, .spoiler:active, .spoiler-shown {color:#000000;background:#E2E2E2;padding:0px 3px;} .spoiler a {color:#BBBBBB;} .spoiler:hover a, .spoiler:active a, .spoiler-shown a {color:#2288CC;} .chat code, .chat .spoiler:hover code, .chat .spoiler:active code, .chat .spoiler-shown code {border:1px solid #C0C0C0;background:#EEEEEE;color:black;padding:0 2px;} .chat .spoiler code {border:1px solid #CCCCCC;background:#CCCCCC;color:#CCCCCC;} .battle-log .rated {padding:3px 4px;} .battle-log .rated strong {color:white;background:#89A;padding:1px 4px;border-radius:4px;} .spacer {margin-top:0.5em;} .message-announce {background:#6688AA;color:white;padding:1px 4px 2px;} .message-announce a, .broadcast-green a, .broadcast-blue a, .broadcast-red a {color:#DDEEFF;} .broadcast-green {background-color:#559955;color:white;padding:2px 4px;} .broadcast-blue {background-color:#6688AA;color:white;padding:2px 4px;} .infobox {border:1px solid #6688AA;padding:2px 4px;} .infobox-limited {max-height:200px;overflow:auto;overflow-x:hidden;} .broadcast-red {background-color:#AA5544;color:white;padding:2px 4px;} .message-learn-canlearn {font-weight:bold;color:#228822;text-decoration:underline;} .message-learn-cannotlearn {font-weight:bold;color:#CC2222;text-decoration:underline;} .message-effect-weak {font-weight:bold;color:#CC2222;} .message-effect-resist {font-weight:bold;color:#6688AA;} .message-effect-immune {font-weight:bold;color:#666666;} .message-learn-list {margin-top:0;margin-bottom:0;} .message-throttle-notice, .message-error {color:#992222;} .message-overflow, .chat small.message-overflow {font-size:0pt;} .message-overflow::before {font-size:9pt;content:'...';} .subtle {color:#3A4A66;}
</style>
<div class="wrapper replay-wrapper" style="max-width:1180px;margin:0 auto">
<input type="hidden" name="replayid" value="pu-586404157" />
<div class="battle"></div><div class="battle-log"></div><div class="replay-controls"></div><div class="replay-controls-2"></div>
<h1 style="font-weight:normal;text-align:center"><strong>PU</strong><br /><a href="http://pokemonshowdown.com/users/275p" class="subtle" target="_blank">275p</a> vs. <a href="http://pokemonshowdown.com/users/notet" class="subtle" target="_blank">NotET</a></h1>
<script type="text/plain" class="battle-log-data">|j|275p
|j|NotET
|player|p1|275p|69
|teamsize|p1|6
|player|p2|NotET|126
|teamsize|p2|6
|gametype|singles
|gen|6
|tier|PU
|rated
|seed|23601,31122,3514,3455
|rule|Sleep Clause Mod: Limit one foe put to sleep
|rule|Species Clause: Limit one of each Pokémon
|rule|OHKO Clause: OHKO moves are banned
|rule|Moody Clause: Moody is banned
|rule|Evasion Moves Clause: Evasion moves are banned
|rule|Endless Battle Clause: Forcing endless battles is banned
|rule|HP Percentage Mod: HP is shown in percentages
|clearpoke
|poke|p1|Bouffalant, M|item
|poke|p1|Monferno, F|item
|poke|p1|Stunfisk, F|item
|poke|p1|Gogoat, F|item
|poke|p1|Solrock|item
|poke|p1|Avalugg, M|item
|poke|p2|Stunfisk, M|item
|poke|p2|Vibrava, F|item
|poke|p2|Hippopotas, F|item
|poke|p2|Gabite, M|item
|poke|p2|Camerupt, F|item
|poke|p2|Marowak, M|item
|rule|Swagger Clause: Swagger is banned
|rule|Baton Pass Clause: Limit one Baton Passer, can't pass Spe and other stats simultaneously
|teampreview
|choice|team 4, team 2, team 3, team 1, team 5, team 6|team 3, team 2, team 1, team 4, team 5, team 6
|
|start
|switch|p1a: Gogoat|Gogoat, F|450\/450
|switch|p2a: Hippopotas|Hippopotas, F|339\/339
|-weather|Sandstorm|[from] ability: Sand Stream|[of] p2a: Hippopotas
|turn|1
|choice|move bulkup|move toxic
|
|move|p1a: Gogoat|Bulk Up|p1a: Gogoat
|-boost|p1a: Gogoat|atk|1
|-boost|p1a: Gogoat|def|1
|move|p2a: Hippopotas|Toxic|p1a: Gogoat
|-status|p1a: Gogoat|tox
|
|-weather|Sandstorm|[upkeep]
|-damage|p1a: Gogoat|422\/450 tox|[from] sandstorm
|-heal|p1a: Gogoat|450\/450 tox|[from] item: Leftovers
|-damage|p1a: Gogoat|422\/450 tox|[from] psn
|upkeep
|turn|2
|choice|move hornleech|switch 2
|
|switch|p2a: Vibrava|Vibrava, F|303\/303
|move|p1a: Gogoat|Horn Leech|p2a: Vibrava
|-damage|p2a: Vibrava|74\/303
|-heal|p1a: Gogoat|450\/450 tox|[from] drain|[of] p2a: Vibrava
|
|-weather|Sandstorm|[upkeep]
|-damage|p1a: Gogoat|422\/450 tox|[from] sandstorm
|-heal|p1a: Gogoat|450\/450 tox|[from] item: Leftovers
|-damage|p1a: Gogoat|394\/450 tox|[from] psn
|upkeep
|turn|3
|choice|move hornleech|move roost
|
|move|p2a: Vibrava|Roost|p2a: Vibrava
|-heal|p2a: Vibrava|226\/303
|move|p1a: Gogoat|Horn Leech|p2a: Vibrava
|-damage|p2a: Vibrava|31\/303
|-heal|p1a: Gogoat|450\/450 tox|[from] drain|[of] p2a: Vibrava
|
|-weather|Sandstorm|[upkeep]
|-damage|p1a: Gogoat|422\/450 tox|[from] sandstorm
|-heal|p1a: Gogoat|450\/450 tox|[from] item: Leftovers
|-damage|p1a: Gogoat|366\/450 tox|[from] psn
|upkeep
|turn|4
|choice|move hornleech|move roost
|
|move|p2a: Vibrava|Roost|p2a: Vibrava
|-heal|p2a: Vibrava|183\/303
|move|p1a: Gogoat|Horn Leech|p2a: Vibrava
|-damage|p2a: Vibrava|0 fnt
|-heal|p1a: Gogoat|450\/450 tox|[from] drain|[of] p2a: Vibrava
|faint|p2a: Vibrava
|
|-weather|Sandstorm|[upkeep]
|-damage|p1a: Gogoat|422\/450 tox|[from] sandstorm
|-heal|p1a: Gogoat|450\/450 tox|[from] item: Leftovers
|-damage|p1a: Gogoat|338\/450 tox|[from] psn
|upkeep
|choice||switch 5
|
|switch|p2a: Camerupt|Camerupt, F|281\/281
|turn|5
|choice|move hornleech|move eruption
|
|move|p2a: Camerupt|Eruption|p1a: Gogoat
|-supereffective|p1a: Gogoat
|-damage|p1a: Gogoat|0 fnt
|faint|p1a: Gogoat
|
|-weather|none
|upkeep
|choice|switch 3|
|
|switch|p1a: Stunfisk|Stunfisk, F|422\/422
|turn|6
|choice|move scald|switch 2
|
|switch|p2a: Hippopotas|Hippopotas, F|339\/339
|-weather|Sandstorm|[from] ability: Sand Stream|[of] p2a: Hippopotas
|move|p1a: Stunfisk|Scald|p2a: Hippopotas
|-supereffective|p2a: Hippopotas
|-damage|p2a: Hippopotas|153\/339
|-status|p2a: Hippopotas|brn
|
|-weather|Sandstorm|[upkeep]
|-damage|p2a: Hippopotas|111\/339 brn|[from] brn
|upkeep
|turn|7
|choice|move scald|move stealthrock
|
|move|p1a: Stunfisk|Scald|p2a: Hippopotas
|-supereffective|p2a: Hippopotas
|-damage|p2a: Hippopotas|0 fnt
|faint|p2a: Hippopotas
|
|-weather|Sandstorm|[upkeep]
|upkeep
|choice||switch 6
|
|switch|p2a: Marowak|Marowak, M|261\/261
|turn|8
|choice|move scald|move bonemerang
|
|move|p2a: Marowak|Bonemerang|p1a: Stunfisk
|-supereffective|p1a: Stunfisk
|-damage|p1a: Stunfisk|74\/422
|-supereffective|p1a: Stunfisk
|-damage|p1a: Stunfisk|0 fnt
|-hitcount|p1a: Stunfisk|2
|faint|p1a: Stunfisk
|
|-weather|Sandstorm|[upkeep]
|upkeep
|choice|switch 6|
|
|switch|p1a: Avalugg|Avalugg, M|394\/394
|turn|9
|choice|move avalanche|move stoneedge
|
|move|p2a: Marowak|Stone Edge|p1a: Avalugg|[miss]
|-miss|p2a: Marowak|p1a: Avalugg
|move|p1a: Avalugg|Avalanche|p2a: Marowak
|-supereffective|p2a: Marowak
|-damage|p2a: Marowak|109\/261
|
|-weather|Sandstorm|[upkeep]
|-damage|p1a: Avalugg|370\/394|[from] sandstorm
|-heal|p1a: Avalugg|394\/394|[from] item: Leftovers
|upkeep
|turn|10
|choice|move avalanche|move stoneedge
|
|move|p2a: Marowak|Stone Edge|p1a: Avalugg
|-supereffective|p1a: Avalugg
|-damage|p1a: Avalugg|216\/394
|move|p1a: Avalugg|Avalanche|p2a: Marowak
|-supereffective|p2a: Marowak
|-damage|p2a: Marowak|0 fnt
|faint|p2a: Marowak
|
|-weather|none
|-heal|p1a: Avalugg|240\/394|[from] item: Leftovers
|upkeep
|choice||switch 2
|
|switch|p2a: Camerupt|Camerupt, F|281\/281
|turn|11
|choice|switch 5|move eruption
|
|switch|p1a: Solrock|Solrock|344\/344
|move|p2a: Camerupt|Eruption|p1a: Solrock
|-resisted|p1a: Solrock
|-damage|p1a: Solrock|229\/344
|
|-heal|p1a: Solrock|250\/344|[from] item: Leftovers
|upkeep
|turn|12
|choice|move zenheadbutt|switch 4
|
|switch|p2a: Gabite|Gabite, M|277\/277
|move|p1a: Solrock|Zen Headbutt|p2a: Gabite
|-damage|p2a: Gabite|159\/277
|-damage|p1a: Solrock|207\/344|[from] ability: Rough Skin|[of] p2a: Gabite
|
|-heal|p1a: Solrock|228\/344|[from] item: Leftovers
|upkeep
|turn|13
|choice|move willowisp|move ironhead
|
|move|p2a: Gabite|Iron Head|p1a: Solrock
|-supereffective|p1a: Solrock
|-damage|p1a: Solrock|42\/344
|cant|p1a: Solrock|flinch
|
|-heal|p1a: Solrock|63\/344|[from] item: Leftovers
|upkeep
|turn|14
|choice|move willowisp|move ironhead
|
|move|p2a: Gabite|Iron Head|p1a: Solrock
|-supereffective|p1a: Solrock
|-damage|p1a: Solrock|0 fnt
|faint|p1a: Solrock
|
|upkeep
|choice|switch 2|
|
|switch|p1a: Monferno|Monferno, F|332\/332
|turn|15
|choice|move closecombat|switch 3
|
|switch|p2a: Stunfisk|Stunfisk, M|421\/421
|move|p1a: Monferno|Close Combat|p2a: Stunfisk
|-damage|p2a: Stunfisk|292\/421
|-unboost|p1a: Monferno|def|1
|-unboost|p1a: Monferno|spd|1
|
|upkeep
|turn|16
|choice|switch 4|move earthpower
|
|switch|p1a: Bouffalant|Bouffalant, M|394\/394
|move|p2a: Stunfisk|Earth Power|p1a: Bouffalant
|-damage|p1a: Bouffalant|310\/394
|
|upkeep
|turn|17
|choice|move earthquake|move sandstorm
|
|move|p1a: Bouffalant|Earthquake|p2a: Stunfisk
|-supereffective|p2a: Stunfisk
|-damage|p2a: Stunfisk|35\/421
|-damage|p1a: Bouffalant|271\/394|[from] item: Life Orb
|move|p2a: Stunfisk|Sandstorm|p2a: Stunfisk
|-weather|Sandstorm
|
|-weather|Sandstorm|[upkeep]
|-damage|p1a: Bouffalant|247\/394|[from] sandstorm
|upkeep
|turn|18
|choice|move earthquake|move earthpower
|
|move|p1a: Bouffalant|Earthquake|p2a: Stunfisk
|-supereffective|p2a: Stunfisk
|-damage|p2a: Stunfisk|0 fnt
|-damage|p1a: Bouffalant|208\/394|[from] item: Life Orb
|faint|p2a: Stunfisk
|
|-weather|Sandstorm|[upkeep]
|-damage|p1a: Bouffalant|184\/394|[from] sandstorm
|upkeep
|choice||switch 4
|
|switch|p2a: Camerupt|Camerupt, F|281\/281
|turn|19
|choice|switch 4|move eruption
|
|switch|p1a: Monferno|Monferno, F|332\/332
|move|p2a: Camerupt|Eruption|p1a: Monferno
|-resisted|p1a: Monferno
|-damage|p1a: Monferno|201\/332
|
|-weather|Sandstorm|[upkeep]
|-damage|p1a: Monferno|181\/332|[from] sandstorm
|upkeep
|turn|20
|choice|move shadowclaw|move eruption
|
|move|p2a: Camerupt|Eruption|p1a: Monferno
|-resisted|p1a: Monferno
|-damage|p1a: Monferno|35\/332
|move|p1a: Monferno|Shadow Claw|p2a: Camerupt
|-damage|p2a: Camerupt|187\/281
|
|-weather|Sandstorm|[upkeep]
|-damage|p1a: Monferno|15\/332|[from] sandstorm
|upkeep
|turn|21
|choice|move shadowclaw|move eruption
|
|move|p2a: Camerupt|Eruption|p1a: Monferno
|-resisted|p1a: Monferno
|-damage|p1a: Monferno|0 fnt
|faint|p1a: Monferno
|
|-weather|none
|upkeep
|choice|switch 4|
|
|switch|p1a: Bouffalant|Bouffalant, M|184\/394
|turn|22
|choice|move headcharge|switch 3
|
|switch|p2a: Gabite|Gabite, M|159\/277
|move|p1a: Bouffalant|Head Charge|p2a: Gabite
|-damage|p2a: Gabite|0 fnt
|-damage|p1a: Bouffalant|135\/394|[from] ability: Rough Skin|[of] p2a: Gabite
|-damage|p1a: Bouffalant|95\/394|[from] Recoil|[of] p2a: Gabite
|-damage|p1a: Bouffalant|56\/394|[from] item: Life Orb
|faint|p2a: Gabite
|
|upkeep
|choice||switch 3
|
|switch|p2a: Camerupt|Camerupt, F|187\/281
|turn|23
|choice|move headcharge|move eruption
|
|move|p2a: Camerupt|Eruption|p1a: Bouffalant
|-damage|p1a: Bouffalant|0 fnt
|faint|p1a: Bouffalant
|
|upkeep
|choice|switch 5|
|
|switch|p1a: Avalugg|Avalugg, M|240\/394
|turn|24
|c|☆NotET|ggs
|choice|move avalanche|move eruption
|
|move|p2a: Camerupt|Eruption|p1a: Avalugg
|-supereffective|p1a: Avalugg
|-damage|p1a: Avalugg|0 fnt
|faint|p1a: Avalugg
|
|win|NotET
|raw|275p's rating: 1138 &rarr; <strong>1114<\/strong><br \/>(-24 for losing)
|raw|NotET's rating: 1159 &rarr; <strong>1183<\/strong><br \/>(+24 for winning)
|c|☆275p|gg</script>
</div>
<div class="battle-log battle-log-inline"><div class="inner"><div class="battle-options"></div><div class="inner"><div class="chat"><small>275p joined.</small></div><div class="chat"><small>NotET joined.</small></div><div class=""><small>Format:</small> <br><strong>PU</strong></div><div class="rated"><strong>Rated battle</strong></div><div class=""><small><em>Sleep Clause Mod:</em> Limit one foe put to sleep</small></div><div class=""><small><em>Species Clause:</em> Limit one of each Pokémon</small></div><div class=""><small><em>OHKO Clause:</em> OHKO moves are banned</small></div><div class=""><small><em>Moody Clause:</em> Moody is banned</small></div><div class=""><small><em>Evasion Moves Clause:</em> Evasion moves are banned</small></div><div class=""><small><em>Endless Battle Clause:</em> Forcing endless battles is banned</small></div><div class=""><small><em>HP Percentage Mod:</em> HP is shown in percentages</small></div><div class=""><small><em>Swagger Clause:</em> Swagger is banned</small></div><div class=""><small><em>Baton Pass Clause:</em> Limit one Baton Passer, can't pass Spe and other stats simultaneously</small></div><div class="chat battle-history"><strong>275p's team:</strong> <em style="color:#445566;display:block;">Bouffalant / Monferno / Stunfisk / Gogoat / Solrock / Avalugg</em></div><div class="chat battle-history"><strong>NotET's team:</strong> <em style="color:#445566;display:block;">Stunfisk / Vibrava / Hippopotas / Gabite / Camerupt / Marowak</em></div><div class="spacer battle-history"><br></div><div class="battle-history">Battle started between 275p and NotET!<br></div><div class="spacer battle-history"><br></div><div class="battle-history">Go! <strong>Gogoat</strong>!<br></div><div class="spacer battle-history"><br></div><div class="battle-history">NotET sent out <strong>Hippopotas</strong>!<br></div><div class="battle-history"><small>[The opposing Hippopotas's Sand Stream]</small><br><small>A sandstorm kicked up!</small><br></div><div class="spacer battle-history"><br></div><h2 class="battle-history">Turn 1</h2><div class="spacer battle-history"><br></div><div class="battle-history">Gogoat used <strong>Bulk Up</strong>!<br></div><div class="battle-history"><small>Gogoat's Attack rose!</small><br></div><div class="battle-history"><small>Gogoat's Defense rose!</small><br></div><div class="spacer battle-history"><br></div><div class="battle-history">The opposing Hippopotas used <strong>Toxic</strong>!<br></div><div class="battle-history"><small>Gogoat was badly poisoned!</small><br></div><div class="spacer battle-history"><br></div><div class="battle-history"><small>The sandstorm is raging.</small><br></div><div class="battle-history"><small>Gogoat is buffeted by the sandstorm!</small><br></div><div class="battle-history"><small>Gogoat restored a little HP using its Leftovers!</small><br></div><div class="battle-history"><small>Gogoat was hurt by poison!</small><br></div><div class="spacer battle-history"><br></div><h2 class="battle-history">Turn 2</h2><div class="spacer battle-history"><br></div><div class="battle-history">NotET withdrew Hippopotas!<br></div><div class="battle-history">NotET sent out <strong>Vibrava</strong>!<br></div><div class="spacer battle-history"><br></div><div class="battle-history">Gogoat used <strong>Horn Leech</strong>!<br></div><div class="battle-history"><small>(The opposing Vibrava lost <abbr title="−229/303">75.6%</abbr> of its health!)</small><br></div><div class="battle-history"><small>The opposing Vibrava had its energy drained!</small><br></div><div class="spacer battle-history"><br></div><div class="battle-history"><small>The sandstorm is raging.</small><br></div><div class="battle-history"><small>Gogoat is buffeted by the sandstorm!</small><br></div><div class="battle-history"><small>Gogoat restored a little HP using its Leftovers!</small><br></div><div class="battle-history"><small>Gogoat was hurt by poison!</small><br></div><div class="spacer battle-history"><br></div><h2 class="battle-history">Turn 3</h2><div class="spacer battle-history"><br></div><div class="battle-history">The opposing Vibrava used <strong>Roost</strong>!<br></div><div class="battle-history"><small>The opposing Vibrava restored its HP.</small><br></div><div class="spacer battle-history"><br></div><div class="battle-history">Gogoat used <strong>Horn Leech</strong>!<br></div><div class="battle-history"><small>(The opposing Vibrava lost <abbr title="−195/303">64.4%</abbr> of its health!)</small><br></div><div class="battle-history"><small>The opposing Vibrava had its energy drained!</small><br></div><div class="spacer battle-history"><br></div><div class="battle-history"><small>The sandstorm is raging.</small><br></div><div class="battle-history"><small>Gogoat is buffeted by the sandstorm!</small><br></div><div class="battle-history"><small>Gogoat restored a little HP using its Leftovers!</small><br></div><div class="battle-history"><small>Gogoat was hurt by poison!</small><br></div><div class="spacer battle-history"><br></div><h2 class="battle-history">Turn 4</h2><div class="spacer battle-history"><br></div><div class="battle-history">The opposing Vibrava used <strong>Roost</strong>!<br></div><div class="battle-history"><small>The opposing Vibrava restored its HP.</small><br></div><div class="spacer battle-history"><br></div><div class="battle-history">Gogoat used <strong>Horn Leech</strong>!<br></div><div class="battle-history"><small>(The opposing Vibrava lost <abbr title="−183/303">60.4%</abbr> of its health!)</small><br></div><div class="battle-history"><small>The opposing Vibrava had its energy drained!</small><br></div><div class="spacer battle-history"><br></div><div class="battle-history">The opposing Vibrava fainted!<br></div><div class="spacer battle-history"><br></div><div class="battle-history"><small>The sandstorm is raging.</small><br></div><div class="battle-history"><small>Gogoat is buffeted by the sandstorm!</small><br></div><div class="battle-history"><small>Gogoat restored a little HP using its Leftovers!</small><br></div><div class="battle-history"><small>Gogoat was hurt by poison!</small><br></div><div class="spacer battle-history"><br></div><div class="battle-history">NotET sent out <strong>Camerupt</strong>!<br></div><div class="spacer battle-history"><br></div><h2 class="battle-history">Turn 5</h2><div class="spacer battle-history"><br></div><div class="battle-history">The opposing Camerupt used <strong>Eruption</strong>!<br></div><div class="battle-history"><small>It's super effective!</small><br></div><div class="battle-history"><small>(Gogoat lost <abbr title="−338/450">75.1%</abbr> of its health!)</small><br></div><div class="spacer battle-history"><br></div><div class="battle-history">Gogoat fainted!<br></div><div class="spacer battle-history"><br></div><div class="battle-history"><small>The sandstorm subsided.</small><br></div><div class="spacer battle-history"><br></div><div class="battle-history">Go! <strong>Stunfisk</strong>!<br></div><div class="spacer battle-history"><br></div><h2 class="battle-history">Turn 6</h2><div class="spacer battle-history"><br></div><div class="battle-history">NotET withdrew Camerupt!<br></div><div class="battle-history">NotET sent out <strong>Hippopotas</strong>!<br></div><div class="battle-history"><small>[The opposing Hippopotas's Sand Stream]</small><br><small>A sandstorm kicked up!</small><br></div><div class="spacer battle-history"><br></div><div class="battle-history">Stunfisk used <strong>Scald</strong>!<br></div><div class="battle-history"><small>It's super effective!</small><br></div><div class="battle-history"><small>(The opposing Hippopotas lost <abbr title="−186/339">54.9%</abbr> of its health!)</small><br></div><div class="battle-history"><small>The opposing Hippopotas was burned!</small><br></div><div class="spacer battle-history"><br></div><div class="battle-history"><small>The sandstorm is raging.</small><br></div><div class="battle-history"><small>The opposing Hippopotas was hurt by its burn!</small><br></div><div class="spacer battle-history"><br></div><h2 class="battle-history">Turn 7</h2><div class="spacer battle-history"><br></div><div class="battle-history">Stunfisk used <strong>Scald</strong>!<br></div><div class="battle-history"><small>It's super effective!</small><br></div><div class="battle-history"><small>(The opposing Hippopotas lost <abbr title="−111/339">32.7%</abbr> of its health!)</small><br></div><div class="spacer battle-history"><br></div><div class="battle-history">The opposing Hippopotas fainted!<br></div><div class="spacer battle-history"><br></div><div class="battle-history"><small>The sandstorm is raging.</small><br></div><div class="spacer battle-history"><br></div><div class="battle-history">NotET sent out <strong>Marowak</strong>!<br></div><div class="spacer battle-history"><br></div><h2 class="battle-history">Turn 8</h2><div class="spacer battle-history"><br></div><div class="battle-history">The opposing Marowak used <strong>Bonemerang</strong>!<br></div><div class="battle-history"><small>It's super effective!</small><br></div><div class="battle-history"><small>(Stunfisk lost <abbr title="−348/422">82.5%</abbr> of its health!)</small><br></div><div class="battle-history"><small>It's super effective!</small><br></div><div class="battle-history"><small>(Stunfisk lost <abbr title="−74/422">17.5%</abbr> of its health!)</small><br></div><div class="battle-history"><small>Hit 2 times!</small><br></div><div class="spacer battle-history"><br></div><div class="battle-history">Stunfisk fainted!<br></div><div class="spacer battle-history"><br></div><div class="battle-history"><small>The sandstorm is raging.</small><br></div><div class="spacer battle-history"><br></div><div class="battle-history">Go! <strong>Avalugg</strong>!<br></div><div class="spacer battle-history"><br></div><h2 class="battle-history">Turn 9</h2><div class="spacer battle-history"><br></div><div class="battle-history">The opposing Marowak used <strong>Stone Edge</strong>!<br></div><div class="battle-history"><small>Avalugg avoided the attack!</small><br></div><div class="spacer battle-history"><br></div><div class="battle-history">Avalugg used <strong>Avalanche</strong>!<br></div><div class="battle-history"><small>It's super effective!</small><br></div><div class="battle-history"><small>(The opposing Marowak lost <abbr title="−152/261">58.2%</abbr> of its health!)</small><br></div><div class="spacer battle-history"><br></div><div class="battle-history"><small>The sandstorm is raging.</small><br></div><div class="battle-history"><small>Avalugg is buffeted by the sandstorm!</small><br></div><div class="battle-history"><small>Avalugg restored a little HP using its Leftovers!</small><br></div><div class="spacer battle-history"><br></div><h2 class="battle-history">Turn 10</h2><div class="spacer battle-history"><br></div><div class="battle-history">The opposing Marowak used <strong>Stone Edge</strong>!<br></div><div class="battle-history"><small>It's super effective!</small><br></div><div class="battle-history"><small>(Avalugg lost <abbr title="−178/394">45.2%</abbr> of its health!)</small><br></div><div class="spacer battle-history"><br></div><div class="battle-history">Avalugg used <strong>Avalanche</strong>!<br></div><div class="battle-history"><small>It's super effective!</small><br></div><div class="battle-history"><small>(The opposing Marowak lost <abbr title="−109/261">41.8%</abbr> of its health!)</small><br></div><div class="spacer battle-history"><br></div><div class="battle-history">The opposing Marowak fainted!<br></div><div class="spacer battle-history"><br></div><div class="battle-history"><small>The sandstorm subsided.</small><br></div><div class="battle-history"><small>Avalugg restored a little HP using its Leftovers!</small><br></div><div class="spacer battle-history"><br></div><div class="battle-history">NotET sent out <strong>Camerupt</strong>!<br></div><div class="spacer battle-history"><br></div><h2 class="battle-history">Turn 11</h2><div class="spacer battle-history"><br></div><div class="battle-history">Avalugg, come back!<br></div><div class="battle-history">Go! <strong>Solrock</strong>!<br></div><div class="spacer battle-history"><br></div><div class="battle-history">The opposing Camerupt used <strong>Eruption</strong>!<br></div><div class="battle-history"><small>It's not very effective...</small><br></div><div class="battle-history"><small>(Solrock lost <abbr title="−115/344">33.4%</abbr> of its health!)</small><br></div><div class="spacer battle-history"><br></div><div class="battle-history"><small>Solrock restored a little HP using its Leftovers!</small><br></div><div class="spacer battle-history"><br></div><h2 class="battle-history">Turn 12</h2><div class="spacer battle-history"><br></div><div class="battle-history">NotET withdrew Camerupt!<br></div><div class="battle-history">NotET sent out <strong>Gabite</strong>!<br></div><div class="spacer battle-history"><br></div><div class="battle-history">Solrock used <strong>Zen Headbutt</strong>!<br></div><div class="battle-history"><small>(The opposing Gabite lost <abbr title="−118/277">42.6%</abbr> of its health!)</small><br></div><div class="battle-history"><small>[The opposing Gabite's Rough Skin]</small><br><small>Solrock was hurt!</small><br></div><div class="spacer battle-history"><br></div><div class="battle-history"><small>Solrock restored a little HP using its Leftovers!</small><br></div><div class="spacer battle-history"><br></div><h2 class="battle-history">Turn 13</h2><div class="spacer battle-history"><br></div><div class="battle-history">The opposing Gabite used <strong>Iron Head</strong>!<br></div><div class="battle-history"><small>It's super effective!</small><br></div><div class="battle-history"><small>(Solrock lost <abbr title="−186/344">54.1%</abbr> of its health!)</small><br></div><div class="spacer battle-history"><br></div><div class="battle-history">Solrock flinched and couldn't move!<br></div><div class="spacer battle-history"><br></div><div class="battle-history"><small>Solrock restored a little HP using its Leftovers!</small><br></div><div class="spacer battle-history"><br></div><h2 class="battle-history">Turn 14</h2><div class="spacer battle-history"><br></div><div class="battle-history">The opposing Gabite used <strong>Iron Head</strong>!<br></div><div class="battle-history"><small>It's super effective!</small><br></div><div class="battle-history"><small>(Solrock lost <abbr title="−63/344">18.3%</abbr> of its health!)</small><br></div><div class="spacer battle-history"><br></div><div class="battle-history">Solrock fainted!<br></div><div class="spacer battle-history"><br></div><div class="battle-history">Go! <strong>Monferno</strong>!<br></div><div class="spacer battle-history"><br></div><h2 class="battle-history">Turn 15</h2><div class="spacer battle-history"><br></div><div class="battle-history">NotET withdrew Gabite!<br></div><div class="battle-history">NotET sent out <strong>Stunfisk</strong>!<br></div><div class="spacer battle-history"><br></div><div class="battle-history">Monferno used <strong>Close Combat</strong>!<br></div><div class="battle-history"><small>(The opposing Stunfisk lost <abbr title="−129/421">30.6%</abbr> of its health!)</small><br></div><div class="battle-history"><small>Monferno's Defense fell!</small><br></div><div class="battle-history"><small>Monferno's Special Defense fell!</small><br></div><div class="spacer battle-history"><br></div><h2 class="battle-history">Turn 16</h2><div class="spacer battle-history"><br></div><div class="battle-history">Monferno, come back!<br></div><div class="battle-history">Go! <strong>Bouffalant</strong>!<br></div><div class="spacer battle-history"><br></div><div class="battle-history">The opposing Stunfisk used <strong>Earth Power</strong>!<br></div><div class="battle-history"><small>(Bouffalant lost <abbr title="−84/394">21.3%</abbr> of its health!)</small><br></div><div class="spacer battle-history"><br></div><h2 class="battle-history">Turn 17</h2><div class="spacer battle-history"><br></div><div class="battle-history">Bouffalant used <strong>Earthquake</strong>!<br></div><div class="battle-history"><small>It's super effective!</small><br></div><div class="battle-history"><small>(The opposing Stunfisk lost <abbr title="−257/421">61.0%</abbr> of its health!)</small><br></div><div class="battle-history"><small>Bouffalant lost some of its HP!</small><br></div><div class="spacer battle-history"><br></div><div class="battle-history">The opposing Stunfisk used <strong>Sandstorm</strong>!<br></div><div class="battle-history"><small>A sandstorm kicked up!</small><br></div><div class="spacer battle-history"><br></div><div class="battle-history"><small>The sandstorm is raging.</small><br></div><div class="battle-history"><small>Bouffalant is buffeted by the sandstorm!</small><br></div><div class="spacer battle-history"><br></div><h2 class="battle-history">Turn 18</h2><div class="spacer battle-history"><br></div><div class="battle-history">Bouffalant used <strong>Earthquake</strong>!<br></div><div class="battle-history"><small>It's super effective!</small><br></div><div class="battle-history"><small>(The opposing Stunfisk lost <abbr title="−35/421">8.3%</abbr> of its health!)</small><br></div><div class="battle-history"><small>Bouffalant lost some of its HP!</small><br></div><div class="spacer battle-history"><br></div><div class="battle-history">The opposing Stunfisk fainted!<br></div><div class="spacer battle-history"><br></div><div class="battle-history"><small>The sandstorm is raging.</small><br></div><div class="battle-history"><small>Bouffalant is buffeted by the sandstorm!</small><br></div><div class="spacer battle-history"><br></div><div class="battle-history">NotET sent out <strong>Camerupt</strong>!<br></div><div class="spacer battle-history"><br></div><h2 class="battle-history">Turn 19</h2><div class="spacer battle-history"><br></div><div class="battle-history">Bouffalant, come back!<br></div><div class="battle-history">Go! <strong>Monferno</strong>!<br></div><div class="spacer battle-history"><br></div><div class="battle-history">The opposing Camerupt used <strong>Eruption</strong>!<br></div><div class="battle-history"><small>It's not very effective...</small><br></div><div class="battle-history"><small>(Monferno lost <abbr title="−131/332">39.5%</abbr> of its health!)</small><br></div><div class="spacer battle-history"><br></div><div class="battle-history"><small>The sandstorm is raging.</small><br></div><div class="battle-history"><small>Monferno is buffeted by the sandstorm!</small><br></div><div class="spacer battle-history"><br></div><h2 class="battle-history">Turn 20</h2><div class="spacer battle-history"><br></div><div class="battle-history">The opposing Camerupt used <strong>Eruption</strong>!<br></div><div class="battle-history"><small>It's not very effective...</small><br></div><div class="battle-history"><small>(Monferno lost <abbr title="−146/332">44.0%</abbr> of its health!)</small><br></div><div class="spacer battle-history"><br></div><div class="battle-history">Monferno used <strong>Shadow Claw</strong>!<br></div><div class="battle-history"><small>(The opposing Camerupt lost <abbr title="−94/281">33.5%</abbr> of its health!)</small><br></div><div class="spacer battle-history"><br></div><div class="battle-history"><small>The sandstorm is raging.</small><br></div><div class="battle-history"><small>Monferno is buffeted by the sandstorm!</small><br></div><div class="spacer battle-history"><br></div><h2 class="battle-history">Turn 21</h2><div class="spacer battle-history"><br></div><div class="battle-history">The opposing Camerupt used <strong>Eruption</strong>!<br></div><div class="battle-history"><small>It's not very effective...</small><br></div><div class="battle-history"><small>(Monferno lost <abbr title="−15/332">4.5%</abbr> of its health!)</small><br></div><div class="spacer battle-history"><br></div><div class="battle-history">Monferno fainted!<br></div><div class="spacer battle-history"><br></div><div class="battle-history"><small>The sandstorm subsided.</small><br></div><div class="spacer battle-history"><br></div><div class="battle-history">Go! <strong>Bouffalant</strong>!<br></div><div class="spacer battle-history"><br></div><h2 class="battle-history">Turn 22</h2><div class="spacer battle-history"><br></div><div class="battle-history">NotET withdrew Camerupt!<br></div><div class="battle-history">NotET sent out <strong>Gabite</strong>!<br></div><div class="spacer battle-history"><br></div><div class="battle-history">Bouffalant used <strong>Head Charge</strong>!<br></div><div class="battle-history"><small>(The opposing Gabite lost <abbr title="−159/277">57.4%</abbr> of its health!)</small><br></div><div class="battle-history"><small>[The opposing Gabite's Rough Skin]</small><br><small>Bouffalant was hurt!</small><br></div><div class="battle-history"><small>Bouffalant is damaged by the recoil!</small><br></div><div class="battle-history"><small>Bouffalant lost some of its HP!</small><br></div><div class="spacer battle-history"><br></div><div class="battle-history">The opposing Gabite fainted!<br></div><div class="spacer battle-history"><br></div><div class="battle-history">NotET sent out <strong>Camerupt</strong>!<br></div><div class="spacer battle-history"><br></div><h2 class="battle-history">Turn 23</h2><div class="spacer battle-history"><br></div><div class="battle-history">The opposing Camerupt used <strong>Eruption</strong>!<br></div><div class="battle-history"><small>(Bouffalant lost <abbr title="−56/394">14.2%</abbr> of its health!)</small><br></div><div class="spacer battle-history"><br></div><div class="battle-history">Bouffalant fainted!<br></div><div class="spacer battle-history"><br></div><div class="battle-history">Go! <strong>Avalugg</strong>!<br></div><div class="spacer battle-history"><br></div><h2 class="battle-history">Turn 24</h2><div class="chat chatmessage-notet"><strong style="color:hsl(2,41%,52.47424994334579%)"><small>☆</small><span class="username" data-name="NotET">NotET</span>:</strong> <em>ggs</em></div><div class="spacer battle-history"><br></div><div class="battle-history">The opposing Camerupt used <strong>Eruption</strong>!<br></div><div class="battle-history"><small>It's super effective!</small><br></div><div class="battle-history"><small>(Avalugg lost <abbr title="−240/394">60.9%</abbr> of its health!)</small><br></div><div class="spacer battle-history"><br></div><div class="battle-history">Avalugg fainted!<br></div><div class="spacer battle-history"><br></div><div class="battle-history"><strong>NotET</strong> won the battle!<br></div><div class="chat">275p's rating: 1138 → <strong>1114</strong><br>(-24 for losing)</div><div class="chat">NotET's rating: 1159 → <strong>1183</strong><br>(+24 for winning)</div><div class="chat chatmessage-275p"><strong style="color:hsl(274,54%,55.25357618933063%)"><small>☆</small><span class="username" data-name="275p">275p</span>:</strong> <em>gg</em></div></div><div class="inner-preempt"></div></div></div>
</div>
<script>
let daily = Math.floor(Date.now()/1000/60/60/24);document.write('<script src="https://play.pokemonshowdown.com/js/replay-embed.js?version'+daily+'"></'+'script>');
</script>
