<!DOCTYPE html>
<meta charset="utf-8" />
<!-- version 1 -->
<title>PU replay: MiyoKa ♪ vs. decent black</title>
<style>
html,body {font-family:Verdana, sans-serif;font-size:10pt;margin:0;padding:0;}body{padding:12px 0;} .battle-log {font-family:Verdana, sans-serif;font-size:10pt;} .battle-log-inline {border:1px solid #AAAAAA;background:#EEF2F5;color:black;max-width:640px;margin:0 auto 80px;padding-bottom:5px;} .battle-log .inner {padding:4px 8px 0px 8px;} .battle-log .inner-preempt {padding:0 8px 4px 8px;} .battle-log .inner-after {margin-top:0.5em;} .battle-log h2 {margin:0.5em -8px;padding:4px 8px;border:1px solid #AAAAAA;background:#E0E7EA;border-left:0;border-right:0;font-family:Verdana, sans-serif;font-size:13pt;} .battle-log .chat {vertical-align:middle;padding:3px 0 3px 0;font-size:8pt;} .battle-log .chat strong {color:#40576A;} .battle-log .chat em {padding:1px 4px 1px 3px;color:#000000;font-style:normal;} .chat.mine {background:rgba(0,0,0,0.05);margin-left:-8px;margin-right:-8px;padding-left:8px;padding-right:8px;} .spoiler {color:#BBBBBB;background:#BBBBBB;padding:0px 3px;} .spoiler:hover, .spoiler:active, .spoiler-shown {color:#000000;background:#E2E2E2;padding:0px 3px;} .spoiler a {color:#BBBBBB;} .spoiler:hover a, .spoiler:active a, .spoiler-shown a {color:#2288CC;} .chat code, .chat .spoiler:hover code, .chat .spoiler:active code, .chat .spoiler-shown code {border:1px solid #C0C0C0;background:#EEEEEE;color:black;padding:0 2px;} .chat .spoiler code {border:1px solid #CCCCCC;background:#CCCCCC;color:#CCCCCC;} .battle-log .rated {padding:3px 4px;} .battle-log .rated strong {color:white;background:#89A;padding:1px 4px;border-radius:4px;} .spacer {margin-top:0.5em;} .message-announce {background:#6688AA;color:white;padding:1px 4px 2px;} .message-announce a, .broadcast-green a, .broadcast-blue a, .broadcast-red a {color:#DDEEFF;} .broadcast-green {background-color:#559955;color:white;padding:2px 4px;} .broadcast-blue {background-color:#6688AA;color:white;padding:2px 4px;} .infobox {border:1px solid #6688AA;padding:2px 4px;} .infobox-limited {max-height:200px;overflow:auto;overflow-x:hidden;} .broadcast-red {background-color:#AA5544;color:white;padding:2px 4px;} .message-learn-canlearn {font-weight:bold;color:#228822;text-decoration:underline;} .message-learn-cannotlearn {font-weight:bold;color:#CC2222;text-decoration:underline;} .message-effect-weak {font-weight:bold;color:#CC2222;} .message-effect-resist {font-weight:bold;color:#6688AA;} .message-effect-immune {font-weight:bold;color:#666666;} .message-learn-list {margin-top:0;margin-bottom:0;} .message-throttle-notice, .message-error {color:#992222;} .message-overflow, .chat small.message-overflow {font-size:0pt;} .message-overflow::before {font-size:9pt;content:'...';} .subtle {color:#3A4A66;}
</style>
<div class="wrapper replay-wrapper" style="max-width:1180px;margin:0 auto">
<input type="hidden" name="replayid" value="pu-546260207" />
<div class="battle"></div><div class="battle-log"></div><div class="replay-controls"></div><div class="replay-controls-2"></div>
<h1 style="font-weight:normal;text-align:center"><strong>PU</strong><br /><a href="http://pokemonshowdown.com/users/miyoka" class="subtle" target="_blank">MiyoKa ♪</a> vs. <a href="http://pokemonshowdown.com/users/decentblack" class="subtle" target="_blank">decent black</a></h1>
<script type="text/plain" class="battle-log-data">|j|MiyoKa ♪
|j|decent black
|player|p1|MiyoKa ♪|223
|player|p2|decent black|1
|gametype|singles
|gen|6
|tier|PU
|seed|29473,41981,37323,40329
|rule|Sleep Clause Mod: Limit one foe put to sleep
|rule|Species Clause: Limit one of each Pokémon
|rule|OHKO Clause: OHKO moves are banned
|rule|Moody Clause: Moody is banned
|rule|Evasion Moves Clause: Evasion moves are banned
|rule|Endless Battle Clause: Forcing endless battles is banned
|rule|HP Percentage Mod: HP is shown in percentages
|clearpoke
|poke|p1|Golduck, M|item
|poke|p1|Lickilicky, F|item
|poke|p1|Cottonee, F|item
|poke|p2|Articuno|item
|poke|p2|Rampardos, F|item
|poke|p2|Magnemite, L1|item
|rule|Swagger Clause: Swagger is banned
|rule|Baton Pass Clause: Limit one Baton Passer, can't pass Spe and other stats simultaneously
|teampreview
|c|☆MiyoKa ♪|hf
|choice|team 2, team 1, team 3|team 1, team 2, team 3
|
|start
|switch|p1a: Lickilicky|Lickilicky, F|423\/423
|switch|p2a: Articuno|Articuno|383\/383
|-ability|p2a: Articuno|Pressure
|turn|1
|choice|move curse|move substitute
|
|move|p2a: Articuno|Substitute|p2a: Articuno
|-start|p2a: Articuno|Substitute
|-damage|p2a: Articuno|288\/383
|move|p1a: Lickilicky|Curse|p1a: Lickilicky
|-unboost|p1a: Lickilicky|spe|1
|-boost|p1a: Lickilicky|atk|1
|-boost|p1a: Lickilicky|def|1
|
|-heal|p2a: Articuno|311\/383|[from] item: Leftovers
|upkeep
|turn|2
|choice|move knockoff|move protect
|
|move|p2a: Articuno|Protect|p2a: Articuno
|-singleturn|p2a: Articuno|Protect
|move|p1a: Lickilicky|Knock Off|p2a: Articuno
|-activate|p2a: Articuno|move: Protect
|
|-heal|p2a: Articuno|334\/383|[from] item: Leftovers
|upkeep
|turn|3
|choice|move knockoff|move roost
|
|move|p2a: Articuno|Roost|p2a: Articuno
|-heal|p2a: Articuno|383\/383
|move|p1a: Lickilicky|Knock Off|p2a: Articuno
|-end|p2a: Articuno|Substitute
|
|upkeep
|turn|4
|choice|move knockoff|move protect
|
|move|p2a: Articuno|Protect|p2a: Articuno
|-singleturn|p2a: Articuno|Protect
|move|p1a: Lickilicky|Knock Off|p2a: Articuno
|-activate|p2a: Articuno|move: Protect
|
|upkeep
|turn|5
|choice|move curse|move substitute
|
|move|p2a: Articuno|Substitute|p2a: Articuno
|-start|p2a: Articuno|Substitute
|-damage|p2a: Articuno|288\/383
|move|p1a: Lickilicky|Curse|p1a: Lickilicky
|-unboost|p1a: Lickilicky|spe|1
|-boost|p1a: Lickilicky|atk|1
|-boost|p1a: Lickilicky|def|1
|
|-heal|p2a: Articuno|311\/383|[from] item: Leftovers
|upkeep
|turn|6
|choice|move curse|move icebeam
|
|move|p2a: Articuno|Ice Beam|p1a: Lickilicky
|-crit|p1a: Lickilicky
|-damage|p1a: Lickilicky|305\/423
|move|p1a: Lickilicky|Curse|p1a: Lickilicky
|-unboost|p1a: Lickilicky|spe|1
|-boost|p1a: Lickilicky|atk|1
|-boost|p1a: Lickilicky|def|1
|
|-heal|p2a: Articuno|334\/383|[from] item: Leftovers
|-heal|p1a: Lickilicky|331\/423|[from] item: Leftovers
|upkeep
|turn|7
|choice|move curse|move icebeam
|
|move|p2a: Articuno|Ice Beam|p1a: Lickilicky
|-damage|p1a: Lickilicky|259\/423
|move|p1a: Lickilicky|Curse|p1a: Lickilicky
|-unboost|p1a: Lickilicky|spe|1
|-boost|p1a: Lickilicky|atk|1
|-boost|p1a: Lickilicky|def|1
|
|-heal|p2a: Articuno|357\/383|[from] item: Leftovers
|-heal|p1a: Lickilicky|285\/423|[from] item: Leftovers
|upkeep
|turn|8
|choice|move curse|move icebeam
|
|move|p2a: Articuno|Ice Beam|p1a: Lickilicky
|-damage|p1a: Lickilicky|206\/423
|-status|p1a: Lickilicky|frz
|cant|p1a: Lickilicky|frz
|
|-heal|p2a: Articuno|380\/383|[from] item: Leftovers
|-heal|p1a: Lickilicky|232\/423 frz|[from] item: Leftovers
|upkeep
|turn|9
|choice|move rest|move icebeam
|
|move|p2a: Articuno|Ice Beam|p1a: Lickilicky
|-damage|p1a: Lickilicky|154\/423 frz
|cant|p1a: Lickilicky|frz
|
|-heal|p2a: Articuno|383\/383|[from] item: Leftovers
|-heal|p1a: Lickilicky|180\/423 frz|[from] item: Leftovers
|upkeep
|turn|10
|choice|move rest|move icebeam
|
|move|p2a: Articuno|Ice Beam|p1a: Lickilicky
|-damage|p1a: Lickilicky|104\/423 frz
|-curestatus|p1a: Lickilicky|frz|[msg]
|move|p1a: Lickilicky|Rest|p1a: Lickilicky
|-status|p1a: Lickilicky|slp
|-heal|p1a: Lickilicky|423\/423 slp|[silent]
|-status|p1a: Lickilicky|slp|[from] move: Rest
|
|upkeep
|turn|11
|choice|move sleeptalk|move roost
|
|move|p2a: Articuno|Roost|p2a: Articuno
|-fail|p2a: Articuno
|cant|p1a: Lickilicky|slp
|move|p1a: Lickilicky|Sleep Talk|p1a: Lickilicky
|move|p1a: Lickilicky|Rest|p1a: Lickilicky|[from]Sleep Talk
|-fail|p1a: Lickilicky
|
|upkeep
|turn|12
|choice|move sleeptalk|move roost
|
|move|p2a: Articuno|Roost|p2a: Articuno
|-fail|p2a: Articuno
|cant|p1a: Lickilicky|slp
|move|p1a: Lickilicky|Sleep Talk|p1a: Lickilicky
|move|p1a: Lickilicky|Rest|p1a: Lickilicky|[from]Sleep Talk
|-fail|p1a: Lickilicky
|
|upkeep
|turn|13
|choice|move knockoff|move roost
|
|move|p2a: Articuno|Roost|p2a: Articuno
|-fail|p2a: Articuno
|-curestatus|p1a: Lickilicky|slp|[msg]
|move|p1a: Lickilicky|Knock Off|p2a: Articuno
|-end|p2a: Articuno|Substitute
|
|upkeep
|turn|14
|choice|move curse|move substitute
|
|move|p2a: Articuno|Substitute|p2a: Articuno
|-start|p2a: Articuno|Substitute
|-damage|p2a: Articuno|288\/383
|move|p1a: Lickilicky|Curse|p1a: Lickilicky
|-unboost|p1a: Lickilicky|spe|1
|-boost|p1a: Lickilicky|atk|1
|-boost|p1a: Lickilicky|def|1
|
|-heal|p2a: Articuno|311\/383|[from] item: Leftovers
|upkeep
|turn|15
|choice|move curse|move roost
|
|move|p2a: Articuno|Roost|p2a: Articuno
|-heal|p2a: Articuno|383\/383
|move|p1a: Lickilicky|Curse|p1a: Lickilicky
|-unboost|p1a: Lickilicky|spe|1
|-boost|p1a: Lickilicky|atk|1
|-boost|p1a: Lickilicky|def|1
|
|upkeep
|turn|16
|choice|move rest|move roost
|
|move|p2a: Articuno|Roost|p2a: Articuno
|-fail|p2a: Articuno
|move|p1a: Lickilicky|Rest|p1a: Lickilicky
|-fail|p1a: Lickilicky
|
|upkeep
|turn|17
|choice|move knockoff|move roost
|
|move|p2a: Articuno|Roost|p2a: Articuno
|-fail|p2a: Articuno
|move|p1a: Lickilicky|Knock Off|p2a: Articuno
|-end|p2a: Articuno|Substitute
|
|upkeep
|turn|18
|choice|move rest|move substitute
|
|move|p2a: Articuno|Substitute|p2a: Articuno
|-start|p2a: Articuno|Substitute
|-damage|p2a: Articuno|288\/383
|move|p1a: Lickilicky|Rest|p1a: Lickilicky
|-fail|p1a: Lickilicky
|
|-heal|p2a: Articuno|311\/383|[from] item: Leftovers
|upkeep
|turn|19
|choice|move knockoff|move roost
|
|move|p2a: Articuno|Roost|p2a: Articuno
|-heal|p2a: Articuno|383\/383
|move|p1a: Lickilicky|Knock Off|p2a: Articuno
|-crit|p2a: Articuno
|-end|p2a: Articuno|Substitute
|
|upkeep
|turn|20
|choice|move sleeptalk|move substitute
|
|move|p2a: Articuno|Substitute|p2a: Articuno
|-start|p2a: Articuno|Substitute
|-damage|p2a: Articuno|288\/383
|move|p1a: Lickilicky|Sleep Talk|p1a: Lickilicky
|-fail|p1a: Lickilicky
|
|-heal|p2a: Articuno|311\/383|[from] item: Leftovers
|upkeep
|turn|21
|choice|move knockoff|move roost
|
|move|p2a: Articuno|Roost|p2a: Articuno
|-heal|p2a: Articuno|383\/383
|move|p1a: Lickilicky|Knock Off|p2a: Articuno
|-end|p2a: Articuno|Substitute
|
|upkeep
|turn|22
|choice|move sleeptalk|move substitute
|
|move|p2a: Articuno|Substitute|p2a: Articuno
|-start|p2a: Articuno|Substitute
|-damage|p2a: Articuno|288\/383
|move|p1a: Lickilicky|Sleep Talk|p1a: Lickilicky
|-fail|p1a: Lickilicky
|
|-heal|p2a: Articuno|311\/383|[from] item: Leftovers
|upkeep
|turn|23
|choice|move knockoff|move roost
|
|move|p2a: Articuno|Roost|p2a: Articuno
|-heal|p2a: Articuno|383\/383
|move|p1a: Lickilicky|Knock Off|p2a: Articuno
|-end|p2a: Articuno|Substitute
|
|upkeep
|turn|24
|choice|move curse|move substitute
|
|move|p2a: Articuno|Substitute|p2a: Articuno
|-start|p2a: Articuno|Substitute
|-damage|p2a: Articuno|288\/383
|move|p1a: Lickilicky|Curse|p1a: Lickilicky
|
|-heal|p2a: Articuno|311\/383|[from] item: Leftovers
|upkeep
|turn|25
|choice|move knockoff|move roost
|
|move|p2a: Articuno|Roost|p2a: Articuno
|-heal|p2a: Articuno|383\/383
|move|p1a: Lickilicky|Knock Off|p2a: Articuno
|-end|p2a: Articuno|Substitute
|
|upkeep
|turn|26
|choice|move curse|move substitute
|
|move|p2a: Articuno|Substitute|p2a: Articuno
|-start|p2a: Articuno|Substitute
|-damage|p2a: Articuno|288\/383
|move|p1a: Lickilicky|Curse|p1a: Lickilicky
|
|-heal|p2a: Articuno|311\/383|[from] item: Leftovers
|upkeep
|turn|27
|choice|move knockoff|move roost
|
|move|p2a: Articuno|Roost|p2a: Articuno
|-heal|p2a: Articuno|383\/383
|move|p1a: Lickilicky|Knock Off|p2a: Articuno
|-end|p2a: Articuno|Substitute
|
|upkeep
|turn|28
|choice|move knockoff|move substitute
|
|move|p2a: Articuno|Substitute|p2a: Articuno
|-start|p2a: Articuno|Substitute
|-damage|p2a: Articuno|288\/383
|move|p1a: Lickilicky|Knock Off|p2a: Articuno
|-end|p2a: Articuno|Substitute
|
|-heal|p2a: Articuno|311\/383|[from] item: Leftovers
|upkeep
|turn|29
|choice|move knockoff|move protect
|
|move|p2a: Articuno|Protect|p2a: Articuno
|-singleturn|p2a: Articuno|Protect
|move|p1a: Lickilicky|Knock Off|p2a: Articuno
|-activate|p2a: Articuno|move: Protect
|
|-heal|p2a: Articuno|334\/383|[from] item: Leftovers
|upkeep
|turn|30
|c|☆MiyoKa ♪|gg
|choice|move curse|move substitute
|
|move|p2a: Articuno|Substitute|p2a: Articuno
|-start|p2a: Articuno|Substitute
|-damage|p2a: Articuno|239\/383
|move|p1a: Lickilicky|Curse|p1a: Lickilicky
|
|-heal|p2a: Articuno|262\/383|[from] item: Leftovers
|upkeep
|turn|31
|choice|move sleeptalk|move roost
|
|move|p2a: Articuno|Roost|p2a: Articuno
|-heal|p2a: Articuno|383\/383
|move|p1a: Lickilicky|Sleep Talk|p1a: Lickilicky
|-fail|p1a: Lickilicky
|
|upkeep
|turn|32
|choice|move curse|move protect
|
|move|p2a: Articuno|Protect|p2a: Articuno
|-singleturn|p2a: Articuno|Protect
|move|p1a: Lickilicky|Curse|p1a: Lickilicky
|
|upkeep
|turn|33
|choice|move curse|move protect
|
|move|p2a: Articuno|Protect|p2a: Articuno
|-fail|p2a: Articuno
|move|p1a: Lickilicky|Curse|p1a: Lickilicky
|
|upkeep
|turn|34
|choice|move rest|move protect
|
|move|p2a: Articuno|Protect|p2a: Articuno
|-singleturn|p2a: Articuno|Protect
|move|p1a: Lickilicky|Rest|p1a: Lickilicky
|-fail|p1a: Lickilicky
|
|upkeep
|turn|35
|choice|move curse|move protect
|
|move|p2a: Articuno|Protect|p2a: Articuno
|-fail|p2a: Articuno
|move|p1a: Lickilicky|Curse|p1a: Lickilicky
|
|upkeep
|turn|36
|choice|move rest|move protect
|
|move|p2a: Articuno|Protect|p2a: Articuno
|-singleturn|p2a: Articuno|Protect
|move|p1a: Lickilicky|Rest|p1a: Lickilicky
|-fail|p1a: Lickilicky
|
|upkeep
|turn|37
|choice|move curse|move protect
|
|move|p2a: Articuno|Protect|p2a: Articuno
|-fail|p2a: Articuno
|move|p1a: Lickilicky|Curse|p1a: Lickilicky
|
|upkeep
|turn|38
|choice|move curse|move protect
|
|move|p2a: Articuno|Protect|p2a: Articuno
|-singleturn|p2a: Articuno|Protect
|move|p1a: Lickilicky|Curse|p1a: Lickilicky
|
|upkeep
|turn|39
|choice|move curse|move roost
|
|move|p2a: Articuno|Roost|p2a: Articuno
|-fail|p2a: Articuno
|move|p1a: Lickilicky|Curse|p1a: Lickilicky
|
|upkeep
|turn|40
|choice|move knockoff|move roost
|
|move|p2a: Articuno|Roost|p2a: Articuno
|-fail|p2a: Articuno
|move|p1a: Lickilicky|Knock Off|p2a: Articuno
|-end|p2a: Articuno|Substitute
|
|upkeep
|turn|41
|choice|move curse|move substitute
|
|move|p2a: Articuno|Substitute|p2a: Articuno
|-start|p2a: Articuno|Substitute
|-damage|p2a: Articuno|288\/383
|move|p1a: Lickilicky|Curse|p1a: Lickilicky
|
|-heal|p2a: Articuno|311\/383|[from] item: Leftovers
|upkeep
|turn|42
|choice|move sleeptalk|move protect
|
|move|p2a: Articuno|Protect|p2a: Articuno
|-singleturn|p2a: Articuno|Protect
|move|p1a: Lickilicky|Sleep Talk|p1a: Lickilicky
|-fail|p1a: Lickilicky
|
|-heal|p2a: Articuno|334\/383|[from] item: Leftovers
|upkeep
|turn|43
|choice|move rest|move roost
|
|move|p2a: Articuno|Roost|p2a: Articuno
|-heal|p2a: Articuno|383\/383
|move|p1a: Lickilicky|Rest|p1a: Lickilicky
|-fail|p1a: Lickilicky
|
|upkeep
|turn|44
|choice|move rest|move icebeam
|
|move|p2a: Articuno|Ice Beam|p1a: Lickilicky
|-damage|p1a: Lickilicky|347\/423
|move|p1a: Lickilicky|Rest|p1a: Lickilicky
|-status|p1a: Lickilicky|slp
|-heal|p1a: Lickilicky|423\/423 slp|[silent]
|-status|p1a: Lickilicky|slp|[from] move: Rest
|
|upkeep
|turn|45
|choice|move sleeptalk|move icebeam
|
|move|p2a: Articuno|Ice Beam|p1a: Lickilicky
|-damage|p1a: Lickilicky|342\/423 slp
|cant|p1a: Lickilicky|slp
|move|p1a: Lickilicky|Sleep Talk|p1a: Lickilicky
|move|p1a: Lickilicky|Rest|p1a: Lickilicky|[from]Sleep Talk
|-fail|p1a: Lickilicky
|
|-heal|p1a: Lickilicky|368\/423 slp|[from] item: Leftovers
|upkeep
|turn|46
|choice|move sleeptalk|move icebeam
|
|move|p2a: Articuno|Ice Beam|p1a: Lickilicky
|-damage|p1a: Lickilicky|292\/423 slp
|cant|p1a: Lickilicky|slp
|move|p1a: Lickilicky|Sleep Talk|p1a: Lickilicky
|move|p1a: Lickilicky|Rest|p1a: Lickilicky|[from]Sleep Talk
|-fail|p1a: Lickilicky
|
|-heal|p1a: Lickilicky|318\/423 slp|[from] item: Leftovers
|upkeep
|turn|47
|choice|move rest|move icebeam
|
|move|p2a: Articuno|Ice Beam|p1a: Lickilicky
|-damage|p1a: Lickilicky|243\/423 slp
|-curestatus|p1a: Lickilicky|slp|[msg]
|move|p1a: Lickilicky|Rest|p1a: Lickilicky
|-status|p1a: Lickilicky|slp
|-heal|p1a: Lickilicky|423\/423 slp|[silent]
|-status|p1a: Lickilicky|slp|[from] move: Rest
|
|upkeep
|turn|48
|choice|move rest|move icebeam
|
|move|p2a: Articuno|Ice Beam|p1a: Lickilicky
|-damage|p1a: Lickilicky|345\/423 slp
|cant|p1a: Lickilicky|slp
|
|-heal|p1a: Lickilicky|371\/423 slp|[from] item: Leftovers
|upkeep
|turn|49
|choice|move rest|move icebeam
|
|move|p2a: Articuno|Ice Beam|p1a: Lickilicky
|-damage|p1a: Lickilicky|289\/423 slp
|cant|p1a: Lickilicky|slp
|
|-heal|p1a: Lickilicky|315\/423 slp|[from] item: Leftovers
|upkeep
|turn|50
|choice|move rest|move icebeam
|
|move|p2a: Articuno|Ice Beam|p1a: Lickilicky
|-damage|p1a: Lickilicky|245\/423 slp
|-curestatus|p1a: Lickilicky|slp|[msg]
|move|p1a: Lickilicky|Rest|p1a: Lickilicky
|-status|p1a: Lickilicky|slp
|-heal|p1a: Lickilicky|423\/423 slp|[silent]
|-status|p1a: Lickilicky|slp|[from] move: Rest
|
|upkeep
|turn|51
|choice|move rest|move icebeam
|
|move|p2a: Articuno|Ice Beam|p1a: Lickilicky
|-damage|p1a: Lickilicky|342\/423 slp
|cant|p1a: Lickilicky|slp
|
|-heal|p1a: Lickilicky|368\/423 slp|[from] item: Leftovers
|upkeep
|turn|52
|choice|move rest|move icebeam
|
|move|p2a: Articuno|Ice Beam|p1a: Lickilicky
|-damage|p1a: Lickilicky|299\/423 slp
|cant|p1a: Lickilicky|slp
|
|-heal|p1a: Lickilicky|325\/423 slp|[from] item: Leftovers
|upkeep
|turn|53
|choice|move rest|move icebeam
|
|move|p2a: Articuno|Ice Beam|p1a: Lickilicky
|-damage|p1a: Lickilicky|255\/423 slp
|-curestatus|p1a: Lickilicky|slp|[msg]
|move|p1a: Lickilicky|Rest|p1a: Lickilicky
|-status|p1a: Lickilicky|slp
|-heal|p1a: Lickilicky|423\/423 slp|[silent]
|-status|p1a: Lickilicky|slp|[from] move: Rest
|
|upkeep
|turn|54
|choice|move rest|move icebeam
|
|move|p2a: Articuno|Ice Beam|p1a: Lickilicky
|-damage|p1a: Lickilicky|344\/423 slp
|cant|p1a: Lickilicky|slp
|
|-heal|p1a: Lickilicky|370\/423 slp|[from] item: Leftovers
|upkeep
|turn|55
|choice|move sleeptalk|move protect
|
|move|p2a: Articuno|Protect|p2a: Articuno
|-singleturn|p2a: Articuno|Protect
|cant|p1a: Lickilicky|slp
|move|p1a: Lickilicky|Sleep Talk|p1a: Lickilicky
|move|p1a: Lickilicky|Knock Off|p2a: Articuno|[from]Sleep Talk
|-activate|p2a: Articuno|move: Protect
|
|-heal|p1a: Lickilicky|396\/423 slp|[from] item: Leftovers
|upkeep
|turn|56
|choice|move rest|move protect
|
|move|p2a: Articuno|Protect|p2a: Articuno
|-singleturn|p2a: Articuno|Protect
|-curestatus|p1a: Lickilicky|slp|[msg]
|move|p1a: Lickilicky|Rest|p1a: Lickilicky
|-status|p1a: Lickilicky|slp
|-heal|p1a: Lickilicky|423\/423 slp|[silent]
|-status|p1a: Lickilicky|slp|[from] move: Rest
|
|upkeep
|turn|57
|choice|move rest|move protect
|
|move|p2a: Articuno|Protect|p2a: Articuno
|-fail|p2a: Articuno
|cant|p1a: Lickilicky|slp
|
|upkeep
|turn|58
|choice|move rest|move protect
|
|move|p2a: Articuno|Protect|p2a: Articuno
|-singleturn|p2a: Articuno|Protect
|cant|p1a: Lickilicky|slp
|
|upkeep
|turn|59
|choice|move rest|move protect
|
|move|p2a: Articuno|Protect|p2a: Articuno
|-singleturn|p2a: Articuno|Protect
|-curestatus|p1a: Lickilicky|slp|[msg]
|move|p1a: Lickilicky|Rest|p1a: Lickilicky
|-fail|p1a: Lickilicky
|
|upkeep
|turn|60
|choice|move rest|move substitute
|
|move|p2a: Articuno|Substitute|p2a: Articuno
|-fail|p2a: Articuno|move: Substitute
|move|p1a: Lickilicky|Rest|p1a: Lickilicky
|-fail|p1a: Lickilicky
|
|upkeep
|turn|61
|choice|move rest|move substitute
|
|move|p2a: Articuno|Substitute|p2a: Articuno
|-fail|p2a: Articuno|move: Substitute
|move|p1a: Lickilicky|Rest|p1a: Lickilicky
|-fail|p1a: Lickilicky
|
|upkeep
|turn|62
|choice|move rest|move substitute
|
|move|p2a: Articuno|Substitute|p2a: Articuno
|-fail|p2a: Articuno|move: Substitute
|move|p1a: Lickilicky|Rest|p1a: Lickilicky
|-fail|p1a: Lickilicky
|
|upkeep
|turn|63
|choice|move rest|move substitute
|
|move|p2a: Articuno|Substitute|p2a: Articuno
|-fail|p2a: Articuno|move: Substitute
|move|p1a: Lickilicky|Rest|p1a: Lickilicky
|-fail|p1a: Lickilicky
|
|upkeep
|turn|64
|choice|move sleeptalk|move substitute
|
|move|p2a: Articuno|Substitute|p2a: Articuno
|-fail|p2a: Articuno|move: Substitute
|move|p1a: Lickilicky|Sleep Talk|p1a: Lickilicky
|-fail|p1a: Lickilicky
|
|upkeep
|turn|65
|choice|move knockoff|move struggle
|
|-activate|p2a: Articuno|move: Struggle
|move|p2a: Articuno|Struggle|p1a: Lickilicky
|-damage|p1a: Lickilicky|415\/423
|-damage|p2a: Articuno|287\/383|[from] recoil
|move|p1a: Lickilicky|Knock Off|p2a: Articuno
|-end|p2a: Articuno|Substitute
|
|-heal|p2a: Articuno|310\/383|[from] item: Leftovers
|-heal|p1a: Lickilicky|423\/423|[from] item: Leftovers
|upkeep
|turn|66
|choice|move knockoff|move struggle
|
|-activate|p2a: Articuno|move: Struggle
|move|p2a: Articuno|Struggle|p1a: Lickilicky
|-damage|p1a: Lickilicky|415\/423
|-damage|p2a: Articuno|214\/383|[from] recoil
|move|p1a: Lickilicky|Knock Off|p2a: Articuno
|-damage|p2a: Articuno|0 fnt
|-enditem|p2a: Articuno|Leftovers|[from] move: Knock Off|[of] p1a: Lickilicky
|faint|p2a: Articuno
|
|-heal|p1a: Lickilicky|423\/423|[from] item: Leftovers
|upkeep
|-message|decent black forfeited.
|
|win|MiyoKa ♪
|player|p1
|player|p2
|l|decent black</script>
</div>
<div class="battle-log battle-log-inline"><div class="inner"><div class="battle-options"></div><div class="inner"><div class="chat"><small>MiyoKa ♪ joined.</small></div><div class="chat"><small>decent black joined.</small></div><div class=""><small>Format:</small> <br><strong>PU</strong></div><div class=""><small><em>Sleep Clause Mod:</em> Limit one foe put to sleep</small></div><div class=""><small><em>Species Clause:</em> Limit one of each Pokémon</small></div><div class=""><small><em>OHKO Clause:</em> OHKO moves are banned</small></div><div class=""><small><em>Moody Clause:</em> Moody is banned</small></div><div class=""><small><em>Evasion Moves Clause:</em> Evasion moves are banned</small></div><div class=""><small><em>Endless Battle Clause:</em> Forcing endless battles is banned</small></div><div class=""><small><em>HP Percentage Mod:</em> HP is shown in percentages</small></div><div class=""><small><em>Swagger Clause:</em> Swagger is banned</small></div><div class=""><small><em>Baton Pass Clause:</em> Limit one Baton Passer, can't pass Spe and other stats simultaneously</small></div><div class="chat battle-history"><strong>MiyoKa ♪'s team:</strong> <em style="color:#445566;display:block;">Golduck / Lickilicky / Cottonee</em></div><div class="chat battle-history"><strong>decent black's team:</strong> <em style="color:#445566;display:block;">Articuno / Rampardos / Magnemite</em></div><div class="chat chatmessage-miyoka"><strong style="color:hsl(258,83%,57.835352142417776%)"><small>☆</small><span class="username" data-name="MiyoKa ♪">MiyoKa ♪</span>:</strong> <em>hf</em></div><div class="spacer battle-history"><br></div><div class="battle-history">Battle started between MiyoKa ♪ and decent black!<br></div><div class="spacer battle-history"><br></div><div class="battle-history">Go! <strong>Lickilicky</strong>!<br></div><div class="spacer battle-history"><br></div><div class="battle-history">decent black sent out <strong>Articuno</strong>!<br></div><div class="battle-history"><small>[The opposing Articuno's Pressure]</small><br><small>The opposing Articuno is exerting its pressure!</small><br></div><div class="spacer battle-history"><br></div><h2 class="battle-history">Turn 1</h2><div class="spacer battle-history"><br></div><div class="battle-history">The opposing Articuno used <strong>Substitute</strong>!<br></div><div class="battle-history"><small>The opposing Articuno put in a substitute!</small><br></div><div class="battle-history"><small>(The opposing Articuno lost <abbr title="−95/383">24.8%</abbr> of its health!)</small><br></div><div class="spacer battle-history"><br></div><div class="battle-history">Lickilicky used <strong>Curse</strong>!<br></div><div class="battle-history"><small>Lickilicky's Speed fell!</small><br></div><div class="battle-history"><small>Lickilicky's Attack rose!</small><br></div><div class="battle-history"><small>Lickilicky's Defense rose!</small><br></div><div class="spacer battle-history"><br></div><div class="battle-history"><small>The opposing Articuno restored a little HP using its Leftovers!</small><br></div><div class="spacer battle-history"><br></div><h2 class="battle-history">Turn 2</h2><div class="spacer battle-history"><br></div><div class="battle-history">The opposing Articuno used <strong>Protect</strong>!<br></div><div class="battle-history"><small>The opposing Articuno protected itself!</small><br></div><div class="spacer battle-history"><br></div><div class="battle-history">Lickilicky used <strong>Knock Off</strong>!<br></div><div class="battle-history"><small>The opposing Articuno protected itself!</small><br></div><div class="spacer battle-history"><br></div><div class="battle-history"><small>The opposing Articuno restored a little HP using its Leftovers!</small><br></div><div class="spacer battle-history"><br></div><h2 class="battle-history">Turn 3</h2><div class="spacer battle-history"><br></div><div class="battle-history">The opposing Articuno used <strong>Roost</strong>!<br></div><div class="battle-history"><small>The opposing Articuno restored its HP.</small><br></div><div class="spacer battle-history"><br></div><div class="battle-history">Lickilicky used <strong>Knock Off</strong>!<br></div><div class="battle-history"><small>The opposing Articuno's substitute faded!</small><br></div><div class="spacer battle-history"><br></div><h2 class="battle-history">Turn 4</h2><div class="spacer battle-history"><br></div><div class="battle-history">The opposing Articuno used <strong>Protect</strong>!<br></div><div class="battle-history"><small>The opposing Articuno protected itself!</small><br></div><div class="spacer battle-history"><br></div><div class="battle-history">Lickilicky used <strong>Knock Off</strong>!<br></div><div class="battle-history"><small>The opposing Articuno protected itself!</small><br></div><div class="spacer battle-history"><br></div><h2 class="battle-history">Turn 5</h2><div class="spacer battle-history"><br></div><div class="battle-history">The opposing Articuno used <strong>Substitute</strong>!<br></div><div class="battle-history"><small>The opposing Articuno put in a substitute!</small><br></div><div class="battle-history"><small>(The opposing Articuno lost <abbr title="−95/383">24.8%</abbr> of its health!)</small><br></div><div class="spacer battle-history"><br></div><div class="battle-history">Lickilicky used <strong>Curse</strong>!<br></div><div class="battle-history"><small>Lickilicky's Speed fell!</small><br></div><div class="battle-history"><small>Lickilicky's Attack rose!</small><br></div><div class="battle-history"><small>Lickilicky's Defense rose!</small><br></div><div class="spacer battle-history"><br></div><div class="battle-history"><small>The opposing Articuno restored a little HP using its Leftovers!</small><br></div><div class="spacer battle-history"><br></div><h2 class="battle-history">Turn 6</h2><div class="spacer battle-history"><br></div><div class="battle-history">The opposing Articuno used <strong>Ice Beam</strong>!<br></div><div class="battle-history"><small>A critical hit!</small><br></div><div class="battle-history"><small>(Lickilicky lost <abbr title="−118/423">27.9%</abbr> of its health!)</small><br></div><div class="spacer battle-history"><br></div><div class="battle-history">Lickilicky used <strong>Curse</strong>!<br></div><div class="battle-history"><small>Lickilicky's Speed fell!</small><br></div><div class="battle-history"><small>Lickilicky's Attack rose!</small><br></div><div class="battle-history"><small>Lickilicky's Defense rose!</small><br></div><div class="spacer battle-history"><br></div><div class="battle-history"><small>The opposing Articuno restored a little HP using its Leftovers!</small><br></div><div class="battle-history"><small>Lickilicky restored a little HP using its Leftovers!</small><br></div><div class="spacer battle-history"><br></div><h2 class="battle-history">Turn 7</h2><div class="spacer battle-history"><br></div><div class="battle-history">The opposing Articuno used <strong>Ice Beam</strong>!<br></div><div class="battle-history"><small>(Lickilicky lost <abbr title="−72/423">17.0%</abbr> of its health!)</small><br></div><div class="spacer battle-history"><br></div><div class="battle-history">Lickilicky used <strong>Curse</strong>!<br></div><div class="battle-history"><small>Lickilicky's Speed fell!</small><br></div><div class="battle-history"><small>Lickilicky's Attack rose!</small><br></div><div class="battle-history"><small>Lickilicky's Defense rose!</small><br></div><div class="spacer battle-history"><br></div><div class="battle-history"><small>The opposing Articuno restored a little HP using its Leftovers!</small><br></div><div class="battle-history"><small>Lickilicky restored a little HP using its Leftovers!</small><br></div><div class="spacer battle-history"><br></div><h2 class="battle-history">Turn 8</h2><div class="spacer battle-history"><br></div><div class="battle-history">The opposing Articuno used <strong>Ice Beam</strong>!<br></div><div class="battle-history"><small>(Lickilicky lost <abbr title="−79/423">18.7%</abbr> of its health!)</small><br></div><div class="battle-history"><small>Lickilicky was frozen solid!</small><br></div><div class="spacer battle-history"><br></div><div class="battle-history">Lickilicky is frozen solid!<br></div><div class="spacer battle-history"><br></div><div class="battle-history"><small>The opposing Articuno restored a little HP using its Leftovers!</small><br></div><div class="battle-history"><small>Lickilicky restored a little HP using its Leftovers!</small><br></div><div class="spacer battle-history"><br></div><h2 class="battle-history">Turn 9</h2><div class="spacer battle-history"><br></div><div class="battle-history">The opposing Articuno used <strong>Ice Beam</strong>!<br></div><div class="battle-history"><small>(Lickilicky lost <abbr title="−78/423">18.4%</abbr> of its health!)</small><br></div><div class="spacer battle-history"><br></div><div class="battle-history">Lickilicky is frozen solid!<br></div><div class="spacer battle-history"><br></div><div class="battle-history"><small>The opposing Articuno restored a little HP using its Leftovers!</small><br></div><div class="battle-history"><small>Lickilicky restored a little HP using its Leftovers!</small><br></div><div class="spacer battle-history"><br></div><h2 class="battle-history">Turn 10</h2><div class="spacer battle-history"><br></div><div class="battle-history">The opposing Articuno used <strong>Ice Beam</strong>!<br></div><div class="battle-history"><small>(Lickilicky lost <abbr title="−76/423">18.0%</abbr> of its health!)</small><br></div><div class="battle-history"><small>Lickilicky thawed out!</small><br></div><div class="spacer battle-history"><br></div><div class="battle-history">Lickilicky used <strong>Rest</strong>!<br></div><div class="battle-history"><small>Lickilicky fell asleep!</small><br></div><div class="battle-history"><small>Lickilicky slept and became healthy!</small><br></div><div class="spacer battle-history"><br></div><h2 class="battle-history">Turn 11</h2><div class="spacer battle-history"><br></div><div class="battle-history">The opposing Articuno used <strong>Roost</strong>!<br></div><div class="battle-history"><small>But it failed!</small><br></div><div class="spacer battle-history"><br></div><div class="battle-history">Lickilicky is fast asleep.<br></div><div class="spacer battle-history"><br></div><div class="battle-history">Lickilicky used <strong>Sleep Talk</strong>!<br></div><div class="spacer battle-history"><br></div><div class="battle-history">Lickilicky used <strong>Rest</strong>!<br></div><div class="battle-history"><small>But it failed!</small><br></div><div class="spacer battle-history"><br></div><h2 class="battle-history">Turn 12</h2><div class="spacer battle-history"><br></div><div class="battle-history">The opposing Articuno used <strong>Roost</strong>!<br></div><div class="battle-history"><small>But it failed!</small><br></div><div class="spacer battle-history"><br></div><div class="battle-history">Lickilicky is fast asleep.<br></div><div class="spacer battle-history"><br></div><div class="battle-history">Lickilicky used <strong>Sleep Talk</strong>!<br></div><div class="spacer battle-history"><br></div><div class="battle-history">Lickilicky used <strong>Rest</strong>!<br></div><div class="battle-history"><small>But it failed!</small><br></div><div class="spacer battle-history"><br></div><h2 class="battle-history">Turn 13</h2><div class="spacer battle-history"><br></div><div class="battle-history">The opposing Articuno used <strong>Roost</strong>!<br></div><div class="battle-history"><small>But it failed!</small><br></div><div class="battle-history"><small>Lickilicky woke up!</small><br></div><div class="spacer battle-history"><br></div><div class="battle-history">Lickilicky used <strong>Knock Off</strong>!<br></div><div class="battle-history"><small>The opposing Articuno's substitute faded!</small><br></div><div class="spacer battle-history"><br></div><h2 class="battle-history">Turn 14</h2><div class="spacer battle-history"><br></div><div class="battle-history">The opposing Articuno used <strong>Substitute</strong>!<br></div><div class="battle-history"><small>The opposing Articuno put in a substitute!</small><br></div><div class="battle-history"><small>(The opposing Articuno lost <abbr title="−95/383">24.8%</abbr> of its health!)</small><br></div><div class="spacer battle-history"><br></div><div class="battle-history">Lickilicky used <strong>Curse</strong>!<br></div><div class="battle-history"><small>Lickilicky's Speed fell!</small><br></div><div class="battle-history"><small>Lickilicky's Attack rose!</small><br></div><div class="battle-history"><small>Lickilicky's Defense rose!</small><br></div><div class="spacer battle-history"><br></div><div class="battle-history"><small>The opposing Articuno restored a little HP using its Leftovers!</small><br></div><div class="spacer battle-history"><br></div><h2 class="battle-history">Turn 15</h2><div class="spacer battle-history"><br></div><div class="battle-history">The opposing Articuno used <strong>Roost</strong>!<br></div><div class="battle-history"><small>The opposing Articuno restored its HP.</small><br></div><div class="spacer battle-history"><br></div><div class="battle-history">Lickilicky used <strong>Curse</strong>!<br></div><div class="battle-history"><small>Lickilicky's Speed fell!</small><br></div><div class="battle-history"><small>Lickilicky's Attack rose!</small><br></div><div class="battle-history"><small>Lickilicky's Defense rose!</small><br></div><div class="spacer battle-history"><br></div><h2 class="battle-history">Turn 16</h2><div class="spacer battle-history"><br></div><div class="battle-history">The opposing Articuno used <strong>Roost</strong>!<br></div><div class="battle-history"><small>But it failed!</small><br></div><div class="spacer battle-history"><br></div><div class="battle-history">Lickilicky used <strong>Rest</strong>!<br></div><div class="battle-history"><small>But it failed!</small><br></div><div class="spacer battle-history"><br></div><h2 class="battle-history">Turn 17</h2><div class="spacer battle-history"><br></div><div class="battle-history">The opposing Articuno used <strong>Roost</strong>!<br></div><div class="battle-history"><small>But it failed!</small><br></div><div class="spacer battle-history"><br></div><div class="battle-history">Lickilicky used <strong>Knock Off</strong>!<br></div><div class="battle-history"><small>The opposing Articuno's substitute faded!</small><br></div><div class="spacer battle-history"><br></div><h2 class="battle-history">Turn 18</h2><div class="spacer battle-history"><br></div><div class="battle-history">The opposing Articuno used <strong>Substitute</strong>!<br></div><div class="battle-history"><small>The opposing Articuno put in a substitute!</small><br></div><div class="battle-history"><small>(The opposing Articuno lost <abbr title="−95/383">24.8%</abbr> of its health!)</small><br></div><div class="spacer battle-history"><br></div><div class="battle-history">Lickilicky used <strong>Rest</strong>!<br></div><div class="battle-history"><small>But it failed!</small><br></div><div class="spacer battle-history"><br></div><div class="battle-history"><small>The opposing Articuno restored a little HP using its Leftovers!</small><br></div><div class="spacer battle-history"><br></div><h2 class="battle-history">Turn 19</h2><div class="spacer battle-history"><br></div><div class="battle-history">The opposing Articuno used <strong>Roost</strong>!<br></div><div class="battle-history"><small>The opposing Articuno restored its HP.</small><br></div><div class="spacer battle-history"><br></div><div class="battle-history">Lickilicky used <strong>Knock Off</strong>!<br></div><div class="battle-history"><small>A critical hit!</small><br></div><div class="battle-history"><small>The opposing Articuno's substitute faded!</small><br></div><div class="spacer battle-history"><br></div><h2 class="battle-history">Turn 20</h2><div class="spacer battle-history"><br></div><div class="battle-history">The opposing Articuno used <strong>Substitute</strong>!<br></div><div class="battle-history"><small>The opposing Articuno put in a substitute!</small><br></div><div class="battle-history"><small>(The opposing Articuno lost <abbr title="−95/383">24.8%</abbr> of its health!)</small><br></div><div class="spacer battle-history"><br></div><div class="battle-history">Lickilicky used <strong>Sleep Talk</strong>!<br></div><div class="battle-history"><small>But it failed!</small><br></div><div class="spacer battle-history"><br></div><div class="battle-history"><small>The opposing Articuno restored a little HP using its Leftovers!</small><br></div><div class="spacer battle-history"><br></div><h2 class="battle-history">Turn 21</h2><div class="spacer battle-history"><br></div><div class="battle-history">The opposing Articuno used <strong>Roost</strong>!<br></div><div class="battle-history"><small>The opposing Articuno restored its HP.</small><br></div><div class="spacer battle-history"><br></div><div class="battle-history">Lickilicky used <strong>Knock Off</strong>!<br></div><div class="battle-history"><small>The opposing Articuno's substitute faded!</small><br></div><div class="spacer battle-history"><br></div><h2 class="battle-history">Turn 22</h2><div class="spacer battle-history"><br></div><div class="battle-history">The opposing Articuno used <strong>Substitute</strong>!<br></div><div class="battle-history"><small>The opposing Articuno put in a substitute!</small><br></div><div class="battle-history"><small>(The opposing Articuno lost <abbr title="−95/383">24.8%</abbr> of its health!)</small><br></div><div class="spacer battle-history"><br></div><div class="battle-history">Lickilicky used <strong>Sleep Talk</strong>!<br></div><div class="battle-history"><small>But it failed!</small><br></div><div class="spacer battle-history"><br></div><div class="battle-history"><small>The opposing Articuno restored a little HP using its Leftovers!</small><br></div><div class="spacer battle-history"><br></div><h2 class="battle-history">Turn 23</h2><div class="spacer battle-history"><br></div><div class="battle-history">The opposing Articuno used <strong>Roost</strong>!<br></div><div class="battle-history"><small>The opposing Articuno restored its HP.</small><br></div><div class="spacer battle-history"><br></div><div class="battle-history">Lickilicky used <strong>Knock Off</strong>!<br></div><div class="battle-history"><small>The opposing Articuno's substitute faded!</small><br></div><div class="spacer battle-history"><br></div><h2 class="battle-history">Turn 24</h2><div class="spacer battle-history"><br></div><div class="battle-history">The opposing Articuno used <strong>Substitute</strong>!<br></div><div class="battle-history"><small>The opposing Articuno put in a substitute!</small><br></div><div class="battle-history"><small>(The opposing Articuno lost <abbr title="−95/383">24.8%</abbr> of its health!)</small><br></div><div class="spacer battle-history"><br></div><div class="battle-history">Lickilicky used <strong>Curse</strong>!<br></div><div class="spacer battle-history"><br></div><div class="battle-history"><small>The opposing Articuno restored a little HP using its Leftovers!</small><br></div><div class="spacer battle-history"><br></div><h2 class="battle-history">Turn 25</h2><div class="spacer battle-history"><br></div><div class="battle-history">The opposing Articuno used <strong>Roost</strong>!<br></div><div class="battle-history"><small>The opposing Articuno restored its HP.</small><br></div><div class="spacer battle-history"><br></div><div class="battle-history">Lickilicky used <strong>Knock Off</strong>!<br></div><div class="battle-history"><small>The opposing Articuno's substitute faded!</small><br></div><div class="spacer battle-history"><br></div><h2 class="battle-history">Turn 26</h2><div class="spacer battle-history"><br></div><div class="battle-history">The opposing Articuno used <strong>Substitute</strong>!<br></div><div class="battle-history"><small>The opposing Articuno put in a substitute!</small><br></div><div class="battle-history"><small>(The opposing Articuno lost <abbr title="−95/383">24.8%</abbr> of its health!)</small><br></div><div class="spacer battle-history"><br></div><div class="battle-history">Lickilicky used <strong>Curse</strong>!<br></div><div class="spacer battle-history"><br></div><div class="battle-history"><small>The opposing Articuno restored a little HP using its Leftovers!</small><br></div><div class="spacer battle-history"><br></div><h2 class="battle-history">Turn 27</h2><div class="spacer battle-history"><br></div><div class="battle-history">The opposing Articuno used <strong>Roost</strong>!<br></div><div class="battle-history"><small>The opposing Articuno restored its HP.</small><br></div><div class="spacer battle-history"><br></div><div class="battle-history">Lickilicky used <strong>Knock Off</strong>!<br></div><div class="battle-history"><small>The opposing Articuno's substitute faded!</small><br></div><div class="spacer battle-history"><br></div><h2 class="battle-history">Turn 28</h2><div class="spacer battle-history"><br></div><div class="battle-history">The opposing Articuno used <strong>Substitute</strong>!<br></div><div class="battle-history"><small>The opposing Articuno put in a substitute!</small><br></div><div class="battle-history"><small>(The opposing Articuno lost <abbr title="−95/383">24.8%</abbr> of its health!)</small><br></div><div class="spacer battle-history"><br></div><div class="battle-history">Lickilicky used <strong>Knock Off</strong>!<br></div><div class="battle-history"><small>The opposing Articuno's substitute faded!</small><br></div><div class="spacer battle-history"><br></div><div class="battle-history"><small>The opposing Articuno restored a little HP using its Leftovers!</small><br></div><div class="spacer battle-history"><br></div><h2 class="battle-history">Turn 29</h2><div class="spacer battle-history"><br></div><div class="battle-history">The opposing Articuno used <strong>Protect</strong>!<br></div><div class="battle-history"><small>The opposing Articuno protected itself!</small><br></div><div class="spacer battle-history"><br></div><div class="battle-history">Lickilicky used <strong>Knock Off</strong>!<br></div><div class="battle-history"><small>The opposing Articuno protected itself!</small><br></div><div class="spacer battle-history"><br></div><div class="battle-history"><small>The opposing Articuno restored a little HP using its Leftovers!</small><br></div><div class="spacer battle-history"><br></div><h2 class="battle-history">Turn 30</h2><div class="chat chatmessage-miyoka"><strong style="color:hsl(258,83%,57.835352142417776%)"><small>☆</small><span class="username" data-name="MiyoKa ♪">MiyoKa ♪</span>:</strong> <em>gg</em></div><div class="spacer battle-history"><br></div><div class="battle-history">The opposing Articuno used <strong>Substitute</strong>!<br></div><div class="battle-history"><small>The opposing Articuno put in a substitute!</small><br></div><div class="battle-history"><small>(The opposing Articuno lost <abbr title="−95/383">24.8%</abbr> of its health!)</small><br></div><div class="spacer battle-history"><br></div><div class="battle-history">Lickilicky used <strong>Curse</strong>!<br></div><div class="spacer battle-history"><br></div><div class="battle-history"><small>The opposing Articuno restored a little HP using its Leftovers!</small><br></div><div class="spacer battle-history"><br></div><h2 class="battle-history">Turn 31</h2><div class="spacer battle-history"><br></div><div class="battle-history">The opposing Articuno used <strong>Roost</strong>!<br></div><div class="battle-history"><small>The opposing Articuno restored its HP.</small><br></div><div class="spacer battle-history"><br></div><div class="battle-history">Lickilicky used <strong>Sleep Talk</strong>!<br></div><div class="battle-history"><small>But it failed!</small><br></div><div class="spacer battle-history"><br></div><h2 class="battle-history">Turn 32</h2><div class="spacer battle-history"><br></div><div class="battle-history">The opposing Articuno used <strong>Protect</strong>!<br></div><div class="battle-history"><small>The opposing Articuno protected itself!</small><br></div><div class="spacer battle-history"><br></div><div class="battle-history">Lickilicky used <strong>Curse</strong>!<br></div><div class="spacer battle-history"><br></div><h2 class="battle-history">Turn 33</h2><div class="spacer battle-history"><br></div><div class="battle-history">The opposing Articuno used <strong>Protect</strong>!<br></div><div class="battle-history"><small>But it failed!</small><br></div><div class="spacer battle-history"><br></div><div class="battle-history">Lickilicky used <strong>Curse</strong>!<br></div><div class="spacer battle-history"><br></div><h2 class="battle-history">Turn 34</h2><div class="spacer battle-history"><br></div><div class="battle-history">The opposing Articuno used <strong>Protect</strong>!<br></div><div class="battle-history"><small>The opposing Articuno protected itself!</small><br></div><div class="spacer battle-history"><br></div><div class="battle-history">Lickilicky used <strong>Rest</strong>!<br></div><div class="battle-history"><small>But it failed!</small><br></div><div class="spacer battle-history"><br></div><h2 class="battle-history">Turn 35</h2><div class="spacer battle-history"><br></div><div class="battle-history">The opposing Articuno used <strong>Protect</strong>!<br></div><div class="battle-history"><small>But it failed!</small><br></div><div class="spacer battle-history"><br></div><div class="battle-history">Lickilicky used <strong>Curse</strong>!<br></div><div class="spacer battle-history"><br></div><h2 class="battle-history">Turn 36</h2><div class="spacer battle-history"><br></div><div class="battle-history">The opposing Articuno used <strong>Protect</strong>!<br></div><div class="battle-history"><small>The opposing Articuno protected itself!</small><br></div><div class="spacer battle-history"><br></div><div class="battle-history">Lickilicky used <strong>Rest</strong>!<br></div><div class="battle-history"><small>But it failed!</small><br></div><div class="spacer battle-history"><br></div><h2 class="battle-history">Turn 37</h2><div class="spacer battle-history"><br></div><div class="battle-history">The opposing Articuno used <strong>Protect</strong>!<br></div><div class="battle-history"><small>But it failed!</small><br></div><div class="spacer battle-history"><br></div><div class="battle-history">Lickilicky used <strong>Curse</strong>!<br></div><div class="spacer battle-history"><br></div><h2 class="battle-history">Turn 38</h2><div class="spacer battle-history"><br></div><div class="battle-history">The opposing Articuno used <strong>Protect</strong>!<br></div><div class="battle-history"><small>The opposing Articuno protected itself!</small><br></div><div class="spacer battle-history"><br></div><div class="battle-history">Lickilicky used <strong>Curse</strong>!<br></div><div class="spacer battle-history"><br></div><h2 class="battle-history">Turn 39</h2><div class="spacer battle-history"><br></div><div class="battle-history">The opposing Articuno used <strong>Roost</strong>!<br></div><div class="battle-history"><small>But it failed!</small><br></div><div class="spacer battle-history"><br></div><div class="battle-history">Lickilicky used <strong>Curse</strong>!<br></div><div class="spacer battle-history"><br></div><h2 class="battle-history">Turn 40</h2><div class="spacer battle-history"><br></div><div class="battle-history">The opposing Articuno used <strong>Roost</strong>!<br></div><div class="battle-history"><small>But it failed!</small><br></div><div class="spacer battle-history"><br></div><div class="battle-history">Lickilicky used <strong>Knock Off</strong>!<br></div><div class="battle-history"><small>The opposing Articuno's substitute faded!</small><br></div><div class="spacer battle-history"><br></div><h2 class="battle-history">Turn 41</h2><div class="spacer battle-history"><br></div><div class="battle-history">The opposing Articuno used <strong>Substitute</strong>!<br></div><div class="battle-history"><small>The opposing Articuno put in a substitute!</small><br></div><div class="battle-history"><small>(The opposing Articuno lost <abbr title="−95/383">24.8%</abbr> of its health!)</small><br></div><div class="spacer battle-history"><br></div><div class="battle-history">Lickilicky used <strong>Curse</strong>!<br></div><div class="spacer battle-history"><br></div><div class="battle-history"><small>The opposing Articuno restored a little HP using its Leftovers!</small><br></div><div class="spacer battle-history"><br></div><h2 class="battle-history">Turn 42</h2><div class="spacer battle-history"><br></div><div class="battle-history">The opposing Articuno used <strong>Protect</strong>!<br></div><div class="battle-history"><small>The opposing Articuno protected itself!</small><br></div><div class="spacer battle-history"><br></div><div class="battle-history">Lickilicky used <strong>Sleep Talk</strong>!<br></div><div class="battle-history"><small>But it failed!</small><br></div><div class="spacer battle-history"><br></div><div class="battle-history"><small>The opposing Articuno restored a little HP using its Leftovers!</small><br></div><div class="spacer battle-history"><br></div><h2 class="battle-history">Turn 43</h2><div class="spacer battle-history"><br></div><div class="battle-history">The opposing Articuno used <strong>Roost</strong>!<br></div><div class="battle-history"><small>The opposing Articuno restored its HP.</small><br></div><div class="spacer battle-history"><br></div><div class="battle-history">Lickilicky used <strong>Rest</strong>!<br></div><div class="battle-history"><small>But it failed!</small><br></div><div class="spacer battle-history"><br></div><h2 class="battle-history">Turn 44</h2><div class="spacer battle-history"><br></div><div class="battle-history">The opposing Articuno used <strong>Ice Beam</strong>!<br></div><div class="battle-history"><small>(Lickilicky lost <abbr title="−76/423">18.0%</abbr> of its health!)</small><br></div><div class="spacer battle-history"><br></div><div class="battle-history">Lickilicky used <strong>Rest</strong>!<br></div><div class="battle-history"><small>Lickilicky fell asleep!</small><br></div><div class="battle-history"><small>Lickilicky slept and became healthy!</small><br></div><div class="spacer battle-history"><br></div><h2 class="battle-history">Turn 45</h2><div class="spacer battle-history"><br></div><div class="battle-history">The opposing Articuno used <strong>Ice Beam</strong>!<br></div><div class="battle-history"><small>(Lickilicky lost <abbr title="−81/423">19.1%</abbr> of its health!)</small><br></div><div class="spacer battle-history"><br></div><div class="battle-history">Lickilicky is fast asleep.<br></div><div class="spacer battle-history"><br></div><div class="battle-history">Lickilicky used <strong>Sleep Talk</strong>!<br></div><div class="spacer battle-history"><br></div><div class="battle-history">Lickilicky used <strong>Rest</strong>!<br></div><div class="battle-history"><small>But it failed!</small><br></div><div class="spacer battle-history"><br></div><div class="battle-history"><small>Lickilicky restored a little HP using its Leftovers!</small><br></div><div class="spacer battle-history"><br></div><h2 class="battle-history">Turn 46</h2><div class="spacer battle-history"><br></div><div class="battle-history">The opposing Articuno used <strong>Ice Beam</strong>!<br></div><div class="battle-history"><small>(Lickilicky lost <abbr title="−76/423">18.0%</abbr> of its health!)</small><br></div><div class="spacer battle-history"><br></div><div class="battle-history">Lickilicky is fast asleep.<br></div><div class="spacer battle-history"><br></div><div class="battle-history">Lickilicky used <strong>Sleep Talk</strong>!<br></div><div class="spacer battle-history"><br></div><div class="battle-history">Lickilicky used <strong>Rest</strong>!<br></div><div class="battle-history"><small>But it failed!</small><br></div><div class="spacer battle-history"><br></div><div class="battle-history"><small>Lickilicky restored a little HP using its Leftovers!</small><br></div><div class="spacer battle-history"><br></div><h2 class="battle-history">Turn 47</h2><div class="spacer battle-history"><br></div><div class="battle-history">The opposing Articuno used <strong>Ice Beam</strong>!<br></div><div class="battle-history"><small>(Lickilicky lost <abbr title="−75/423">17.7%</abbr> of its health!)</small><br></div><div class="battle-history"><small>Lickilicky woke up!</small><br></div><div class="spacer battle-history"><br></div><div class="battle-history">Lickilicky used <strong>Rest</strong>!<br></div><div class="battle-history"><small>Lickilicky fell asleep!</small><br></div><div class="battle-history"><small>Lickilicky slept and became healthy!</small><br></div><div class="spacer battle-history"><br></div><h2 class="battle-history">Turn 48</h2><div class="spacer battle-history"><br></div><div class="battle-history">The opposing Articuno used <strong>Ice Beam</strong>!<br></div><div class="battle-history"><small>(Lickilicky lost <abbr title="−78/423">18.4%</abbr> of its health!)</small><br></div><div class="spacer battle-history"><br></div><div class="battle-history">Lickilicky is fast asleep.<br></div><div class="spacer battle-history"><br></div><div class="battle-history"><small>Lickilicky restored a little HP using its Leftovers!</small><br></div><div class="spacer battle-history"><br></div><h2 class="battle-history">Turn 49</h2><div class="spacer battle-history"><br></div><div class="battle-history">The opposing Articuno used <strong>Ice Beam</strong>!<br></div><div class="battle-history"><small>(Lickilicky lost <abbr title="−82/423">19.4%</abbr> of its health!)</small><br></div><div class="spacer battle-history"><br></div><div class="battle-history">Lickilicky is fast asleep.<br></div><div class="spacer battle-history"><br></div><div class="battle-history"><small>Lickilicky restored a little HP using its Leftovers!</small><br></div><div class="spacer battle-history"><br></div><h2 class="battle-history">Turn 50</h2><div class="spacer battle-history"><br></div><div class="battle-history">The opposing Articuno used <strong>Ice Beam</strong>!<br></div><div class="battle-history"><small>(Lickilicky lost <abbr title="−70/423">16.5%</abbr> of its health!)</small><br></div><div class="battle-history"><small>Lickilicky woke up!</small><br></div><div class="spacer battle-history"><br></div><div class="battle-history">Lickilicky used <strong>Rest</strong>!<br></div><div class="battle-history"><small>Lickilicky fell asleep!</small><br></div><div class="battle-history"><small>Lickilicky slept and became healthy!</small><br></div><div class="spacer battle-history"><br></div><h2 class="battle-history">Turn 51</h2><div class="spacer battle-history"><br></div><div class="battle-history">The opposing Articuno used <strong>Ice Beam</strong>!<br></div><div class="battle-history"><small>(Lickilicky lost <abbr title="−81/423">19.1%</abbr> of its health!)</small><br></div><div class="spacer battle-history"><br></div><div class="battle-history">Lickilicky is fast asleep.<br></div><div class="spacer battle-history"><br></div><div class="battle-history"><small>Lickilicky restored a little HP using its Leftovers!</small><br></div><div class="spacer battle-history"><br></div><h2 class="battle-history">Turn 52</h2><div class="spacer battle-history"><br></div><div class="battle-history">The opposing Articuno used <strong>Ice Beam</strong>!<br></div><div class="battle-history"><small>(Lickilicky lost <abbr title="−69/423">16.3%</abbr> of its health!)</small><br></div><div class="spacer battle-history"><br></div><div class="battle-history">Lickilicky is fast asleep.<br></div><div class="spacer battle-history"><br></div><div class="battle-history"><small>Lickilicky restored a little HP using its Leftovers!</small><br></div><div class="spacer battle-history"><br></div><h2 class="battle-history">Turn 53</h2><div class="spacer battle-history"><br></div><div class="battle-history">The opposing Articuno used <strong>Ice Beam</strong>!<br></div><div class="battle-history"><small>(Lickilicky lost <abbr title="−70/423">16.5%</abbr> of its health!)</small><br></div><div class="battle-history"><small>Lickilicky woke up!</small><br></div><div class="spacer battle-history"><br></div><div class="battle-history">Lickilicky used <strong>Rest</strong>!<br></div><div class="battle-history"><small>Lickilicky fell asleep!</small><br></div><div class="battle-history"><small>Lickilicky slept and became healthy!</small><br></div><div class="spacer battle-history"><br></div><h2 class="battle-history">Turn 54</h2><div class="spacer battle-history"><br></div><div class="battle-history">The opposing Articuno used <strong>Ice Beam</strong>!<br></div><div class="battle-history"><small>(Lickilicky lost <abbr title="−79/423">18.7%</abbr> of its health!)</small><br></div><div class="spacer battle-history"><br></div><div class="battle-history">Lickilicky is fast asleep.<br></div><div class="spacer battle-history"><br></div><div class="battle-history"><small>Lickilicky restored a little HP using its Leftovers!</small><br></div><div class="spacer battle-history"><br></div><h2 class="battle-history">Turn 55</h2><div class="spacer battle-history"><br></div><div class="battle-history">The opposing Articuno used <strong>Protect</strong>!<br></div><div class="battle-history"><small>The opposing Articuno protected itself!</small><br></div><div class="spacer battle-history"><br></div><div class="battle-history">Lickilicky is fast asleep.<br></div><div class="spacer battle-history"><br></div><div class="battle-history">Lickilicky used <strong>Sleep Talk</strong>!<br></div><div class="spacer battle-history"><br></div><div class="battle-history">Lickilicky used <strong>Knock Off</strong>!<br></div><div class="battle-history"><small>The opposing Articuno protected itself!</small><br></div><div class="spacer battle-history"><br></div><div class="battle-history"><small>Lickilicky restored a little HP using its Leftovers!</small><br></div><div class="spacer battle-history"><br></div><h2 class="battle-history">Turn 56</h2><div class="spacer battle-history"><br></div><div class="battle-history">The opposing Articuno used <strong>Protect</strong>!<br></div><div class="battle-history"><small>The opposing Articuno protected itself!</small><br></div><div class="battle-history"><small>Lickilicky woke up!</small><br></div><div class="spacer battle-history"><br></div><div class="battle-history">Lickilicky used <strong>Rest</strong>!<br></div><div class="battle-history"><small>Lickilicky fell asleep!</small><br></div><div class="battle-history"><small>Lickilicky slept and became healthy!</small><br></div><div class="spacer battle-history"><br></div><h2 class="battle-history">Turn 57</h2><div class="spacer battle-history"><br></div><div class="battle-history">The opposing Articuno used <strong>Protect</strong>!<br></div><div class="battle-history"><small>But it failed!</small><br></div><div class="spacer battle-history"><br></div><div class="battle-history">Lickilicky is fast asleep.<br></div><div class="spacer battle-history"><br></div><h2 class="battle-history">Turn 58</h2><div class="spacer battle-history"><br></div><div class="battle-history">The opposing Articuno used <strong>Protect</strong>!<br></div><div class="battle-history"><small>The opposing Articuno protected itself!</small><br></div><div class="spacer battle-history"><br></div><div class="battle-history">Lickilicky is fast asleep.<br></div><div class="spacer battle-history"><br></div><h2 class="battle-history">Turn 59</h2><div class="spacer battle-history"><br></div><div class="battle-history">The opposing Articuno used <strong>Protect</strong>!<br></div><div class="battle-history"><small>The opposing Articuno protected itself!</small><br></div><div class="battle-history"><small>Lickilicky woke up!</small><br></div><div class="spacer battle-history"><br></div><div class="battle-history">Lickilicky used <strong>Rest</strong>!<br></div><div class="battle-history"><small>But it failed!</small><br></div><div class="spacer battle-history"><br></div><h2 class="battle-history">Turn 60</h2><div class="spacer battle-history"><br></div><div class="battle-history">The opposing Articuno used <strong>Substitute</strong>!<br></div><div class="battle-history"><small>The opposing Articuno already has a substitute!</small><br></div><div class="spacer battle-history"><br></div><div class="battle-history">Lickilicky used <strong>Rest</strong>!<br></div><div class="battle-history"><small>But it failed!</small><br></div><div class="spacer battle-history"><br></div><h2 class="battle-history">Turn 61</h2><div class="spacer battle-history"><br></div><div class="battle-history">The opposing Articuno used <strong>Substitute</strong>!<br></div><div class="battle-history"><small>The opposing Articuno already has a substitute!</small><br></div><div class="spacer battle-history"><br></div><div class="battle-history">Lickilicky used <strong>Rest</strong>!<br></div><div class="battle-history"><small>But it failed!</small><br></div><div class="spacer battle-history"><br></div><h2 class="battle-history">Turn 62</h2><div class="spacer battle-history"><br></div><div class="battle-history">The opposing Articuno used <strong>Substitute</strong>!<br></div><div class="battle-history"><small>The opposing Articuno already has a substitute!</small><br></div><div class="spacer battle-history"><br></div><div class="battle-history">Lickilicky used <strong>Rest</strong>!<br></div><div class="battle-history"><small>But it failed!</small><br></div><div class="spacer battle-history"><br></div><h2 class="battle-history">Turn 63</h2><div class="spacer battle-history"><br></div><div class="battle-history">The opposing Articuno used <strong>Substitute</strong>!<br></div><div class="battle-history"><small>The opposing Articuno already has a substitute!</small><br></div><div class="spacer battle-history"><br></div><div class="battle-history">Lickilicky used <strong>Rest</strong>!<br></div><div class="battle-history"><small>But it failed!</small><br></div><div class="spacer battle-history"><br></div><h2 class="battle-history">Turn 64</h2><div class="spacer battle-history"><br></div><div class="battle-history">The opposing Articuno used <strong>Substitute</strong>!<br></div><div class="battle-history"><small>The opposing Articuno already has a substitute!</small><br></div><div class="spacer battle-history"><br></div><div class="battle-history">Lickilicky used <strong>Sleep Talk</strong>!<br></div><div class="battle-history"><small>But it failed!</small><br></div><div class="spacer battle-history"><br></div><h2 class="battle-history">Turn 65</h2><div class="spacer battle-history"><br></div><div class="battle-history"><small>The opposing Articuno has no moves left!</small><br></div><div class="spacer battle-history"><br></div><div class="battle-history">The opposing Articuno used <strong>Struggle</strong>!<br></div><div class="battle-history"><small>(Lickilicky lost <abbr title="−8/423">1.9%</abbr> of its health!)</small><br></div><div class="battle-history"><small>The opposing Articuno is damaged by the recoil!</small><br></div><div class="spacer battle-history"><br></div><div class="battle-history">Lickilicky used <strong>Knock Off</strong>!<br></div><div class="battle-history"><small>The opposing Articuno's substitute faded!</small><br></div><div class="spacer battle-history"><br></div><div class="battle-history"><small>The opposing Articuno restored a little HP using its Leftovers!</small><br></div><div class="battle-history"><small>Lickilicky restored a little HP using its Leftovers!</small><br></div><div class="spacer battle-history"><br></div><h2 class="battle-history">Turn 66</h2><div class="spacer battle-history"><br></div><div class="battle-history"><small>The opposing Articuno has no moves left!</small><br></div><div class="spacer battle-history"><br></div><div class="battle-history">The opposing Articuno used <strong>Struggle</strong>!<br></div><div class="battle-history"><small>(Lickilicky lost <abbr title="−8/423">1.9%</abbr> of its health!)</small><br></div><div class="battle-history"><small>The opposing Articuno is damaged by the recoil!</small><br></div><div class="spacer battle-history"><br></div><div class="battle-history">Lickilicky used <strong>Knock Off</strong>!<br></div><div class="battle-history"><small>(The opposing Articuno lost <abbr title="−214/383">55.9%</abbr> of its health!)</small><br></div><div class="battle-history"><small>Lickilicky knocked off the opposing Articuno's Leftovers!</small><br></div><div class="spacer battle-history"><br></div><div class="battle-history">The opposing Articuno fainted!<br></div><div class="spacer battle-history"><br></div><div class="battle-history"><small>Lickilicky restored a little HP using its Leftovers!</small><br></div><div class="spacer battle-history"><br></div><div class="battle-history"><small>decent black forfeited.</small><br></div><div class="spacer battle-history"><br></div><div class="battle-history"><strong>MiyoKa ♪</strong> won the battle!<br></div><div class="chat"><small>decent black left.</small></div></div><div class="inner-preempt"></div></div></div>
</div>
<script>
let daily = Math.floor(Date.now()/1000/60/60/24);document.write('<script src="https://play.pokemonshowdown.com/js/replay-embed.js?version'+daily+'"></'+'script>');
</script>
