<!DOCTYPE html>
<meta charset="utf-8" />
<!-- version 1 -->
<title>PU replay: LucyBellNeedsGlory vs. Alolan's_Butt</title>
<style>
html,body {font-family:Verdana, sans-serif;font-size:10pt;margin:0;padding:0;}body{padding:12px 0;} .battle-log {font-family:Verdana, sans-serif;font-size:10pt;} .battle-log-inline {border:1px solid #AAAAAA;background:#EEF2F5;color:black;max-width:640px;margin:0 auto 80px;padding-bottom:5px;} .battle-log .inner {padding:4px 8px 0px 8px;} .battle-log .inner-preempt {padding:0 8px 4px 8px;} .battle-log .inner-after {margin-top:0.5em;} .battle-log h2 {margin:0.5em -8px;padding:4px 8px;border:1px solid #AAAAAA;background:#E0E7EA;border-left:0;border-right:0;font-family:Verdana, sans-serif;font-size:13pt;} .battle-log .chat {vertical-align:middle;padding:3px 0 3px 0;font-size:8pt;} .battle-log .chat strong {color:#40576A;} .battle-log .chat em {padding:1px 4px 1px 3px;color:#000000;font-style:normal;} .chat.mine {background:rgba(0,0,0,0.05);margin-left:-8px;margin-right:-8px;padding-left:8px;padding-right:8px;} .spoiler {color:#BBBBBB;background:#BBBBBB;padding:0px 3px;} .spoiler:hover, .spoiler:active, .spoiler-shown {color:#000000;background:#E2E2E2;padding:0px 3px;} .spoiler a {color:#BBBBBB;} .spoiler:hover a, .spoiler:active a, .spoiler-shown a {color:#2288CC;} .chat code, .chat .spoiler:hover code, .chat .spoiler:active code, .chat .spoiler-shown code {border:1px solid #C0C0C0;background:#EEEEEE;color:black;padding:0 2px;} .chat .spoiler code {border:1px solid #CCCCCC;background:#CCCCCC;color:#CCCCCC;} .battle-log .rated {padding:3px 4px;} .battle-log .rated strong {color:white;background:#89A;padding:1px 4px;border-radius:4px;} .spacer {margin-top:0.5em;} .message-announce {background:#6688AA;color:white;padding:1px 4px 2px;} .message-announce a, .broadcast-green a, .broadcast-blue a, .broadcast-red a {color:#DDEEFF;} .broadcast-green {background-color:#559955;color:white;padding:2px 4px;} .broadcast-blue {background-color:#6688AA;color:white;padding:2px 4px;} .infobox {border:1px solid #6688AA;padding:2px 4px;} .infobox-limited {max-height:200px;overflow:auto;overflow-x:hidden;} .broadcast-red {background-color:#AA5544;color:white;padding:2px 4px;} .message-learn-canlearn {font-weight:bold;color:#228822;text-decoration:underline;} .message-learn-cannotlearn {font-weight:bold;color:#CC2222;text-decoration:underline;} .message-effect-weak {font-weight:bold;color:#CC2222;} .message-effect-resist {font-weight:bold;color:#6688AA;} .message-effect-immune {font-weight:bold;color:#666666;} .message-learn-list {margin-top:0;margin-bottom:0;} .message-throttle-notice, .message-error {color:#992222;} .message-overflow, .chat small.message-overflow {font-size:0pt;} .message-overflow::before {font-size:9pt;content:'...';} .subtle {color:#3A4A66;}
</style>
<div class="wrapper replay-wrapper" style="max-width:1180px;margin:0 auto">
<input type="hidden" name="replayid" value="pu-556036967" />
<div class="battle"></div><div class="battle-log"></div><div class="replay-controls"></div><div class="replay-controls-2"></div>
<h1 style="font-weight:normal;text-align:center"><strong>PU</strong><br /><a href="http://pokemonshowdown.com/users/lucybellneedsglory" class="subtle" target="_blank">LucyBellNeedsGlory</a> vs. <a href="http://pokemonshowdown.com/users/alolansbutt" class="subtle" target="_blank">Alolan's_Butt</a></h1>
<script type="text/plain" class="battle-log-data">|j|LucyBellNeedsGlory
|j|Alolan's_Butt
|player|p1|LucyBellNeedsGlory|12
|player|p2|Alolan's_Butt|265
|gametype|singles
|gen|6
|tier|PU
|rated
|seed|14650,12572,53804,51376
|rule|Sleep Clause Mod: Limit one foe put to sleep
|rule|Species Clause: Limit one of each Pokémon
|rule|OHKO Clause: OHKO moves are banned
|rule|Moody Clause: Moody is banned
|rule|Evasion Moves Clause: Evasion moves are banned
|rule|Endless Battle Clause: Forcing endless battles is banned
|rule|HP Percentage Mod: HP is shown in percentages
|clearpoke
|poke|p1|Stoutland, F|item
|poke|p1|Monferno, F|item
|poke|p1|Mr. Mime, F|item
|poke|p1|Altaria, M|item
|poke|p1|Floatzel, F|item
|poke|p1|Probopass, F|item
|poke|p2|Natu, F|item
|poke|p2|Lopunny, F|item
|poke|p2|Misdreavus, M|item
|poke|p2|Rampardos, M|item
|poke|p2|Smeargle, M|item
|poke|p2|Mightyena, M|item
|rule|Swagger Clause: Swagger is banned
|rule|Baton Pass Clause: Limit one Baton Passer, can't pass Spe and other stats simultaneously
|teampreview
|choice|team 5, team 2, team 3, team 4, team 1, team 6|team 3, team 2, team 1, team 4, team 5, team 6
|
|start
|switch|p1a: Floatzel|Floatzel, F|311\/311
|switch|p2a: Misdreavus|Misdreavus, M|324\/324
|turn|1
|choice|switch 6|move thunderwave
|
|switch|p1a: Probopass|Probopass, F|259\/259
|move|p2a: Misdreavus|Thunder Wave|p1a: Probopass
|-status|p1a: Probopass|par
|
|upkeep
|turn|2
|choice|move powergem|move taunt
|
|move|p2a: Misdreavus|Taunt|p1a: Probopass
|-start|p1a: Probopass|move: Taunt
|cant|p1a: Probopass|par
|
|upkeep
|turn|3
|choice|move powergem|move shadowball
|
|move|p2a: Misdreavus|Shadow Ball|p1a: Probopass
|-damage|p1a: Probopass|180\/259 par
|move|p1a: Probopass|Power Gem|p2a: Misdreavus
|-damage|p2a: Misdreavus|217\/324
|-damage|p1a: Probopass|155\/259 par|[from] item: Life Orb
|
|upkeep
|turn|4
|choice|switch 5|move shadowball
|
|switch|p1a: Stoutland|Stoutland, F|311\/311
|move|p2a: Misdreavus|Shadow Ball|p1a: Stoutland
|-immune|p1a: Stoutland|[msg]
|
|upkeep
|turn|5
|choice|move frustration|move thunderwave
|
|move|p1a: Stoutland|Frustration|p2a: Misdreavus
|-damage|p2a: Misdreavus|21\/324
|move|p2a: Misdreavus|Thunder Wave|p1a: Stoutland
|-status|p1a: Stoutland|par
|
|upkeep
|turn|6
|choice|move frustration|move painsplit
|
|move|p2a: Misdreavus|Pain Split|p1a: Stoutland
|-sethp|p1a: Stoutland|166\/311 par|p2a: Misdreavus|166\/324|[from] move: Pain Split
|cant|p1a: Stoutland|par
|
|upkeep
|turn|7
|choice|move frustration|switch 5
|
|switch|p2a: Smeargle|Smeargle, M|314\/314
|cant|p1a: Stoutland|par
|
|upkeep
|turn|8
|choice|move frustration|move stickyweb
|
|move|p2a: Smeargle|Sticky Web|p1a: Stoutland
|-sidestart|p1: LucyBellNeedsGlory|move: Sticky Web
|move|p1a: Stoutland|Frustration|p2a: Smeargle
|-crit|p2a: Smeargle
|-enditem|p2a: Smeargle|Focus Sash
|-damage|p2a: Smeargle|1\/314
|
|upkeep
|turn|9
|choice|move frustration|move memento
|
|move|p2a: Smeargle|Memento|p1a: Stoutland
|-unboost|p1a: Stoutland|atk|2
|-unboost|p1a: Stoutland|spa|2
|faint|p2a: Smeargle
|move|p1a: Stoutland|Frustration|p2: Smeargle|[notarget]
|-notarget
|
|upkeep
|choice||switch 2
|
|switch|p2a: Lopunny|Lopunny, F|334\/334
|turn|10
|choice|switch 3|move cosmicpower
|
|switch|p1a: Mr. Mime|Mr. Mime, F|221\/221
|-activate|p1a: Mr. Mime|move: Sticky Web
|-unboost|p1a: Mr. Mime|spe|1
|move|p2a: Lopunny|Cosmic Power|p2a: Lopunny
|-boost|p2a: Lopunny|def|1
|-boost|p2a: Lopunny|spd|1
|
|upkeep
|turn|11
|choice|move futuresight|move cosmicpower
|
|move|p2a: Lopunny|Cosmic Power|p2a: Lopunny
|-boost|p2a: Lopunny|def|1
|-boost|p2a: Lopunny|spd|1
|move|p1a: Mr. Mime|Future Sight|p2a: Lopunny
|-start|p1a: Mr. Mime|move: Future Sight
|
|upkeep
|turn|12
|choice|move focusblast|move cosmicpower
|
|move|p2a: Lopunny|Cosmic Power|p2a: Lopunny
|-boost|p2a: Lopunny|def|1
|-boost|p2a: Lopunny|spd|1
|move|p1a: Mr. Mime|Focus Blast|p2a: Lopunny
|-supereffective|p2a: Lopunny
|-damage|p2a: Lopunny|207\/334
|-unboost|p2a: Lopunny|spd|1
|
|upkeep
|turn|13
|choice|move focusblast|move cosmicpower
|
|move|p2a: Lopunny|Cosmic Power|p2a: Lopunny
|-boost|p2a: Lopunny|def|1
|-boost|p2a: Lopunny|spd|1
|move|p1a: Mr. Mime|Focus Blast|p2a: Lopunny
|-supereffective|p2a: Lopunny
|-damage|p2a: Lopunny|87\/334
|
|-end|p2a: Lopunny|move: Future Sight
|-damage|p2a: Lopunny|18\/334
|upkeep
|turn|14
|choice|move healingwish|move batonpass
|
|move|p2a: Lopunny|Baton Pass|p2a: Lopunny
|choice||switch 3
|
|switch|p2a: Natu|Natu, F|284\/284
|move|p1a: Mr. Mime|Healing Wish|p1a: Mr. Mime
|faint|p1a: Mr. Mime
|
|upkeep
|choice|switch 5|
|
|switch|p1a: Probopass|Probopass, F|155\/259 par
|-heal|p1a: Probopass|259\/259|[from] move: Healing Wish
|-activate|p1a: Probopass|move: Sticky Web
|-unboost|p1a: Probopass|spe|1
|turn|15
|choice|move powergem|move calmmind
|
|move|p2a: Natu|Calm Mind|p2a: Natu
|-boost|p2a: Natu|spa|1
|-boost|p2a: Natu|spd|1
|move|p1a: Probopass|Power Gem|p2a: Natu
|-supereffective|p2a: Natu
|-damage|p2a: Natu|167\/284
|-damage|p1a: Probopass|234\/259|[from] item: Life Orb
|
|upkeep
|turn|16
|choice|move powergem|move calmmind
|
|move|p2a: Natu|Calm Mind|p2a: Natu
|-boost|p2a: Natu|spa|1
|-boost|p2a: Natu|spd|1
|move|p1a: Probopass|Power Gem|p2a: Natu
|-supereffective|p2a: Natu
|-damage|p2a: Natu|79\/284
|-damage|p1a: Probopass|209\/259|[from] item: Life Orb
|
|upkeep
|turn|17
|choice|switch 4|move roost
|
|switch|p1a: Altaria|Altaria, M|289\/289
|-ability|p1a: Altaria|Cloud Nine
|move|p2a: Natu|Roost|p2a: Natu
|-heal|p2a: Natu|221\/284
|
|upkeep
|turn|18
|choice|move powerswap|move storedpower
|
|move|p1a: Altaria|Power Swap|p2a: Natu
|-swapboost|p1a: Altaria|p2a: Natu|atk, spa|[from] move: Power Swap
|move|p2a: Natu|Stored Power|p1a: Altaria
|-damage|p1a: Altaria|123\/289
|
|upkeep
|turn|19
|choice|move dracometeor|move storedpower
|
|move|p1a: Altaria|Draco Meteor|p2a: Natu
|-damage|p2a: Natu|65\/284
|-unboost|p1a: Altaria|spa|2
|-damage|p1a: Altaria|95\/289|[from] item: Life Orb
|move|p2a: Natu|Stored Power|p1a: Altaria
|-damage|p1a: Altaria|0 fnt
|faint|p1a: Altaria
|
|upkeep
|choice|switch 6|
|
|switch|p1a: Floatzel|Floatzel, F|311\/311
|-activate|p1a: Floatzel|move: Sticky Web
|-unboost|p1a: Floatzel|spe|1
|turn|20
|choice|move waterfall|move roost
|
|move|p1a: Floatzel|Waterfall|p2a: Natu
|-damage|p2a: Natu|31\/284
|cant|p2a: Natu|flinch
|
|upkeep
|turn|21
|choice|move waterfall|move roost
|
|move|p1a: Floatzel|Waterfall|p2a: Natu
|-damage|p2a: Natu|0 fnt
|faint|p2a: Natu
|
|upkeep
|choice||switch 5
|
|switch|p2a: Misdreavus|Misdreavus, M|166\/324
|turn|22
|choice|switch 3|move thunderwave
|
|switch|p1a: Stoutland|Stoutland, F|166\/311 par
|-activate|p1a: Stoutland|move: Sticky Web
|-unboost|p1a: Stoutland|spe|1
|move|p2a: Misdreavus|Thunder Wave|p1a: Stoutland
|-fail|p1a: Stoutland|par
|
|upkeep
|turn|23
|choice|move facade|switch 3
|
|switch|p2a: Lopunny|Lopunny, F|18\/334
|move|p1a: Stoutland|Facade|p2a: Lopunny
|-crit|p2a: Lopunny
|-damage|p2a: Lopunny|0 fnt
|faint|p2a: Lopunny
|
|upkeep
|choice||switch 4
|
|switch|p2a: Rampardos|Rampardos, M|335\/335
|turn|24
|choice|switch 4|move rockslide
|
|switch|p1a: Probopass|Probopass, F|209\/259
|-activate|p1a: Probopass|move: Sticky Web
|-unboost|p1a: Probopass|spe|1
|move|p2a: Rampardos|Rock Slide|p1a: Probopass
|-resisted|p1a: Probopass
|-damage|p1a: Probopass|108\/259
|
|upkeep
|turn|25
|choice|move powergem|move earthquake
|
|move|p2a: Rampardos|Earthquake|p1a: Probopass
|-supereffective|p1a: Probopass
|-damage|p1a: Probopass|0 fnt
|-damage|p2a: Rampardos|302\/335|[from] item: Life Orb
|faint|p1a: Probopass
|
|upkeep
|choice|switch 3|
|
|switch|p1a: Floatzel|Floatzel, F|311\/311
|-activate|p1a: Floatzel|move: Sticky Web
|-unboost|p1a: Floatzel|spe|1
|turn|26
|choice|move waterfall|switch 3
|
|switch|p2a: Misdreavus|Misdreavus, M|166\/324
|move|p1a: Floatzel|Waterfall|p2a: Misdreavus
|-damage|p2a: Misdreavus|48\/324
|
|upkeep
|turn|27
|choice|move waterfall|switch 3
|
|switch|p2a: Rampardos|Rampardos, M|302\/335
|move|p1a: Floatzel|Waterfall|p2a: Rampardos
|-supereffective|p2a: Rampardos
|-damage|p2a: Rampardos|0 fnt
|faint|p2a: Rampardos
|
|upkeep
|choice||switch 6
|
|switch|p2a: Mightyena|Mightyena, M|282\/282
|turn|28
|choice|move waterfall|move crunch
|
|move|p1a: Floatzel|Waterfall|p2a: Mightyena
|-damage|p2a: Mightyena|116\/282
|cant|p2a: Mightyena|flinch
|
|-heal|p2a: Mightyena|133\/282|[from] item: Leftovers
|upkeep
|turn|29
|-message|Alolan's_Butt forfeited.
|
|win|LucyBellNeedsGlory
|l|Alolan's_Butt
|raw|LucyBellNeedsGlory's rating: 1392 &rarr; <strong>1409<\/strong><br \/>(+17 for winning)
|raw|Alolan&apos;s_Butt's rating: 1345 &rarr; <strong>1327<\/strong><br \/>(-18 for losing)</script>
</div>
<div class="battle-log battle-log-inline"><div class="inner"><div class="battle-options"></div><div class="inner"><div class="chat"><small>LucyBellNeedsGlory joined.</small></div><div class="chat"><small>Alolan's_Butt joined.</small></div><div class=""><small>Format:</small> <br><strong>PU</strong></div><div class="rated"><strong>Rated battle</strong></div><div class=""><small><em>Sleep Clause Mod:</em> Limit one foe put to sleep</small></div><div class=""><small><em>Species Clause:</em> Limit one of each Pokémon</small></div><div class=""><small><em>OHKO Clause:</em> OHKO moves are banned</small></div><div class=""><small><em>Moody Clause:</em> Moody is banned</small></div><div class=""><small><em>Evasion Moves Clause:</em> Evasion moves are banned</small></div><div class=""><small><em>Endless Battle Clause:</em> Forcing endless battles is banned</small></div><div class=""><small><em>HP Percentage Mod:</em> HP is shown in percentages</small></div><div class=""><small><em>Swagger Clause:</em> Swagger is banned</small></div><div class=""><small><em>Baton Pass Clause:</em> Limit one Baton Passer, can't pass Spe and other stats simultaneously</small></div><div class="chat battle-history"><strong>LucyBellNeedsGlory's team:</strong> <em style="color:#445566;display:block;">Stoutland / Monferno / Mr. Mime / Altaria / Floatzel / Probopass</em></div><div class="chat battle-history"><strong>Alolan's_Butt's team:</strong> <em style="color:#445566;display:block;">Natu / Lopunny / Misdreavus / Rampardos / Smeargle / Mightyena</em></div><div class="spacer battle-history"><br></div><div class="battle-history">Battle started between LucyBellNeedsGlory and Alolan's_Butt!<br></div><div class="spacer battle-history"><br></div><div class="battle-history">Go! <strong>Floatzel</strong>!<br></div><div class="spacer battle-history"><br></div><div class="battle-history">Alolan's_Butt sent out <strong>Misdreavus</strong>!<br></div><div class="spacer battle-history"><br></div><h2 class="battle-history">Turn 1</h2><div class="spacer battle-history"><br></div><div class="battle-history">Floatzel, come back!<br></div><div class="battle-history">Go! <strong>Probopass</strong>!<br></div><div class="spacer battle-history"><br></div><div class="battle-history">The opposing Misdreavus used <strong>Thunder Wave</strong>!<br></div><div class="battle-history"><small>Probopass is paralyzed! It may be unable to move!</small><br></div><div class="spacer battle-history"><br></div><h2 class="battle-history">Turn 2</h2><div class="spacer battle-history"><br></div><div class="battle-history">The opposing Misdreavus used <strong>Taunt</strong>!<br></div><div class="battle-history"><small>Probopass fell for the taunt!</small><br></div><div class="spacer battle-history"><br></div><div class="battle-history">Probopass is paralyzed! It can't move!<br></div><div class="spacer battle-history"><br></div><h2 class="battle-history">Turn 3</h2><div class="spacer battle-history"><br></div><div class="battle-history">The opposing Misdreavus used <strong>Shadow Ball</strong>!<br></div><div class="battle-history"><small>(Probopass lost <abbr title="−79/259">30.5%</abbr> of its health!)</small><br></div><div class="spacer battle-history"><br></div><div class="battle-history">Probopass used <strong>Power Gem</strong>!<br></div><div class="battle-history"><small>(The opposing Misdreavus lost <abbr title="−107/324">33.0%</abbr> of its health!)</small><br></div><div class="battle-history"><small>Probopass lost some of its HP!</small><br></div><div class="spacer battle-history"><br></div><h2 class="battle-history">Turn 4</h2><div class="spacer battle-history"><br></div><div class="battle-history">Probopass, come back!<br></div><div class="battle-history">Go! <strong>Stoutland</strong>!<br></div><div class="spacer battle-history"><br></div><div class="battle-history">The opposing Misdreavus used <strong>Shadow Ball</strong>!<br></div><div class="battle-history"><small>It doesn't affect Stoutland...</small><br></div><div class="spacer battle-history"><br></div><h2 class="battle-history">Turn 5</h2><div class="spacer battle-history"><br></div><div class="battle-history">Stoutland used <strong>Frustration</strong>!<br></div><div class="battle-history"><small>(The opposing Misdreavus lost <abbr title="−196/324">60.5%</abbr> of its health!)</small><br></div><div class="spacer battle-history"><br></div><div class="battle-history">The opposing Misdreavus used <strong>Thunder Wave</strong>!<br></div><div class="battle-history"><small>Stoutland is paralyzed! It may be unable to move!</small><br></div><div class="spacer battle-history"><br></div><h2 class="battle-history">Turn 6</h2><div class="spacer battle-history"><br></div><div class="battle-history">The opposing Misdreavus used <strong>Pain Split</strong>!<br></div><div class="battle-history"><small>The battlers shared their pain!</small><br></div><div class="spacer battle-history"><br></div><div class="battle-history">Stoutland is paralyzed! It can't move!<br></div><div class="spacer battle-history"><br></div><h2 class="battle-history">Turn 7</h2><div class="spacer battle-history"><br></div><div class="battle-history">Alolan's_Butt withdrew Misdreavus!<br></div><div class="battle-history">Alolan's_Butt sent out <strong>Smeargle</strong>!<br></div><div class="spacer battle-history"><br></div><div class="battle-history">Stoutland is paralyzed! It can't move!<br></div><div class="spacer battle-history"><br></div><h2 class="battle-history">Turn 8</h2><div class="spacer battle-history"><br></div><div class="battle-history">The opposing Smeargle used <strong>Sticky Web</strong>!<br></div><div class="battle-history"><small>A sticky web spreads out on the ground around your team!</small><br></div><div class="spacer battle-history"><br></div><div class="battle-history">Stoutland used <strong>Frustration</strong>!<br></div><div class="battle-history"><small>A critical hit!</small><br></div><div class="battle-history"><small>The opposing Smeargle hung on using its Focus Sash!</small><br></div><div class="battle-history"><small>(The opposing Smeargle lost <abbr title="−313/314">99.7%</abbr> of its health!)</small><br></div><div class="spacer battle-history"><br></div><h2 class="battle-history">Turn 9</h2><div class="spacer battle-history"><br></div><div class="battle-history">The opposing Smeargle used <strong>Memento</strong>!<br></div><div class="battle-history"><small>Stoutland's Attack fell harshly!</small><br></div><div class="battle-history"><small>Stoutland's Special Attack fell harshly!</small><br></div><div class="spacer battle-history"><br></div><div class="battle-history">The opposing Smeargle fainted!<br></div><div class="battle-history">Stoutland used <strong>Frustration</strong>!<br></div><div class="battle-history"><small>But there was no target...</small><br></div><div class="spacer battle-history"><br></div><div class="battle-history">Alolan's_Butt sent out <strong>Lopunny</strong>!<br></div><div class="spacer battle-history"><br></div><h2 class="battle-history">Turn 10</h2><div class="spacer battle-history"><br></div><div class="battle-history">Stoutland, come back!<br></div><div class="battle-history">Go! <strong>Mr. Mime</strong>!<br></div><div class="battle-history"><small>Mr. Mime was caught in a sticky web!</small><br></div><div class="battle-history"><small>Mr. Mime's Speed fell!</small><br></div><div class="spacer battle-history"><br></div><div class="battle-history">The opposing Lopunny used <strong>Cosmic Power</strong>!<br></div><div class="battle-history"><small>The opposing Lopunny's Defense rose!</small><br></div><div class="battle-history"><small>The opposing Lopunny's Special Defense rose!</small><br></div><div class="spacer battle-history"><br></div><h2 class="battle-history">Turn 11</h2><div class="spacer battle-history"><br></div><div class="battle-history">The opposing Lopunny used <strong>Cosmic Power</strong>!<br></div><div class="battle-history"><small>The opposing Lopunny's Defense rose!</small><br></div><div class="battle-history"><small>The opposing Lopunny's Special Defense rose!</small><br></div><div class="spacer battle-history"><br></div><div class="battle-history">Mr. Mime used <strong>Future Sight</strong>!<br></div><div class="battle-history"><small>Mr. Mime foresaw an attack!</small><br></div><div class="spacer battle-history"><br></div><h2 class="battle-history">Turn 12</h2><div class="spacer battle-history"><br></div><div class="battle-history">The opposing Lopunny used <strong>Cosmic Power</strong>!<br></div><div class="battle-history"><small>The opposing Lopunny's Defense rose!</small><br></div><div class="battle-history"><small>The opposing Lopunny's Special Defense rose!</small><br></div><div class="spacer battle-history"><br></div><div class="battle-history">Mr. Mime used <strong>Focus Blast</strong>!<br></div><div class="battle-history"><small>It's super effective!</small><br></div><div class="battle-history"><small>(The opposing Lopunny lost <abbr title="−127/334">38.0%</abbr> of its health!)</small><br></div><div class="battle-history"><small>The opposing Lopunny's Special Defense fell!</small><br></div><div class="spacer battle-history"><br></div><h2 class="battle-history">Turn 13</h2><div class="spacer battle-history"><br></div><div class="battle-history">The opposing Lopunny used <strong>Cosmic Power</strong>!<br></div><div class="battle-history"><small>The opposing Lopunny's Defense rose!</small><br></div><div class="battle-history"><small>The opposing Lopunny's Special Defense rose!</small><br></div><div class="spacer battle-history"><br></div><div class="battle-history">Mr. Mime used <strong>Focus Blast</strong>!<br></div><div class="battle-history"><small>It's super effective!</small><br></div><div class="battle-history"><small>(The opposing Lopunny lost <abbr title="−120/334">35.9%</abbr> of its health!)</small><br></div><div class="spacer battle-history"><br></div><div class="battle-history"><small>The opposing Lopunny took the Future Sight attack!</small><br></div><div class="battle-history"><small>(The opposing Lopunny lost <abbr title="−69/334">20.7%</abbr> of its health!)</small><br></div><div class="spacer battle-history"><br></div><h2 class="battle-history">Turn 14</h2><div class="spacer battle-history"><br></div><div class="battle-history">The opposing Lopunny used <strong>Baton Pass</strong>!<br></div><div class="spacer battle-history"><br></div><div class="battle-history">Alolan's_Butt sent out <strong>Natu</strong>!<br></div><div class="spacer battle-history"><br></div><div class="battle-history">Mr. Mime used <strong>Healing Wish</strong>!<br></div><div class="spacer battle-history"><br></div><div class="battle-history">Mr. Mime fainted!<br></div><div class="spacer battle-history"><br></div><div class="battle-history">Go! <strong>Probopass</strong>!<br></div><div class="battle-history"><small>The healing wish came true for Probopass!</small><br></div><div class="battle-history"><small>Probopass was caught in a sticky web!</small><br></div><div class="battle-history"><small>Probopass's Speed fell!</small><br></div><div class="spacer battle-history"><br></div><h2 class="battle-history">Turn 15</h2><div class="spacer battle-history"><br></div><div class="battle-history">The opposing Natu used <strong>Calm Mind</strong>!<br></div><div class="battle-history"><small>The opposing Natu's Special Attack rose!</small><br></div><div class="battle-history"><small>The opposing Natu's Special Defense rose!</small><br></div><div class="spacer battle-history"><br></div><div class="battle-history">Probopass used <strong>Power Gem</strong>!<br></div><div class="battle-history"><small>It's super effective!</small><br></div><div class="battle-history"><small>(The opposing Natu lost <abbr title="−117/284">41.2%</abbr> of its health!)</small><br></div><div class="battle-history"><small>Probopass lost some of its HP!</small><br></div><div class="spacer battle-history"><br></div><h2 class="battle-history">Turn 16</h2><div class="spacer battle-history"><br></div><div class="battle-history">The opposing Natu used <strong>Calm Mind</strong>!<br></div><div class="battle-history"><small>The opposing Natu's Special Attack rose!</small><br></div><div class="battle-history"><small>The opposing Natu's Special Defense rose!</small><br></div><div class="spacer battle-history"><br></div><div class="battle-history">Probopass used <strong>Power Gem</strong>!<br></div><div class="battle-history"><small>It's super effective!</small><br></div><div class="battle-history"><small>(The opposing Natu lost <abbr title="−88/284">31.0%</abbr> of its health!)</small><br></div><div class="battle-history"><small>Probopass lost some of its HP!</small><br></div><div class="spacer battle-history"><br></div><h2 class="battle-history">Turn 17</h2><div class="spacer battle-history"><br></div><div class="battle-history">Probopass, come back!<br></div><div class="battle-history">Go! <strong>Altaria</strong>!<br></div><div class="battle-history"><small>[Altaria's Cloud Nine]</small><br><small>The effects of the weather disappeared.</small><br></div><div class="spacer battle-history"><br></div><div class="battle-history">The opposing Natu used <strong>Roost</strong>!<br></div><div class="battle-history"><small>The opposing Natu restored its HP.</small><br></div><div class="spacer battle-history"><br></div><h2 class="battle-history">Turn 18</h2><div class="spacer battle-history"><br></div><div class="battle-history">Altaria used <strong>Power Swap</strong>!<br></div><div class="battle-history"><small>Altaria switched all changes to its Attack and Sp. Atk with its target!</small><br></div><div class="spacer battle-history"><br></div><div class="battle-history">The opposing Natu used <strong>Stored Power</strong>!<br></div><div class="battle-history"><small>(Altaria lost <abbr title="−166/289">57.4%</abbr> of its health!)</small><br></div><div class="spacer battle-history"><br></div><h2 class="battle-history">Turn 19</h2><div class="spacer battle-history"><br></div><div class="battle-history">Altaria used <strong>Draco Meteor</strong>!<br></div><div class="battle-history"><small>(The opposing Natu lost <abbr title="−156/284">54.9%</abbr> of its health!)</small><br></div><div class="battle-history"><small>Altaria's Special Attack fell harshly!</small><br></div><div class="battle-history"><small>Altaria lost some of its HP!</small><br></div><div class="spacer battle-history"><br></div><div class="battle-history">The opposing Natu used <strong>Stored Power</strong>!<br></div><div class="battle-history"><small>(Altaria lost <abbr title="−95/289">32.9%</abbr> of its health!)</small><br></div><div class="spacer battle-history"><br></div><div class="battle-history">Altaria fainted!<br></div><div class="spacer battle-history"><br></div><div class="battle-history">Go! <strong>Floatzel</strong>!<br></div><div class="battle-history"><small>Floatzel was caught in a sticky web!</small><br></div><div class="battle-history"><small>Floatzel's Speed fell!</small><br></div><div class="spacer battle-history"><br></div><h2 class="battle-history">Turn 20</h2><div class="spacer battle-history"><br></div><div class="battle-history">Floatzel used <strong>Waterfall</strong>!<br></div><div class="battle-history"><small>(The opposing Natu lost <abbr title="−34/284">12.0%</abbr> of its health!)</small><br></div><div class="spacer battle-history"><br></div><div class="battle-history">The opposing Natu flinched and couldn't move!<br></div><div class="spacer battle-history"><br></div><h2 class="battle-history">Turn 21</h2><div class="spacer battle-history"><br></div><div class="battle-history">Floatzel used <strong>Waterfall</strong>!<br></div><div class="battle-history"><small>(The opposing Natu lost <abbr title="−31/284">10.9%</abbr> of its health!)</small><br></div><div class="spacer battle-history"><br></div><div class="battle-history">The opposing Natu fainted!<br></div><div class="spacer battle-history"><br></div><div class="battle-history">Alolan's_Butt sent out <strong>Misdreavus</strong>!<br></div><div class="spacer battle-history"><br></div><h2 class="battle-history">Turn 22</h2><div class="spacer battle-history"><br></div><div class="battle-history">Floatzel, come back!<br></div><div class="battle-history">Go! <strong>Stoutland</strong>!<br></div><div class="battle-history"><small>Stoutland was caught in a sticky web!</small><br></div><div class="battle-history"><small>Stoutland's Speed fell!</small><br></div><div class="spacer battle-history"><br></div><div class="battle-history">The opposing Misdreavus used <strong>Thunder Wave</strong>!<br></div><div class="battle-history"><small>Stoutland is already paralyzed.</small><br></div><div class="spacer battle-history"><br></div><h2 class="battle-history">Turn 23</h2><div class="spacer battle-history"><br></div><div class="battle-history">Alolan's_Butt withdrew Misdreavus!<br></div><div class="battle-history">Alolan's_Butt sent out <strong>Lopunny</strong>!<br></div><div class="spacer battle-history"><br></div><div class="battle-history">Stoutland used <strong>Facade</strong>!<br></div><div class="battle-history"><small>A critical hit!</small><br></div><div class="battle-history"><small>(The opposing Lopunny lost <abbr title="−18/334">5.4%</abbr> of its health!)</small><br></div><div class="spacer battle-history"><br></div><div class="battle-history">The opposing Lopunny fainted!<br></div><div class="spacer battle-history"><br></div><div class="battle-history">Alolan's_Butt sent out <strong>Rampardos</strong>!<br></div><div class="spacer battle-history"><br></div><h2 class="battle-history">Turn 24</h2><div class="spacer battle-history"><br></div><div class="battle-history">Stoutland, come back!<br></div><div class="battle-history">Go! <strong>Probopass</strong>!<br></div><div class="battle-history"><small>Probopass was caught in a sticky web!</small><br></div><div class="battle-history"><small>Probopass's Speed fell!</small><br></div><div class="spacer battle-history"><br></div><div class="battle-history">The opposing Rampardos used <strong>Rock Slide</strong>!<br></div><div class="battle-history"><small>It's not very effective...</small><br></div><div class="battle-history"><small>(Probopass lost <abbr title="−101/259">39.0%</abbr> of its health!)</small><br></div><div class="spacer battle-history"><br></div><h2 class="battle-history">Turn 25</h2><div class="spacer battle-history"><br></div><div class="battle-history">The opposing Rampardos used <strong>Earthquake</strong>!<br></div><div class="battle-history"><small>It's super effective!</small><br></div><div class="battle-history"><small>(Probopass lost <abbr title="−108/259">41.7%</abbr> of its health!)</small><br></div><div class="battle-history"><small>The opposing Rampardos lost some of its HP!</small><br></div><div class="spacer battle-history"><br></div><div class="battle-history">Probopass fainted!<br></div><div class="spacer battle-history"><br></div><div class="battle-history">Go! <strong>Floatzel</strong>!<br></div><div class="battle-history"><small>Floatzel was caught in a sticky web!</small><br></div><div class="battle-history"><small>Floatzel's Speed fell!</small><br></div><div class="spacer battle-history"><br></div><h2 class="battle-history">Turn 26</h2><div class="spacer battle-history"><br></div><div class="battle-history">Alolan's_Butt withdrew Rampardos!<br></div><div class="battle-history">Alolan's_Butt sent out <strong>Misdreavus</strong>!<br></div><div class="spacer battle-history"><br></div><div class="battle-history">Floatzel used <strong>Waterfall</strong>!<br></div><div class="battle-history"><small>(The opposing Misdreavus lost <abbr title="−118/324">36.4%</abbr> of its health!)</small><br></div><div class="spacer battle-history"><br></div><h2 class="battle-history">Turn 27</h2><div class="spacer battle-history"><br></div><div class="battle-history">Alolan's_Butt withdrew Misdreavus!<br></div><div class="battle-history">Alolan's_Butt sent out <strong>Rampardos</strong>!<br></div><div class="spacer battle-history"><br></div><div class="battle-history">Floatzel used <strong>Waterfall</strong>!<br></div><div class="battle-history"><small>It's super effective!</small><br></div><div class="battle-history"><small>(The opposing Rampardos lost <abbr title="−302/335">90.1%</abbr> of its health!)</small><br></div><div class="spacer battle-history"><br></div><div class="battle-history">The opposing Rampardos fainted!<br></div><div class="spacer battle-history"><br></div><div class="battle-history">Alolan's_Butt sent out <strong>Mightyena</strong>!<br></div><div class="spacer battle-history"><br></div><h2 class="battle-history">Turn 28</h2><div class="spacer battle-history"><br></div><div class="battle-history">Floatzel used <strong>Waterfall</strong>!<br></div><div class="battle-history"><small>(The opposing Mightyena lost <abbr title="−166/282">58.9%</abbr> of its health!)</small><br></div><div class="spacer battle-history"><br></div><div class="battle-history">The opposing Mightyena flinched and couldn't move!<br></div><div class="spacer battle-history"><br></div><div class="battle-history"><small>The opposing Mightyena restored a little HP using its Leftovers!</small><br></div><div class="spacer battle-history"><br></div><h2 class="battle-history">Turn 29</h2><div class="spacer battle-history"><br></div><div class="battle-history"><small>Alolan's_Butt forfeited.</small><br></div><div class="spacer battle-history"><br></div><div class="battle-history"><strong>LucyBellNeedsGlory</strong> won the battle!<br></div><div class="chat"><small>Alolan's_Butt left.</small></div><div class="chat">LucyBellNeedsGlory's rating: 1392 → <strong>1409</strong><br>(+17 for winning)</div><div class="chat">Alolan's_Butt's rating: 1345 → <strong>1327</strong><br>(-18 for losing)</div></div><div class="inner-preempt"></div></div></div>
</div>
<script>
let daily = Math.floor(Date.now()/1000/60/60/24);document.write('<script src="https://play.pokemonshowdown.com/js/replay-embed.js?version'+daily+'"></'+'script>');
</script>
