<!DOCTYPE html>
<meta charset="utf-8" />
<!-- version 1 -->
<title>PU replay: Tuthur1 vs. 2xTheTap</title>
<style>
html,body {font-family:Verdana, sans-serif;font-size:10pt;margin:0;padding:0;}body{padding:12px 0;} .battle-log {font-family:Verdana, sans-serif;font-size:10pt;} .battle-log-inline {border:1px solid #AAAAAA;background:#EEF2F5;color:black;max-width:640px;margin:0 auto 80px;padding-bottom:5px;} .battle-log .inner {padding:4px 8px 0px 8px;} .battle-log .inner-preempt {padding:0 8px 4px 8px;} .battle-log .inner-after {margin-top:0.5em;} .battle-log h2 {margin:0.5em -8px;padding:4px 8px;border:1px solid #AAAAAA;background:#E0E7EA;border-left:0;border-right:0;font-family:Verdana, sans-serif;font-size:13pt;} .battle-log .chat {vertical-align:middle;padding:3px 0 3px 0;font-size:8pt;} .battle-log .chat strong {color:#40576A;} .battle-log .chat em {padding:1px 4px 1px 3px;color:#000000;font-style:normal;} .chat.mine {background:rgba(0,0,0,0.05);margin-left:-8px;margin-right:-8px;padding-left:8px;padding-right:8px;} .spoiler {color:#BBBBBB;background:#BBBBBB;padding:0px 3px;} .spoiler:hover, .spoiler:active, .spoiler-shown {color:#000000;background:#E2E2E2;padding:0px 3px;} .spoiler a {color:#BBBBBB;} .spoiler:hover a, .spoiler:active a, .spoiler-shown a {color:#2288CC;} .chat code, .chat .spoiler:hover code, .chat .spoiler:active code, .chat .spoiler-shown code {border:1px solid #C0C0C0;background:#EEEEEE;color:black;padding:0 2px;} .chat .spoiler code {border:1px solid #CCCCCC;background:#CCCCCC;color:#CCCCCC;} .battle-log .rated {padding:3px 4px;} .battle-log .rated strong {color:white;background:#89A;padding:1px 4px;border-radius:4px;} .spacer {margin-top:0.5em;} .message-announce {background:#6688AA;color:white;padding:1px 4px 2px;} .message-announce a, .broadcast-green a, .broadcast-blue a, .broadcast-red a {color:#DDEEFF;} .broadcast-green {background-color:#559955;color:white;padding:2px 4px;} .broadcast-blue {background-color:#6688AA;color:white;padding:2px 4px;} .infobox {border:1px solid #6688AA;padding:2px 4px;} .infobox-limited {max-height:200px;overflow:auto;overflow-x:hidden;} .broadcast-red {background-color:#AA5544;color:white;padding:2px 4px;} .message-learn-canlearn {font-weight:bold;color:#228822;text-decoration:underline;} .message-learn-cannotlearn {font-weight:bold;color:#CC2222;text-decoration:underline;} .message-effect-weak {font-weight:bold;color:#CC2222;} .message-effect-resist {font-weight:bold;color:#6688AA;} .message-effect-immune {font-weight:bold;color:#666666;} .message-learn-list {margin-top:0;margin-bottom:0;} .message-throttle-notice, .message-error {color:#992222;} .message-overflow, .chat small.message-overflow {font-size:0pt;} .message-overflow::before {font-size:9pt;content:'...';} .subtle {color:#3A4A66;}
</style>
<div class="wrapper replay-wrapper" style="max-width:1180px;margin:0 auto">
<input type="hidden" name="replayid" value="pu-588741221" />
<div class="battle"></div><div class="battle-log"></div><div class="replay-controls"></div><div class="replay-controls-2"></div>
<h1 style="font-weight:normal;text-align:center"><strong>PU</strong><br /><a href="http://pokemonshowdown.com/users/tuthur1" class="subtle" target="_blank">Tuthur1</a> vs. <a href="http://pokemonshowdown.com/users/2xthetap" class="subtle" target="_blank">2xTheTap</a></h1>
<script type="text/plain" class="battle-log-data">|j|Tuthur1
|j|2xTheTap
|player|p1|Tuthur1|267
|teamsize|p1|6
|player|p2|2xTheTap|#2xthetap
|teamsize|p2|6
|gametype|singles
|gen|6
|tier|PU
|seed|44920,6735,20147,14746
|rule|Sleep Clause Mod: Limit one foe put to sleep
|rule|Species Clause: Limit one of each Pokémon
|rule|OHKO Clause: OHKO moves are banned
|rule|Moody Clause: Moody is banned
|rule|Evasion Moves Clause: Evasion moves are banned
|rule|Endless Battle Clause: Forcing endless battles is banned
|rule|HP Percentage Mod: HP is shown in percentages
|clearpoke
|poke|p1|Mawile, M|item
|poke|p1|Leavanny, F|item
|poke|p1|Electrode|item
|poke|p1|Stoutland, F|item
|poke|p1|Golem, F|item
|poke|p1|Swanna, M|item
|poke|p2|Gabite, M|item
|poke|p2|Swanna, F, shiny|item
|poke|p2|Chinchou, F|item
|poke|p2|Cacturne, F|item
|poke|p2|Magcargo, F, shiny|item
|poke|p2|Rotom-Frost|item
|rule|Swagger Clause: Swagger is banned
|rule|Baton Pass Clause: Limit one Baton Passer, can't pass Spe and other stats simultaneously
|teampreview
|c|☆Tuthur1|glhf
|c|☆2xTheTap|u2
|choice|team 2, team 1, team 3, team 4, team 5, team 6|team 6, team 2, team 3, team 4, team 5, team 1
|
|start
|switch|p1a: Manternel|Leavanny, F|291\/291
|switch|p2a: Rotom|Rotom-Frost|241\/241
|turn|1
|choice|move electroweb|move voltswitch
|
|move|p2a: Rotom|Volt Switch|p1a: Manternel
|-resisted|p1a: Manternel
|-damage|p1a: Manternel|215\/291
|choice||switch 2
|
|switch|p2a: Crane Style|Swanna, F, shiny|289\/289
|move|p1a: Manternel|Electroweb|p2a: Crane Style
|-supereffective|p2a: Crane Style
|-damage|p2a: Crane Style|113\/289
|-unboost|p2a: Crane Style|spe|1
|
|upkeep
|turn|2
|choice|move electroweb|switch 6
|
|switch|p2a: Gabite|Gabite, M|339\/339
|move|p1a: Manternel|Electroweb|p2a: Gabite
|-immune|p2a: Gabite|[msg]
|
|upkeep
|turn|3
|choice|move stickyweb|move dragonclaw
|
|move|p1a: Manternel|Sticky Web|p2a: Gabite
|-sidestart|p2: 2xTheTap|move: Sticky Web
|move|p2a: Gabite|Dragon Claw|p1a: Manternel
|-damage|p1a: Manternel|112\/291
|
|upkeep
|turn|4
|choice|move knockoff|move dragonclaw
|
|move|p1a: Manternel|Knock Off|p2a: Gabite
|-damage|p2a: Gabite|271\/339
|-damage|p1a: Manternel|76\/291|[from] ability: Rough Skin|[of] p2a: Gabite
|-enditem|p2a: Gabite|Eviolite|[from] move: Knock Off|[of] p1a: Manternel
|move|p2a: Gabite|Dragon Claw|p1a: Manternel
|-damage|p1a: Manternel|0 fnt
|faint|p1a: Manternel
|
|upkeep
|choice|switch 3|
|
|switch|p1a: Electrode|Electrode|273\/273
|turn|5
|choice|move voltswitch|switch 3
|
|switch|p2a: Chinchou|Chinchou, F|353\/353
|-activate|p2a: Chinchou|move: Sticky Web
|-unboost|p2a: Chinchou|spe|1
|move|p1a: Electrode|Volt Switch|p2a: Chinchou
|-immune|p2a: Chinchou|[msg]|[from] ability: Volt Absorb
|
|upkeep
|turn|6
|choice|switch 4|move scald
|
|switch|p1a: Mastouffe|Stoutland, F|312\/312
|move|p2a: Chinchou|Scald|p1a: Mastouffe
|-damage|p1a: Mastouffe|243\/312
|
|upkeep
|turn|7
|choice|move return|switch 5
|
|switch|p2a: Evil Snail|Magcargo, F, shiny|303\/303
|-item|p2a: Evil Snail|Air Balloon
|move|p1a: Mastouffe|Return|p2a: Evil Snail
|-resisted|p2a: Evil Snail
|-damage|p2a: Evil Snail|207\/303
|-enditem|p2a: Evil Snail|Air Balloon
|
|upkeep
|turn|8
|choice|switch 6|move stealthrock
|
|switch|p1a: Lakmécygne|Swanna, M|291\/291
|move|p2a: Evil Snail|Stealth Rock|p1a: Lakmécygne
|-sidestart|p1: Tuthur1|move: Stealth Rock
|
|upkeep
|turn|9
|choice|move scald|switch 5
|
|switch|p2a: Chinchou|Chinchou, F|353\/353
|-activate|p2a: Chinchou|move: Sticky Web
|-unboost|p2a: Chinchou|spe|1
|move|p1a: Lakmécygne|Scald|p2a: Chinchou
|-resisted|p2a: Chinchou
|-damage|p2a: Chinchou|298\/353
|-status|p2a: Chinchou|brn
|-damage|p1a: Lakmécygne|262\/291|[from] item: Life Orb
|
|-damage|p2a: Chinchou|254\/353 brn|[from] brn
|upkeep
|turn|10
|choice|switch 5|move scald
|
|switch|p1a: Grolem|Golem, F|301\/301
|-damage|p1a: Grolem|283\/301|[from] Stealth Rock
|move|p2a: Chinchou|Scald|p1a: Grolem
|-supereffective|p1a: Grolem
|-damage|p1a: Grolem|0 fnt
|faint|p1a: Grolem
|
|-damage|p2a: Chinchou|210\/353 brn|[from] brn
|upkeep
|choice|switch 6|
|
|switch|p1a: Mastouffe|Stoutland, F|243\/312
|-damage|p1a: Mastouffe|204\/312|[from] Stealth Rock
|turn|11
|choice|move return|switch 5
|
|switch|p2a: Evil Snail|Magcargo, F, shiny|207\/303
|-activate|p2a: Evil Snail|move: Sticky Web
|-unboost|p2a: Evil Snail|spe|1
|move|p1a: Mastouffe|Return|p2a: Evil Snail
|-resisted|p2a: Evil Snail
|-damage|p2a: Evil Snail|104\/303
|
|upkeep
|turn|12
|choice|move return|move recover
|
|move|p1a: Mastouffe|Return|p2a: Evil Snail
|-resisted|p2a: Evil Snail
|-damage|p2a: Evil Snail|10\/303
|move|p2a: Evil Snail|Recover|p2a: Evil Snail
|-heal|p2a: Evil Snail|162\/303
|
|upkeep
|turn|13
|choice|switch 5|move recover
|
|switch|p1a: Lakmécygne|Swanna, M|262\/291
|-damage|p1a: Lakmécygne|190\/291|[from] Stealth Rock
|move|p2a: Evil Snail|Recover|p2a: Evil Snail
|-heal|p2a: Evil Snail|303\/303
|
|upkeep
|turn|14
|choice|move defog|switch 5
|
|switch|p2a: Chinchou|Chinchou, F|210\/353 brn
|-activate|p2a: Chinchou|move: Sticky Web
|-unboost|p2a: Chinchou|spe|1
|move|p1a: Lakmécygne|Defog|p2a: Chinchou
|-unboost|p2a: Chinchou|evasion|1
|-sideend|p2: 2xTheTap|Sticky Web|[from] move: Defog|[of] p2a: Chinchou
|-sideend|p1: Tuthur1|Stealth Rock|[from] move: Defog|[of] p1a: Lakmécygne
|
|-damage|p2a: Chinchou|166\/353 brn|[from] brn
|upkeep
|turn|15
|choice|switch 5|move rest
|
|switch|p1a: Mastouffe|Stoutland, F|204\/312
|move|p2a: Chinchou|Rest|p2a: Chinchou
|-status|p2a: Chinchou|slp
|-heal|p2a: Chinchou|353\/353 slp|[silent]
|-status|p2a: Chinchou|slp|[from] move: Rest
|
|upkeep
|turn|16
|choice|move superpower|switch 6
|
|switch|p2a: Crane Style|Swanna, F, shiny|113\/289
|move|p1a: Mastouffe|Superpower|p2a: Crane Style
|-resisted|p2a: Crane Style
|-damage|p2a: Crane Style|0 fnt
|-unboost|p1a: Mastouffe|atk|1
|-unboost|p1a: Mastouffe|def|1
|faint|p2a: Crane Style
|
|upkeep
|j|therealslap
|choice||switch 4
|
|switch|p2a: Cacturne|Cacturne, F|279\/279
|turn|17
|j|The Golden Banjo
|j|Sipping Soda
|choice|switch 2|move suckerpunch
|
|switch|p1a: Mysdibule|Mawile, M|242\/242
|move|p2a: Cacturne|Sucker Punch|p1a: Mysdibule|[still]
|-fail|p2a: Cacturne
|
|upkeep
|turn|18
|choice|move ironhead|switch 5
|
|switch|p2a: Evil Snail|Magcargo, F, shiny|303\/303
|move|p1a: Mysdibule|Iron Head|p2a: Evil Snail
|-damage|p2a: Evil Snail|150\/303
|
|upkeep
|turn|19
|choice|move ironhead|move lavaplume
|
|move|p1a: Mysdibule|Iron Head|p2a: Evil Snail
|-damage|p2a: Evil Snail|6\/303
|move|p2a: Evil Snail|Lava Plume|p1a: Mysdibule
|-supereffective|p1a: Mysdibule
|-damage|p1a: Mysdibule|0 fnt
|faint|p1a: Mysdibule
|
|upkeep
|choice|switch 2|
|
|switch|p1a: Mastouffe|Stoutland, F|204\/312
|turn|20
|choice|move return|move lavaplume
|
|move|p1a: Mastouffe|Return|p2a: Evil Snail
|-resisted|p2a: Evil Snail
|-damage|p2a: Evil Snail|0 fnt
|faint|p2a: Evil Snail
|
|upkeep
|c|☆2xTheTap|where's my flame body
|c|☆2xTheTap|lol
|choice||switch 2
|
|switch|p2a: Rotom|Rotom-Frost|241\/241
|turn|21
|choice|switch 5|move voltswitch
|
|switch|p1a: Lakmécygne|Swanna, M|190\/291
|move|p2a: Rotom|Volt Switch|p1a: Lakmécygne
|-supereffective|p1a: Lakmécygne
|-damage|p1a: Lakmécygne|0 fnt
|faint|p1a: Lakmécygne
|choice||switch 3
|
|switch|p2a: Gabite|Gabite, M|271\/339
|
|upkeep
|choice|switch 5|
|
|switch|p1a: Mastouffe|Stoutland, F|204\/312
|turn|22
|choice|move return|move earthquake
|
|move|p1a: Mastouffe|Return|p2a: Gabite
|-damage|p2a: Gabite|15\/339
|-damage|p1a: Mastouffe|165\/312|[from] ability: Rough Skin|[of] p2a: Gabite
|move|p2a: Gabite|Earthquake|p1a: Mastouffe
|-damage|p1a: Mastouffe|47\/312
|
|upkeep
|turn|23
|choice|move return|move earthquake
|
|move|p1a: Mastouffe|Return|p2a: Gabite
|-damage|p2a: Gabite|0 fnt
|-damage|p1a: Mastouffe|8\/312|[from] ability: Rough Skin|[of] p2a: Gabite
|faint|p2a: Gabite
|
|upkeep
|c|☆Tuthur1|gg
|choice||switch 3
|
|switch|p2a: Rotom|Rotom-Frost|241\/241
|turn|24
|c|☆2xTheTap|gg
|choice|move return|move voltswitch
|
|move|p2a: Rotom|Volt Switch|p1a: Mastouffe
|-damage|p1a: Mastouffe|0 fnt
|faint|p1a: Mastouffe
|choice||switch 6
|
|switch|p2a: Chinchou|Chinchou, F|353\/353 slp
|
|upkeep
|choice|switch 4|
|
|switch|p1a: Electrode|Electrode|273\/273
|turn|25
|choice|move signalbeam|move sleeptalk
|
|move|p1a: Electrode|Signal Beam|p2a: Chinchou
|-damage|p2a: Chinchou|276\/353 slp
|cant|p2a: Chinchou|slp
|move|p2a: Chinchou|Sleep Talk|p2a: Chinchou
|move|p2a: Chinchou|Volt Switch|p1a: Electrode|[from]Sleep Talk
|-resisted|p1a: Electrode
|-damage|p1a: Electrode|243\/273
|choice||switch 6
|
|switch|p2a: Rotom|Rotom-Frost|241\/241
|
|upkeep
|turn|26
|choice|move signalbeam|move blizzard
|
|move|p2a: Rotom|Blizzard|p1a: Electrode|[miss]
|-miss|p2a: Rotom|p1a: Electrode
|move|p1a: Electrode|Signal Beam|p2a: Rotom
|-damage|p2a: Rotom|139\/241
|
|upkeep
|turn|27
|choice|move signalbeam|move blizzard
|
|move|p2a: Rotom|Blizzard|p1a: Electrode
|-damage|p1a: Electrode|45\/273
|move|p1a: Electrode|Signal Beam|p2a: Rotom
|-damage|p2a: Rotom|47\/241
|
|upkeep
|turn|28
|choice|move signalbeam|move blizzard
|
|move|p2a: Rotom|Blizzard|p1a: Electrode|[miss]
|-miss|p2a: Rotom|p1a: Electrode
|move|p1a: Electrode|Signal Beam|p2a: Rotom
|-damage|p2a: Rotom|0 fnt
|faint|p2a: Rotom
|
|upkeep
|choice||switch 5
|
|switch|p2a: Cacturne|Cacturne, F|279\/279
|turn|29
|choice|move signalbeam|move suckerpunch
|
|move|p2a: Cacturne|Sucker Punch|p1a: Electrode
|-damage|p1a: Electrode|0 fnt
|-damage|p2a: Cacturne|252\/279|[from] item: Life Orb
|faint|p1a: Electrode
|
|win|2xTheTap
|l|The Golden Banjo
|l|Tuthur1</script>
</div>
<div class="battle-log battle-log-inline"><div class="inner"><div class="battle-options"></div><div class="inner"><div class="chat"><small>Tuthur1 joined.</small></div><div class="chat"><small>2xTheTap joined.</small></div><div class=""><small>Format:</small> <br><strong>PU</strong></div><div class=""><small><em>Sleep Clause Mod:</em> Limit one foe put to sleep</small></div><div class=""><small><em>Species Clause:</em> Limit one of each Pokémon</small></div><div class=""><small><em>OHKO Clause:</em> OHKO moves are banned</small></div><div class=""><small><em>Moody Clause:</em> Moody is banned</small></div><div class=""><small><em>Evasion Moves Clause:</em> Evasion moves are banned</small></div><div class=""><small><em>Endless Battle Clause:</em> Forcing endless battles is banned</small></div><div class=""><small><em>HP Percentage Mod:</em> HP is shown in percentages</small></div><div class=""><small><em>Swagger Clause:</em> Swagger is banned</small></div><div class=""><small><em>Baton Pass Clause:</em> Limit one Baton Passer, can't pass Spe and other stats simultaneously</small></div><div class="chat battle-history"><strong>Tuthur1's team:</strong> <em style="color:#445566;display:block;">Mawile / Leavanny / Electrode / Stoutland / Golem / Swanna</em></div><div class="chat battle-history"><strong>2xTheTap's team:</strong> <em style="color:#445566;display:block;">Gabite / Swanna / Chinchou / Cacturne / Magcargo / Rotom-Frost</em></div><div class="chat chatmessage-tuthur1"><strong style="color:hsl(286,57%,51.03353493537015%)"><small>☆</small><span class="username" data-name="Tuthur1">Tuthur1</span>:</strong> <em>glhf</em></div><div class="chat chatmessage-2xthetap"><strong style="color:hsl(356,51%,50.948703188140954%)"><small>☆</small><span class="username" data-name="2xTheTap">2xTheTap</span>:</strong> <em>u2</em></div><div class="spacer battle-history"><br></div><div class="battle-history">Battle started between Tuthur1 and 2xTheTap!<br></div><div class="spacer battle-history"><br></div><div class="battle-history">Go! Manternel (<strong>Leavanny</strong>)!<br></div><div class="spacer battle-history"><br></div><div class="battle-history">2xTheTap sent out Rotom (<strong>Rotom-Frost</strong>)!<br></div><div class="spacer battle-history"><br></div><h2 class="battle-history">Turn 1</h2><div class="spacer battle-history"><br></div><div class="battle-history">The opposing Rotom used <strong>Volt Switch</strong>!<br></div><div class="battle-history"><small>It's not very effective...</small><br></div><div class="battle-history"><small>(Manternel lost <abbr title="−76/291">26.1%</abbr> of its health!)</small><br></div><div class="spacer battle-history"><br></div><div class="battle-history">The opposing Rotom went back to 2xTheTap!<br></div><div class="battle-history">2xTheTap sent out Crane Style (<strong>Swanna</strong>)!<br></div><div class="spacer battle-history"><br></div><div class="battle-history">Manternel used <strong>Electroweb</strong>!<br></div><div class="battle-history"><small>It's super effective!</small><br></div><div class="battle-history"><small>(The opposing Crane Style lost <abbr title="−176/289">60.9%</abbr> of its health!)</small><br></div><div class="battle-history"><small>The opposing Crane Style's Speed fell!</small><br></div><div class="spacer battle-history"><br></div><h2 class="battle-history">Turn 2</h2><div class="spacer battle-history"><br></div><div class="battle-history">2xTheTap withdrew Crane Style!<br></div><div class="battle-history">2xTheTap sent out <strong>Gabite</strong>!<br></div><div class="spacer battle-history"><br></div><div class="battle-history">Manternel used <strong>Electroweb</strong>!<br></div><div class="battle-history"><small>It doesn't affect the opposing Gabite...</small><br></div><div class="spacer battle-history"><br></div><h2 class="battle-history">Turn 3</h2><div class="spacer battle-history"><br></div><div class="battle-history">Manternel used <strong>Sticky Web</strong>!<br></div><div class="battle-history"><small>A sticky web spreads out on the ground around the opposing team!</small><br></div><div class="spacer battle-history"><br></div><div class="battle-history">The opposing Gabite used <strong>Dragon Claw</strong>!<br></div><div class="battle-history"><small>(Manternel lost <abbr title="−103/291">35.4%</abbr> of its health!)</small><br></div><div class="spacer battle-history"><br></div><h2 class="battle-history">Turn 4</h2><div class="spacer battle-history"><br></div><div class="battle-history">Manternel used <strong>Knock Off</strong>!<br></div><div class="battle-history"><small>(The opposing Gabite lost <abbr title="−68/339">20.1%</abbr> of its health!)</small><br></div><div class="battle-history"><small>[The opposing Gabite's Rough Skin]</small><br><small>Manternel was hurt!</small><br></div><div class="battle-history"><small>Manternel knocked off the opposing Gabite's Eviolite!</small><br></div><div class="spacer battle-history"><br></div><div class="battle-history">The opposing Gabite used <strong>Dragon Claw</strong>!<br></div><div class="battle-history"><small>(Manternel lost <abbr title="−76/291">26.1%</abbr> of its health!)</small><br></div><div class="spacer battle-history"><br></div><div class="battle-history">Manternel fainted!<br></div><div class="spacer battle-history"><br></div><div class="battle-history">Go! <strong>Electrode</strong>!<br></div><div class="spacer battle-history"><br></div><h2 class="battle-history">Turn 5</h2><div class="spacer battle-history"><br></div><div class="battle-history">2xTheTap withdrew Gabite!<br></div><div class="battle-history">2xTheTap sent out <strong>Chinchou</strong>!<br></div><div class="battle-history"><small>The opposing Chinchou was caught in a sticky web!</small><br></div><div class="battle-history"><small>The opposing Chinchou's Speed fell!</small><br></div><div class="spacer battle-history"><br></div><div class="battle-history">Electrode used <strong>Volt Switch</strong>!<br></div><div class="battle-history"><small>[The opposing Chinchou's Volt Absorb]</small><br><small>It doesn't affect the opposing Chinchou...</small><br></div><div class="spacer battle-history"><br></div><h2 class="battle-history">Turn 6</h2><div class="spacer battle-history"><br></div><div class="battle-history">Electrode went back to Tuthur1!<br></div><div class="battle-history">Go! Mastouffe (<strong>Stoutland</strong>)!<br></div><div class="spacer battle-history"><br></div><div class="battle-history">The opposing Chinchou used <strong>Scald</strong>!<br></div><div class="battle-history"><small>(Mastouffe lost <abbr title="−69/312">22.1%</abbr> of its health!)</small><br></div><div class="spacer battle-history"><br></div><h2 class="battle-history">Turn 7</h2><div class="spacer battle-history"><br></div><div class="battle-history">2xTheTap withdrew Chinchou!<br></div><div class="battle-history">2xTheTap sent out Evil Snail (<strong>Magcargo</strong>)!<br></div><div class="battle-history"><small>The opposing Evil Snail floats in the air with its Air Balloon!</small><br></div><div class="spacer battle-history"><br></div><div class="battle-history">Mastouffe used <strong>Return</strong>!<br></div><div class="battle-history"><small>It's not very effective...</small><br></div><div class="battle-history"><small>(The opposing Evil Snail lost <abbr title="−96/303">31.7%</abbr> of its health!)</small><br></div><div class="battle-history"><small>The opposing Evil Snail's Air Balloon popped!</small><br></div><div class="spacer battle-history"><br></div><h2 class="battle-history">Turn 8</h2><div class="spacer battle-history"><br></div><div class="battle-history">Mastouffe, come back!<br></div><div class="battle-history">Go! Lakmécygne (<strong>Swanna</strong>)!<br></div><div class="spacer battle-history"><br></div><div class="battle-history">The opposing Evil Snail used <strong>Stealth Rock</strong>!<br></div><div class="battle-history"><small>Pointed stones float in the air around your team!</small><br></div><div class="spacer battle-history"><br></div><h2 class="battle-history">Turn 9</h2><div class="spacer battle-history"><br></div><div class="battle-history">2xTheTap withdrew Evil Snail!<br></div><div class="battle-history">2xTheTap sent out <strong>Chinchou</strong>!<br></div><div class="battle-history"><small>The opposing Chinchou was caught in a sticky web!</small><br></div><div class="battle-history"><small>The opposing Chinchou's Speed fell!</small><br></div><div class="spacer battle-history"><br></div><div class="battle-history">Lakmécygne used <strong>Scald</strong>!<br></div><div class="battle-history"><small>It's not very effective...</small><br></div><div class="battle-history"><small>(The opposing Chinchou lost <abbr title="−55/353">15.6%</abbr> of its health!)</small><br></div><div class="battle-history"><small>The opposing Chinchou was burned!</small><br></div><div class="battle-history"><small>Lakmécygne lost some of its HP!</small><br></div><div class="spacer battle-history"><br></div><div class="battle-history"><small>The opposing Chinchou was hurt by its burn!</small><br></div><div class="spacer battle-history"><br></div><h2 class="battle-history">Turn 10</h2><div class="spacer battle-history"><br></div><div class="battle-history">Lakmécygne, come back!<br></div><div class="battle-history">Go! Grolem (<strong>Golem</strong>)!<br></div><div class="battle-history"><small>Pointed stones dug into Grolem!</small><br></div><div class="spacer battle-history"><br></div><div class="battle-history">The opposing Chinchou used <strong>Scald</strong>!<br></div><div class="battle-history"><small>It's super effective!</small><br></div><div class="battle-history"><small>(Grolem lost <abbr title="−283/301">94.0%</abbr> of its health!)</small><br></div><div class="spacer battle-history"><br></div><div class="battle-history">Grolem fainted!<br></div><div class="spacer battle-history"><br></div><div class="battle-history"><small>The opposing Chinchou was hurt by its burn!</small><br></div><div class="spacer battle-history"><br></div><div class="battle-history">Go! Mastouffe (<strong>Stoutland</strong>)!<br></div><div class="battle-history"><small>Pointed stones dug into Mastouffe!</small><br></div><div class="spacer battle-history"><br></div><h2 class="battle-history">Turn 11</h2><div class="spacer battle-history"><br></div><div class="battle-history">2xTheTap withdrew Chinchou!<br></div><div class="battle-history">2xTheTap sent out Evil Snail (<strong>Magcargo</strong>)!<br></div><div class="battle-history"><small>The opposing Evil Snail was caught in a sticky web!</small><br></div><div class="battle-history"><small>The opposing Evil Snail's Speed fell!</small><br></div><div class="spacer battle-history"><br></div><div class="battle-history">Mastouffe used <strong>Return</strong>!<br></div><div class="battle-history"><small>It's not very effective...</small><br></div><div class="battle-history"><small>(The opposing Evil Snail lost <abbr title="−103/303">34.0%</abbr> of its health!)</small><br></div><div class="spacer battle-history"><br></div><h2 class="battle-history">Turn 12</h2><div class="spacer battle-history"><br></div><div class="battle-history">Mastouffe used <strong>Return</strong>!<br></div><div class="battle-history"><small>It's not very effective...</small><br></div><div class="battle-history"><small>(The opposing Evil Snail lost <abbr title="−94/303">31.0%</abbr> of its health!)</small><br></div><div class="spacer battle-history"><br></div><div class="battle-history">The opposing Evil Snail used <strong>Recover</strong>!<br></div><div class="battle-history"><small>The opposing Evil Snail restored its HP.</small><br></div><div class="spacer battle-history"><br></div><h2 class="battle-history">Turn 13</h2><div class="spacer battle-history"><br></div><div class="battle-history">Mastouffe, come back!<br></div><div class="battle-history">Go! Lakmécygne (<strong>Swanna</strong>)!<br></div><div class="battle-history"><small>Pointed stones dug into Lakmécygne!</small><br></div><div class="spacer battle-history"><br></div><div class="battle-history">The opposing Evil Snail used <strong>Recover</strong>!<br></div><div class="battle-history"><small>The opposing Evil Snail restored its HP.</small><br></div><div class="spacer battle-history"><br></div><h2 class="battle-history">Turn 14</h2><div class="spacer battle-history"><br></div><div class="battle-history">2xTheTap withdrew Evil Snail!<br></div><div class="battle-history">2xTheTap sent out <strong>Chinchou</strong>!<br></div><div class="battle-history"><small>The opposing Chinchou was caught in a sticky web!</small><br></div><div class="battle-history"><small>The opposing Chinchou's Speed fell!</small><br></div><div class="spacer battle-history"><br></div><div class="battle-history">Lakmécygne used <strong>Defog</strong>!<br></div><div class="battle-history"><small>The opposing Chinchou's evasiveness fell!</small><br></div><div class="battle-history"><small>The sticky web has disappeared from the ground around the opposing team!</small><br></div><div class="battle-history"><small>The pointed stones disappeared from around your team!</small><br></div><div class="spacer battle-history"><br></div><div class="battle-history"><small>The opposing Chinchou was hurt by its burn!</small><br></div><div class="spacer battle-history"><br></div><h2 class="battle-history">Turn 15</h2><div class="spacer battle-history"><br></div><div class="battle-history">Lakmécygne, come back!<br></div><div class="battle-history">Go! Mastouffe (<strong>Stoutland</strong>)!<br></div><div class="spacer battle-history"><br></div><div class="battle-history">The opposing Chinchou used <strong>Rest</strong>!<br></div><div class="battle-history"><small>The opposing Chinchou fell asleep!</small><br></div><div class="battle-history"><small>The opposing Chinchou slept and became healthy!</small><br></div><div class="spacer battle-history"><br></div><h2 class="battle-history">Turn 16</h2><div class="spacer battle-history"><br></div><div class="battle-history">2xTheTap withdrew Chinchou!<br></div><div class="battle-history">2xTheTap sent out Crane Style (<strong>Swanna</strong>)!<br></div><div class="spacer battle-history"><br></div><div class="battle-history">Mastouffe used <strong>Superpower</strong>!<br></div><div class="battle-history"><small>It's not very effective...</small><br></div><div class="battle-history"><small>(The opposing Crane Style lost <abbr title="−113/289">39.1%</abbr> of its health!)</small><br></div><div class="battle-history"><small>Mastouffe's Attack fell!</small><br></div><div class="battle-history"><small>Mastouffe's Defense fell!</small><br></div><div class="spacer battle-history"><br></div><div class="battle-history">The opposing Crane Style fainted!<br></div><div class="chat"><small>therealslap joined.</small></div><div class="spacer battle-history"><br></div><div class="battle-history">2xTheTap sent out <strong>Cacturne</strong>!<br></div><div class="spacer battle-history"><br></div><h2 class="battle-history">Turn 17</h2><div class="chat"><small>The Golden Banjo joined.</small></div><div class="chat"><small>Sipping Soda joined.</small></div><div class="spacer battle-history"><br></div><div class="battle-history">Mastouffe, come back!<br></div><div class="battle-history">Go! Mysdibule (<strong>Mawile</strong>)!<br></div><div class="spacer battle-history"><br></div><div class="battle-history">The opposing Cacturne used <strong>Sucker Punch</strong>!<br></div><div class="battle-history"><small>But it failed!</small><br></div><div class="spacer battle-history"><br></div><h2 class="battle-history">Turn 18</h2><div class="spacer battle-history"><br></div><div class="battle-history">2xTheTap withdrew Cacturne!<br></div><div class="battle-history">2xTheTap sent out Evil Snail (<strong>Magcargo</strong>)!<br></div><div class="spacer battle-history"><br></div><div class="battle-history">Mysdibule used <strong>Iron Head</strong>!<br></div><div class="battle-history"><small>(The opposing Evil Snail lost <abbr title="−153/303">50.5%</abbr> of its health!)</small><br></div><div class="spacer battle-history"><br></div><h2 class="battle-history">Turn 19</h2><div class="spacer battle-history"><br></div><div class="battle-history">Mysdibule used <strong>Iron Head</strong>!<br></div><div class="battle-history"><small>(The opposing Evil Snail lost <abbr title="−144/303">47.5%</abbr> of its health!)</small><br></div><div class="spacer battle-history"><br></div><div class="battle-history">The opposing Evil Snail used <strong>Lava Plume</strong>!<br></div><div class="battle-history"><small>It's super effective!</small><br></div><div class="battle-history"><small>(Mysdibule lost <abbr title="−242/242">100%</abbr> of its health!)</small><br></div><div class="spacer battle-history"><br></div><div class="battle-history">Mysdibule fainted!<br></div><div class="spacer battle-history"><br></div><div class="battle-history">Go! Mastouffe (<strong>Stoutland</strong>)!<br></div><div class="spacer battle-history"><br></div><h2 class="battle-history">Turn 20</h2><div class="spacer battle-history"><br></div><div class="battle-history">Mastouffe used <strong>Return</strong>!<br></div><div class="battle-history"><small>It's not very effective...</small><br></div><div class="battle-history"><small>(The opposing Evil Snail lost <abbr title="−6/303">2.0%</abbr> of its health!)</small><br></div><div class="spacer battle-history"><br></div><div class="battle-history">The opposing Evil Snail fainted!<br></div><div class="chat chatmessage-2xthetap"><strong style="color:hsl(356,51%,50.948703188140954%)"><small>☆</small><span class="username" data-name="2xTheTap">2xTheTap</span>:</strong> <em>where's my flame body</em></div><div class="chat chatmessage-2xthetap"><strong style="color:hsl(356,51%,50.948703188140954%)"><small>☆</small><span class="username" data-name="2xTheTap">2xTheTap</span>:</strong> <em>lol</em></div><div class="spacer battle-history"><br></div><div class="battle-history">2xTheTap sent out Rotom (<strong>Rotom-Frost</strong>)!<br></div><div class="spacer battle-history"><br></div><h2 class="battle-history">Turn 21</h2><div class="spacer battle-history"><br></div><div class="battle-history">Mastouffe, come back!<br></div><div class="battle-history">Go! Lakmécygne (<strong>Swanna</strong>)!<br></div><div class="spacer battle-history"><br></div><div class="battle-history">The opposing Rotom used <strong>Volt Switch</strong>!<br></div><div class="battle-history"><small>It's super effective!</small><br></div><div class="battle-history"><small>(Lakmécygne lost <abbr title="−190/291">65.3%</abbr> of its health!)</small><br></div><div class="spacer battle-history"><br></div><div class="battle-history">Lakmécygne fainted!<br></div><div class="spacer battle-history"><br></div><div class="battle-history">The opposing Rotom went back to 2xTheTap!<br></div><div class="battle-history">2xTheTap sent out <strong>Gabite</strong>!<br></div><div class="spacer battle-history"><br></div><div class="battle-history">Go! Mastouffe (<strong>Stoutland</strong>)!<br></div><div class="spacer battle-history"><br></div><h2 class="battle-history">Turn 22</h2><div class="spacer battle-history"><br></div><div class="battle-history">Mastouffe used <strong>Return</strong>!<br></div><div class="battle-history"><small>(The opposing Gabite lost <abbr title="−256/339">75.5%</abbr> of its health!)</small><br></div><div class="battle-history"><small>[The opposing Gabite's Rough Skin]</small><br><small>Mastouffe was hurt!</small><br></div><div class="spacer battle-history"><br></div><div class="battle-history">The opposing Gabite used <strong>Earthquake</strong>!<br></div><div class="battle-history"><small>(Mastouffe lost <abbr title="−118/312">37.8%</abbr> of its health!)</small><br></div><div class="spacer battle-history"><br></div><h2 class="battle-history">Turn 23</h2><div class="spacer battle-history"><br></div><div class="battle-history">Mastouffe used <strong>Return</strong>!<br></div><div class="battle-history"><small>(The opposing Gabite lost <abbr title="−15/339">4.4%</abbr> of its health!)</small><br></div><div class="battle-history"><small>[The opposing Gabite's Rough Skin]</small><br><small>Mastouffe was hurt!</small><br></div><div class="spacer battle-history"><br></div><div class="battle-history">The opposing Gabite fainted!<br></div><div class="chat chatmessage-tuthur1"><strong style="color:hsl(286,57%,51.03353493537015%)"><small>☆</small><span class="username" data-name="Tuthur1">Tuthur1</span>:</strong> <em>gg</em></div><div class="spacer battle-history"><br></div><div class="battle-history">2xTheTap sent out Rotom (<strong>Rotom-Frost</strong>)!<br></div><div class="spacer battle-history"><br></div><h2 class="battle-history">Turn 24</h2><div class="chat chatmessage-2xthetap"><strong style="color:hsl(356,51%,50.948703188140954%)"><small>☆</small><span class="username" data-name="2xTheTap">2xTheTap</span>:</strong> <em>gg</em></div><div class="spacer battle-history"><br></div><div class="battle-history">The opposing Rotom used <strong>Volt Switch</strong>!<br></div><div class="battle-history"><small>(Mastouffe lost <abbr title="−8/312">2.6%</abbr> of its health!)</small><br></div><div class="spacer battle-history"><br></div><div class="battle-history">Mastouffe fainted!<br></div><div class="spacer battle-history"><br></div><div class="battle-history">The opposing Rotom went back to 2xTheTap!<br></div><div class="battle-history">2xTheTap sent out <strong>Chinchou</strong>!<br></div><div class="spacer battle-history"><br></div><div class="battle-history">Go! <strong>Electrode</strong>!<br></div><div class="spacer battle-history"><br></div><h2 class="battle-history">Turn 25</h2><div class="spacer battle-history"><br></div><div class="battle-history">Electrode used <strong>Signal Beam</strong>!<br></div><div class="battle-history"><small>(The opposing Chinchou lost <abbr title="−77/353">21.8%</abbr> of its health!)</small><br></div><div class="spacer battle-history"><br></div><div class="battle-history">The opposing Chinchou is fast asleep.<br></div><div class="spacer battle-history"><br></div><div class="battle-history">The opposing Chinchou used <strong>Sleep Talk</strong>!<br></div><div class="spacer battle-history"><br></div><div class="battle-history">The opposing Chinchou used <strong>Volt Switch</strong>!<br></div><div class="battle-history"><small>It's not very effective...</small><br></div><div class="battle-history"><small>(Electrode lost <abbr title="−30/273">11.0%</abbr> of its health!)</small><br></div><div class="spacer battle-history"><br></div><div class="battle-history">The opposing Chinchou went back to 2xTheTap!<br></div><div class="battle-history">2xTheTap sent out Rotom (<strong>Rotom-Frost</strong>)!<br></div><div class="spacer battle-history"><br></div><h2 class="battle-history">Turn 26</h2><div class="spacer battle-history"><br></div><div class="battle-history">The opposing Rotom used <strong>Blizzard</strong>!<br></div><div class="battle-history"><small>Electrode avoided the attack!</small><br></div><div class="spacer battle-history"><br></div><div class="battle-history">Electrode used <strong>Signal Beam</strong>!<br></div><div class="battle-history"><small>(The opposing Rotom lost <abbr title="−102/241">42.3%</abbr> of its health!)</small><br></div><div class="spacer battle-history"><br></div><h2 class="battle-history">Turn 27</h2><div class="spacer battle-history"><br></div><div class="battle-history">The opposing Rotom used <strong>Blizzard</strong>!<br></div><div class="battle-history"><small>(Electrode lost <abbr title="−198/273">72.5%</abbr> of its health!)</small><br></div><div class="spacer battle-history"><br></div><div class="battle-history">Electrode used <strong>Signal Beam</strong>!<br></div><div class="battle-history"><small>(The opposing Rotom lost <abbr title="−92/241">38.2%</abbr> of its health!)</small><br></div><div class="spacer battle-history"><br></div><h2 class="battle-history">Turn 28</h2><div class="spacer battle-history"><br></div><div class="battle-history">The opposing Rotom used <strong>Blizzard</strong>!<br></div><div class="battle-history"><small>Electrode avoided the attack!</small><br></div><div class="spacer battle-history"><br></div><div class="battle-history">Electrode used <strong>Signal Beam</strong>!<br></div><div class="battle-history"><small>(The opposing Rotom lost <abbr title="−47/241">19.5%</abbr> of its health!)</small><br></div><div class="spacer battle-history"><br></div><div class="battle-history">The opposing Rotom fainted!<br></div><div class="spacer battle-history"><br></div><div class="battle-history">2xTheTap sent out <strong>Cacturne</strong>!<br></div><div class="spacer battle-history"><br></div><h2 class="battle-history">Turn 29</h2><div class="spacer battle-history"><br></div><div class="battle-history">The opposing Cacturne used <strong>Sucker Punch</strong>!<br></div><div class="battle-history"><small>(Electrode lost <abbr title="−45/273">16.5%</abbr> of its health!)</small><br></div><div class="battle-history"><small>The opposing Cacturne lost some of its HP!</small><br></div><div class="spacer battle-history"><br></div><div class="battle-history">Electrode fainted!<br></div><div class="spacer battle-history"><br></div><div class="battle-history"><strong>2xTheTap</strong> won the battle!<br></div><div class="chat"><small>The Golden Banjo left.</small></div><div class="chat"><small>Tuthur1 left.</small></div></div><div class="inner-preempt"></div></div></div>
</div>
<script>
let daily = Math.floor(Date.now()/1000/60/60/24);document.write('<script src="https://play.pokemonshowdown.com/js/replay-embed.js?version'+daily+'"></'+'script>');
</script>
