<!DOCTYPE html>
<meta charset="utf-8" />
<!-- version 1 -->
<title>PU replay: Imparfait vs. S poi re</title>
<style>
html,body {font-family:Verdana, sans-serif;font-size:10pt;margin:0;padding:0;}body{padding:12px 0;} .battle-log {font-family:Verdana, sans-serif;font-size:10pt;} .battle-log-inline {border:1px solid #AAAAAA;background:#EEF2F5;color:black;max-width:640px;margin:0 auto 80px;padding-bottom:5px;} .battle-log .inner {padding:4px 8px 0px 8px;} .battle-log .inner-preempt {padding:0 8px 4px 8px;} .battle-log .inner-after {margin-top:0.5em;} .battle-log h2 {margin:0.5em -8px;padding:4px 8px;border:1px solid #AAAAAA;background:#E0E7EA;border-left:0;border-right:0;font-family:Verdana, sans-serif;font-size:13pt;} .battle-log .chat {vertical-align:middle;padding:3px 0 3px 0;font-size:8pt;} .battle-log .chat strong {color:#40576A;} .battle-log .chat em {padding:1px 4px 1px 3px;color:#000000;font-style:normal;} .chat.mine {background:rgba(0,0,0,0.05);margin-left:-8px;margin-right:-8px;padding-left:8px;padding-right:8px;} .spoiler {color:#BBBBBB;background:#BBBBBB;padding:0px 3px;} .spoiler:hover, .spoiler:active, .spoiler-shown {color:#000000;background:#E2E2E2;padding:0px 3px;} .spoiler a {color:#BBBBBB;} .spoiler:hover a, .spoiler:active a, .spoiler-shown a {color:#2288CC;} .chat code, .chat .spoiler:hover code, .chat .spoiler:active code, .chat .spoiler-shown code {border:1px solid #C0C0C0;background:#EEEEEE;color:black;padding:0 2px;} .chat .spoiler code {border:1px solid #CCCCCC;background:#CCCCCC;color:#CCCCCC;} .battle-log .rated {padding:3px 4px;} .battle-log .rated strong {color:white;background:#89A;padding:1px 4px;border-radius:4px;} .spacer {margin-top:0.5em;} .message-announce {background:#6688AA;color:white;padding:1px 4px 2px;} .message-announce a, .broadcast-green a, .broadcast-blue a, .broadcast-red a {color:#DDEEFF;} .broadcast-green {background-color:#559955;color:white;padding:2px 4px;} .broadcast-blue {background-color:#6688AA;color:white;padding:2px 4px;} .infobox {border:1px solid #6688AA;padding:2px 4px;} .infobox-limited {max-height:200px;overflow:auto;overflow-x:hidden;} .broadcast-red {background-color:#AA5544;color:white;padding:2px 4px;} .message-learn-canlearn {font-weight:bold;color:#228822;text-decoration:underline;} .message-learn-cannotlearn {font-weight:bold;color:#CC2222;text-decoration:underline;} .message-effect-weak {font-weight:bold;color:#CC2222;} .message-effect-resist {font-weight:bold;color:#6688AA;} .message-effect-immune {font-weight:bold;color:#666666;} .message-learn-list {margin-top:0;margin-bottom:0;} .message-throttle-notice, .message-error {color:#992222;} .message-overflow, .chat small.message-overflow {font-size:0pt;} .message-overflow::before {font-size:9pt;content:'...';} .subtle {color:#3A4A66;}
</style>
<div class="wrapper replay-wrapper" style="max-width:1180px;margin:0 auto">
<input type="hidden" name="replayid" value="pokestrat-pu-3105" />
<div class="battle"></div><div class="battle-log"></div><div class="replay-controls"></div><div class="replay-controls-2"></div>
<h1 style="font-weight:normal;text-align:center"><strong>PU</strong><br /><a href="http://pokemonshowdown.com/users/imparfait" class="subtle" target="_blank">Imparfait</a> vs. <a href="http://pokemonshowdown.com/users/spoire" class="subtle" target="_blank">S poi re</a></h1>
<script type="text/plain" class="battle-log-data">|j|Imparfait
|j|S poi re
|player|p1|Imparfait|103
|player|p2|S poi re|181
|gametype|singles
|gen|6
|tier|PU
|seed|40639,38659,27515,57424
|rule|Sleep Clause Mod: Limit one foe put to sleep
|rule|Species Clause: Limit one of each Pokémon
|rule|OHKO Clause: OHKO moves are banned
|rule|Moody Clause: Moody is banned
|rule|Evasion Moves Clause: Evasion moves are banned
|rule|Endless Battle Clause: Forcing endless battles is banned
|rule|HP Percentage Mod: HP is shown in percentages
|clearpoke
|poke|p1|Golem, M|item
|poke|p1|Pelipper, M|item
|poke|p1|Grumpig, M|item
|poke|p1|Tangela, M|item
|poke|p1|Monferno, M|item
|poke|p1|Regice|item
|poke|p2|Mawile, F|item
|poke|p2|Stoutland, F|item
|poke|p2|Swanna, M|item
|poke|p2|Rotom-Frost|item
|poke|p2|Trapinch, F|item
|poke|p2|Grumpig, M|item
|rule|Swagger Clause: Swagger is banned
|rule|Baton Pass Clause: Limit one Baton Passer, can't pass Spe and other stats simultaneously
|teampreview
|c|☆Imparfait|gl hf
|c|☆S poi re|BC 
|j|Tanguy43210
|choice|team 6, team 2, team 3, team 4, team 5, team 1|team 1, team 2, team 3, team 4, team 5, team 6
|
|start
|switch|p1a: Regice|Regice|301\/301
|switch|p2a: Mawile|Mawile, F|303\/303
|-ability|p2a: Mawile|Intimidate|boost
|-fail|p1a: Regice|unboost|[from] ability: Clear Body|[of] p1a: Regice
|turn|1
|c| Tanguy43210|BC
|choice|move thunderbolt|move taunt
|
|move|p1a: Regice|Thunderbolt|p2a: Mawile
|-damage|p2a: Mawile|104\/303
|-damage|p1a: Regice|271\/301|[from] item: Life Orb
|move|p2a: Mawile|Taunt|p1a: Regice
|-start|p1a: Regice|move: Taunt
|
|-heal|p2a: Mawile|122\/303|[from] item: Leftovers
|upkeep
|turn|2
|j|Iron✘Pyrite
|c|☆S poi re|Ah d'accord 
|c|☆Imparfait|le taunt
|choice|move thunderbolt|move stealthrock
|
|move|p1a: Regice|Thunderbolt|p2a: Mawile
|-damage|p2a: Mawile|0 fnt
|-damage|p1a: Regice|241\/301|[from] item: Life Orb
|faint|p2a: Mawile
|
|upkeep
|choice||switch 2
|
|switch|p2a: Stoutland|Stoutland, F|311\/311
|turn|3
|c|☆Imparfait|jamais vu sa
|c|☆Imparfait|il fallait switcher sur grumpig :\/
|c|☆S poi re|:)
|c|☆S poi re|:)
|c|☆S poi re|:\/
|c|☆S poi re|*
|choice|switch 4|move superpower
|
|switch|p1a: Tangela|Tangela, M|333\/333
|move|p2a: Stoutland|Superpower|p1a: Tangela
|-damage|p1a: Tangela|247\/333
|-unboost|p2a: Stoutland|atk|1
|-unboost|p2a: Stoutland|def|1
|
|upkeep
|turn|4
|choice|move sleeppowder|switch 3
|
|switch|p2a: Swanna|Swanna, M|291\/291
|move|p1a: Tangela|Sleep Powder|p2a: Swanna
|-status|p2a: Swanna|slp
|
|upkeep
|turn|5
|j|Dracomi
|choice|switch 4|switch 4
|
|switch|p2a: Rotom|Rotom-Frost|241\/241
|switch|p1a: Regice|Regice|241\/301
|
|upkeep
|turn|6
|c| Dracomi|^^ cc vous deux
|c|☆Imparfait|cc 
|c|☆S poi re|Cc 
|c| Tanguy43210|cc dracomi
|c| Dracomi|euh cc ?
|c|☆S poi re|Il fallait le mettre specs? 
|c|☆Imparfait|non
|c|☆Imparfait|scarf
|c|☆S poi re|Ah ça va 
|choice|move focusblast|move thunderbolt
|
|move|p2a: Rotom|Thunderbolt|p1a: Regice
|-damage|p1a: Regice|166\/301
|move|p1a: Regice|Focus Blast|p2a: Rotom
|-supereffective|p2a: Rotom
|-damage|p2a: Rotom|0 fnt
|-damage|p1a: Regice|136\/301|[from] item: Life Orb
|faint|p2a: Rotom
|
|upkeep
|c|☆Imparfait|la le specs est trop bof
|c|☆Imparfait|e
|choice||switch 6
|
|switch|p2a: Grumpig|Grumpig, M|321\/321
|turn|7
|choice|switch 6|move focusblast
|
|switch|p1a: Golem|Golem, M|362\/362
|move|p2a: Grumpig|Focus Blast|p1a: Golem
|-supereffective|p1a: Golem
|-damage|p1a: Golem|136\/362
|
|-heal|p1a: Golem|158\/362|[from] item: Leftovers
|upkeep
|turn|8
|c|☆Imparfait|ouch
|c|☆S poi re|Ouch 
|c|☆Imparfait|lui
|c|☆Imparfait|je le gere pas
|choice|move suckerpunch|move psychic
|
|move|p1a: Golem|Sucker Punch|p2a: Grumpig
|-supereffective|p2a: Grumpig
|-damage|p2a: Grumpig|123\/321
|move|p2a: Grumpig|Psychic|p1a: Golem
|-damage|p1a: Golem|29\/362
|-unboost|p1a: Golem|spd|1
|
|-heal|p2a: Grumpig|143\/321|[from] item: Leftovers
|-heal|p1a: Golem|51\/362|[from] item: Leftovers
|upkeep
|turn|9
|c|☆S poi re|Mais
|c|☆Imparfait|j'espere que tu fait le truc que je pense
|choice|switch 4|switch 3
|
|switch|p2a: Stoutland|Stoutland, F|311\/311
|switch|p1a: Tangela|Tangela, M|333\/333
|
|upkeep
|turn|10
|c|☆S poi re|Je sais pas
|c|☆Imparfait|si 
|c|☆Imparfait|sa va
|choice|move sludgebomb|move return
|
|move|p2a: Stoutland|Return|p1a: Tangela
|-damage|p1a: Tangela|213\/333
|move|p1a: Tangela|Sludge Bomb|p2a: Stoutland
|-damage|p2a: Stoutland|232\/311
|
|upkeep
|turn|11
|choice|move synthesis|move return
|
|move|p2a: Stoutland|Return|p1a: Tangela
|-damage|p1a: Tangela|86\/333
|move|p1a: Tangela|Synthesis|p1a: Tangela
|-heal|p1a: Tangela|252\/333
|
|upkeep
|turn|12
|choice|move gigadrain|move return
|
|move|p2a: Stoutland|Return|p1a: Tangela
|-crit|p1a: Tangela
|-damage|p1a: Tangela|65\/333
|move|p1a: Tangela|Giga Drain|p2a: Stoutland
|-damage|p2a: Stoutland|130\/311
|-heal|p1a: Tangela|116\/333|[from] drain|[of] p2a: Stoutland
|
|upkeep
|turn|13
|j|Ananass✴
|c|☆Imparfait|e
|choice|switch 4|switch 4
|
|switch|p2a: Swanna|Swanna, M|291\/291 slp
|switch|p1a: Golem|Golem, M|51\/362
|
|-heal|p1a: Golem|73\/362|[from] item: Leftovers
|upkeep
|turn|14
|choice|move rockblast|move scald
|
|cant|p2a: Swanna|slp
|move|p1a: Golem|Rock Blast|p2a: Swanna
|-supereffective|p2a: Swanna
|-damage|p2a: Swanna|193\/291 slp
|-supereffective|p2a: Swanna
|-damage|p2a: Swanna|83\/291 slp
|-supereffective|p2a: Swanna
|-damage|p2a: Swanna|0 fnt
|-hitcount|p2a: Swanna|3
|faint|p2a: Swanna
|
|-heal|p1a: Golem|95\/362|[from] item: Leftovers
|upkeep
|choice||switch 5
|
|switch|p2a: Trapinch|Trapinch, F|294\/294
|turn|15
|c|☆S poi re|Je pue trop en PU 
|choice|move earthquake|move earthquake
|
|move|p1a: Golem|Earthquake|p2a: Trapinch
|-crit|p2a: Trapinch
|-damage|p2a: Trapinch|0 fnt
|faint|p2a: Trapinch
|
|-heal|p1a: Golem|117\/362|[from] item: Leftovers
|upkeep
|c|☆Imparfait|OO
|choice||switch 3
|
|switch|p2a: Grumpig|Grumpig, M|143\/321
|turn|16
|choice|move suckerpunch|move focusblast
|
|move|p1a: Golem|Sucker Punch|p2a: Grumpig
|-supereffective|p2a: Grumpig
|-crit|p2a: Grumpig
|-damage|p2a: Grumpig|0 fnt
|faint|p2a: Grumpig
|
|-heal|p1a: Golem|139\/362|[from] item: Leftovers
|upkeep
|choice||switch 4
|
|switch|p2a: Stoutland|Stoutland, F|130\/311
|turn|17
|c|☆Imparfait|e
|c| Ananass✴|Hmph
|c| Tanguy43210|lol
|c|☆S poi re|et
|choice|switch 2|move return
|
|switch|p1a: Pelipper|Pelipper, M|324\/324
|move|p2a: Stoutland|Return|p1a: Pelipper
|-damage|p1a: Pelipper|138\/324
|
|-heal|p1a: Pelipper|158\/324|[from] item: Leftovers
|upkeep
|turn|18
|choice|switch 2|move return
|
|switch|p1a: Golem|Golem, M|139\/362
|move|p2a: Stoutland|Return|p1a: Golem
|-resisted|p1a: Golem
|-damage|p1a: Golem|39\/362
|
|-heal|p1a: Golem|61\/362|[from] item: Leftovers
|upkeep
|turn|19
|choice|move suckerpunch|move return
|
|move|p1a: Golem|Sucker Punch|p2a: Stoutland
|-damage|p2a: Stoutland|51\/311
|move|p2a: Stoutland|Return|p1a: Golem
|-resisted|p1a: Golem
|-damage|p1a: Golem|0 fnt
|faint|p1a: Golem
|
|upkeep
|choice|switch 5|
|
|switch|p1a: Monferno|Monferno, M|270\/270
|turn|20
|c|☆Imparfait|NOOON
|c|☆S poi re|Gg 
|c|☆Imparfait|je voulais faire un 6
|c|☆Imparfait|:'(
|c|☆Imparfait|gg poire
|c|☆S poi re|:)
|choice|move machpunch|move return
|
|move|p1a: Monferno|Mach Punch|p2a: Stoutland
|-supereffective|p2a: Stoutland
|-damage|p2a: Stoutland|0 fnt
|faint|p2a: Stoutland
|
|win|Imparfait
|player|p1
|player|p2
|l|Ananass✴
|l|S poi re
|l|Tanguy43210
|l|Imparfait
|j|Imparfait</script>
</div>
<div class="battle-log battle-log-inline"><div class="inner"><div class="battle-options"></div><div class="inner"><div class="chat"><small>Imparfait joined.</small></div><div class="chat"><small>S poi re joined.</small></div><div class=""><small>Format:</small> <br><strong>PU</strong></div><div class=""><small><em>Sleep Clause Mod:</em> Limit one foe put to sleep</small></div><div class=""><small><em>Species Clause:</em> Limit one of each Pokémon</small></div><div class=""><small><em>OHKO Clause:</em> OHKO moves are banned</small></div><div class=""><small><em>Moody Clause:</em> Moody is banned</small></div><div class=""><small><em>Evasion Moves Clause:</em> Evasion moves are banned</small></div><div class=""><small><em>Endless Battle Clause:</em> Forcing endless battles is banned</small></div><div class=""><small><em>HP Percentage Mod:</em> HP is shown in percentages</small></div><div class=""><small><em>Swagger Clause:</em> Swagger is banned</small></div><div class=""><small><em>Baton Pass Clause:</em> Limit one Baton Passer, can't pass Spe and other stats simultaneously</small></div><div class="chat battle-history"><strong>Imparfait's team:</strong> <em style="color:#445566;display:block;">Golem / Pelipper / Grumpig / Tangela / Monferno / Regice</em></div><div class="chat battle-history"><strong>S poi re's team:</strong> <em style="color:#445566;display:block;">Mawile / Stoutland / Swanna / Rotom-Frost / Trapinch / Grumpig</em></div><div class="chat chatmessage-imparfait"><strong style="color:hsl(210,44%,45%)"><small>☆</small><span class="username" data-name="Imparfait">Imparfait</span>:</strong> <em>gl hf</em></div><div class="chat chatmessage-spoire"><strong style="color:hsl(89,69%,37.89835537493884%)"><small>☆</small><span class="username" data-name="S poi re">S poi re</span>:</strong> <em>BC </em></div><div class="chat"><small>Tanguy43210 joined.</small></div><div class="spacer battle-history"><br></div><div class="battle-history">Battle started between Imparfait and S poi re!<br></div><div class="spacer battle-history"><br></div><div class="battle-history">Go! <strong>Regice</strong>!<br></div><div class="spacer battle-history"><br></div><div class="battle-history">S poi re sent out <strong>Mawile</strong>!<br></div><div class="battle-history"><small>[The opposing Mawile's Intimidate]</small><br></div><div class="battle-history"><small>[Regice's Clear Body]</small><br><small>Regice's stats were not lowered!</small><br></div><div class="spacer battle-history"><br></div><h2 class="battle-history">Turn 1</h2><div class="chat chatmessage-tanguy43210"><strong style="color:hsl(342,79%,45%)"><small> </small><span class="username" data-name="Tanguy43210">Tanguy43210</span>:</strong> <em>BC</em></div><div class="spacer battle-history"><br></div><div class="battle-history">Regice used <strong>Thunderbolt</strong>!<br></div><div class="battle-history"><small>(The opposing Mawile lost <abbr title="−199/303">65.7%</abbr> of its health!)</small><br></div><div class="battle-history"><small>Regice lost some of its HP!</small><br></div><div class="spacer battle-history"><br></div><div class="battle-history">The opposing Mawile used <strong>Taunt</strong>!<br></div><div class="battle-history"><small>Regice fell for the taunt!</small><br></div><div class="spacer battle-history"><br></div><div class="battle-history"><small>The opposing Mawile restored a little HP using its Leftovers!</small><br></div><div class="spacer battle-history"><br></div><h2 class="battle-history">Turn 2</h2><div class="chat"><small>Iron✘Pyrite joined.</small></div><div class="chat chatmessage-spoire"><strong style="color:hsl(89,69%,37.89835537493884%)"><small>☆</small><span class="username" data-name="S poi re">S poi re</span>:</strong> <em>Ah d'accord </em></div><div class="chat chatmessage-imparfait"><strong style="color:hsl(210,44%,45%)"><small>☆</small><span class="username" data-name="Imparfait">Imparfait</span>:</strong> <em>le taunt</em></div><div class="spacer battle-history"><br></div><div class="battle-history">Regice used <strong>Thunderbolt</strong>!<br></div><div class="battle-history"><small>(The opposing Mawile lost <abbr title="−122/303">40.3%</abbr> of its health!)</small><br></div><div class="battle-history"><small>Regice lost some of its HP!</small><br></div><div class="spacer battle-history"><br></div><div class="battle-history">The opposing Mawile fainted!<br></div><div class="spacer battle-history"><br></div><div class="battle-history">S poi re sent out <strong>Stoutland</strong>!<br></div><div class="spacer battle-history"><br></div><h2 class="battle-history">Turn 3</h2><div class="chat chatmessage-imparfait"><strong style="color:hsl(210,44%,45%)"><small>☆</small><span class="username" data-name="Imparfait">Imparfait</span>:</strong> <em>jamais vu sa</em></div><div class="chat chatmessage-imparfait"><strong style="color:hsl(210,44%,45%)"><small>☆</small><span class="username" data-name="Imparfait">Imparfait</span>:</strong> <em>il fallait switcher sur grumpig :/</em></div><div class="chat chatmessage-spoire"><strong style="color:hsl(89,69%,37.89835537493884%)"><small>☆</small><span class="username" data-name="S poi re">S poi re</span>:</strong> <em>:)</em></div><div class="chat chatmessage-spoire"><strong style="color:hsl(89,69%,37.89835537493884%)"><small>☆</small><span class="username" data-name="S poi re">S poi re</span>:</strong> <em>:)</em></div><div class="chat chatmessage-spoire"><strong style="color:hsl(89,69%,37.89835537493884%)"><small>☆</small><span class="username" data-name="S poi re">S poi re</span>:</strong> <em>:/</em></div><div class="chat chatmessage-spoire"><strong style="color:hsl(89,69%,37.89835537493884%)"><small>☆</small><span class="username" data-name="S poi re">S poi re</span>:</strong> <em>*</em></div><div class="spacer battle-history"><br></div><div class="battle-history">Regice, come back!<br></div><div class="battle-history">Go! <strong>Tangela</strong>!<br></div><div class="spacer battle-history"><br></div><div class="battle-history">The opposing Stoutland used <strong>Superpower</strong>!<br></div><div class="battle-history"><small>(Tangela lost <abbr title="−86/333">25.8%</abbr> of its health!)</small><br></div><div class="battle-history"><small>The opposing Stoutland's Attack fell!</small><br></div><div class="battle-history"><small>The opposing Stoutland's Defense fell!</small><br></div><div class="spacer battle-history"><br></div><h2 class="battle-history">Turn 4</h2><div class="spacer battle-history"><br></div><div class="battle-history">S poi re withdrew Stoutland!<br></div><div class="battle-history">S poi re sent out <strong>Swanna</strong>!<br></div><div class="spacer battle-history"><br></div><div class="battle-history">Tangela used <strong>Sleep Powder</strong>!<br></div><div class="battle-history"><small>The opposing Swanna fell asleep!</small><br></div><div class="spacer battle-history"><br></div><h2 class="battle-history">Turn 5</h2><div class="chat"><small>Dracomi joined.</small></div><div class="spacer battle-history"><br></div><div class="battle-history">S poi re withdrew Swanna!<br></div><div class="battle-history">S poi re sent out Rotom (<strong>Rotom-Frost</strong>)!<br></div><div class="spacer battle-history"><br></div><div class="battle-history">Tangela, come back!<br></div><div class="battle-history">Go! <strong>Regice</strong>!<br></div><div class="spacer battle-history"><br></div><h2 class="battle-history">Turn 6</h2><div class="chat chatmessage-dracomi"><strong style="color:hsl(197,87%,41%)"><small> </small><span class="username" data-name="Dracomi">Dracomi</span>:</strong> <em>^^ cc vous deux</em></div><div class="chat chatmessage-imparfait"><strong style="color:hsl(210,44%,45%)"><small>☆</small><span class="username" data-name="Imparfait">Imparfait</span>:</strong> <em>cc </em></div><div class="chat chatmessage-spoire"><strong style="color:hsl(89,69%,37.89835537493884%)"><small>☆</small><span class="username" data-name="S poi re">S poi re</span>:</strong> <em>Cc </em></div><div class="chat chatmessage-tanguy43210"><strong style="color:hsl(342,79%,45%)"><small> </small><span class="username" data-name="Tanguy43210">Tanguy43210</span>:</strong> <em>cc dracomi</em></div><div class="chat chatmessage-dracomi"><strong style="color:hsl(197,87%,41%)"><small> </small><span class="username" data-name="Dracomi">Dracomi</span>:</strong> <em>euh cc ?</em></div><div class="chat chatmessage-spoire"><strong style="color:hsl(89,69%,37.89835537493884%)"><small>☆</small><span class="username" data-name="S poi re">S poi re</span>:</strong> <em>Il fallait le mettre specs? </em></div><div class="chat chatmessage-imparfait"><strong style="color:hsl(210,44%,45%)"><small>☆</small><span class="username" data-name="Imparfait">Imparfait</span>:</strong> <em>non</em></div><div class="chat chatmessage-imparfait"><strong style="color:hsl(210,44%,45%)"><small>☆</small><span class="username" data-name="Imparfait">Imparfait</span>:</strong> <em>scarf</em></div><div class="chat chatmessage-spoire"><strong style="color:hsl(89,69%,37.89835537493884%)"><small>☆</small><span class="username" data-name="S poi re">S poi re</span>:</strong> <em>Ah ça va </em></div><div class="spacer battle-history"><br></div><div class="battle-history">The opposing Rotom used <strong>Thunderbolt</strong>!<br></div><div class="battle-history"><small>(Regice lost <abbr title="−75/301">24.9%</abbr> of its health!)</small><br></div><div class="spacer battle-history"><br></div><div class="battle-history">Regice used <strong>Focus Blast</strong>!<br></div><div class="battle-history"><small>It's super effective!</small><br></div><div class="battle-history"><small>(The opposing Rotom lost <abbr title="−241/241">100%</abbr> of its health!)</small><br></div><div class="battle-history"><small>Regice lost some of its HP!</small><br></div><div class="spacer battle-history"><br></div><div class="battle-history">The opposing Rotom fainted!<br></div><div class="chat chatmessage-imparfait"><strong style="color:hsl(210,44%,45%)"><small>☆</small><span class="username" data-name="Imparfait">Imparfait</span>:</strong> <em>la le specs est trop bof</em></div><div class="chat chatmessage-imparfait"><strong style="color:hsl(210,44%,45%)"><small>☆</small><span class="username" data-name="Imparfait">Imparfait</span>:</strong> <em>e</em></div><div class="spacer battle-history"><br></div><div class="battle-history">S poi re sent out <strong>Grumpig</strong>!<br></div><div class="spacer battle-history"><br></div><h2 class="battle-history">Turn 7</h2><div class="spacer battle-history"><br></div><div class="battle-history">Regice, come back!<br></div><div class="battle-history">Go! <strong>Golem</strong>!<br></div><div class="spacer battle-history"><br></div><div class="battle-history">The opposing Grumpig used <strong>Focus Blast</strong>!<br></div><div class="battle-history"><small>It's super effective!</small><br></div><div class="battle-history"><small>(Golem lost <abbr title="−226/362">62.4%</abbr> of its health!)</small><br></div><div class="spacer battle-history"><br></div><div class="battle-history"><small>Golem restored a little HP using its Leftovers!</small><br></div><div class="spacer battle-history"><br></div><h2 class="battle-history">Turn 8</h2><div class="chat chatmessage-imparfait"><strong style="color:hsl(210,44%,45%)"><small>☆</small><span class="username" data-name="Imparfait">Imparfait</span>:</strong> <em>ouch</em></div><div class="chat chatmessage-spoire"><strong style="color:hsl(89,69%,37.89835537493884%)"><small>☆</small><span class="username" data-name="S poi re">S poi re</span>:</strong> <em>Ouch </em></div><div class="chat chatmessage-imparfait"><strong style="color:hsl(210,44%,45%)"><small>☆</small><span class="username" data-name="Imparfait">Imparfait</span>:</strong> <em>lui</em></div><div class="chat chatmessage-imparfait"><strong style="color:hsl(210,44%,45%)"><small>☆</small><span class="username" data-name="Imparfait">Imparfait</span>:</strong> <em>je le gere pas</em></div><div class="spacer battle-history"><br></div><div class="battle-history">Golem used <strong>Sucker Punch</strong>!<br></div><div class="battle-history"><small>It's super effective!</small><br></div><div class="battle-history"><small>(The opposing Grumpig lost <abbr title="−198/321">61.7%</abbr> of its health!)</small><br></div><div class="spacer battle-history"><br></div><div class="battle-history">The opposing Grumpig used <strong>Psychic</strong>!<br></div><div class="battle-history"><small>(Golem lost <abbr title="−129/362">35.6%</abbr> of its health!)</small><br></div><div class="battle-history"><small>Golem's Special Defense fell!</small><br></div><div class="spacer battle-history"><br></div><div class="battle-history"><small>The opposing Grumpig restored a little HP using its Leftovers!</small><br></div><div class="battle-history"><small>Golem restored a little HP using its Leftovers!</small><br></div><div class="spacer battle-history"><br></div><h2 class="battle-history">Turn 9</h2><div class="chat chatmessage-spoire"><strong style="color:hsl(89,69%,37.89835537493884%)"><small>☆</small><span class="username" data-name="S poi re">S poi re</span>:</strong> <em>Mais</em></div><div class="chat chatmessage-imparfait"><strong style="color:hsl(210,44%,45%)"><small>☆</small><span class="username" data-name="Imparfait">Imparfait</span>:</strong> <em>j'espere que tu fait le truc que je pense</em></div><div class="spacer battle-history"><br></div><div class="battle-history">S poi re withdrew Grumpig!<br></div><div class="battle-history">S poi re sent out <strong>Stoutland</strong>!<br></div><div class="spacer battle-history"><br></div><div class="battle-history">Golem, come back!<br></div><div class="battle-history">Go! <strong>Tangela</strong>!<br></div><div class="spacer battle-history"><br></div><h2 class="battle-history">Turn 10</h2><div class="chat chatmessage-spoire"><strong style="color:hsl(89,69%,37.89835537493884%)"><small>☆</small><span class="username" data-name="S poi re">S poi re</span>:</strong> <em>Je sais pas</em></div><div class="chat chatmessage-imparfait"><strong style="color:hsl(210,44%,45%)"><small>☆</small><span class="username" data-name="Imparfait">Imparfait</span>:</strong> <em>si </em></div><div class="chat chatmessage-imparfait"><strong style="color:hsl(210,44%,45%)"><small>☆</small><span class="username" data-name="Imparfait">Imparfait</span>:</strong> <em>sa va</em></div><div class="spacer battle-history"><br></div><div class="battle-history">The opposing Stoutland used <strong>Return</strong>!<br></div><div class="battle-history"><small>(Tangela lost <abbr title="−120/333">36.0%</abbr> of its health!)</small><br></div><div class="spacer battle-history"><br></div><div class="battle-history">Tangela used <strong>Sludge Bomb</strong>!<br></div><div class="battle-history"><small>(The opposing Stoutland lost <abbr title="−79/311">25.4%</abbr> of its health!)</small><br></div><div class="spacer battle-history"><br></div><h2 class="battle-history">Turn 11</h2><div class="spacer battle-history"><br></div><div class="battle-history">The opposing Stoutland used <strong>Return</strong>!<br></div><div class="battle-history"><small>(Tangela lost <abbr title="−127/333">38.1%</abbr> of its health!)</small><br></div><div class="spacer battle-history"><br></div><div class="battle-history">Tangela used <strong>Synthesis</strong>!<br></div><div class="battle-history"><small>Tangela restored its HP.</small><br></div><div class="spacer battle-history"><br></div><h2 class="battle-history">Turn 12</h2><div class="spacer battle-history"><br></div><div class="battle-history">The opposing Stoutland used <strong>Return</strong>!<br></div><div class="battle-history"><small>A critical hit!</small><br></div><div class="battle-history"><small>(Tangela lost <abbr title="−187/333">56.2%</abbr> of its health!)</small><br></div><div class="spacer battle-history"><br></div><div class="battle-history">Tangela used <strong>Giga Drain</strong>!<br></div><div class="battle-history"><small>(The opposing Stoutland lost <abbr title="−102/311">32.8%</abbr> of its health!)</small><br></div><div class="battle-history"><small>The opposing Stoutland had its energy drained!</small><br></div><div class="spacer battle-history"><br></div><h2 class="battle-history">Turn 13</h2><div class="chat"><small>Ananass✴ joined.</small></div><div class="chat chatmessage-imparfait"><strong style="color:hsl(210,44%,45%)"><small>☆</small><span class="username" data-name="Imparfait">Imparfait</span>:</strong> <em>e</em></div><div class="spacer battle-history"><br></div><div class="battle-history">S poi re withdrew Stoutland!<br></div><div class="battle-history">S poi re sent out <strong>Swanna</strong>!<br></div><div class="spacer battle-history"><br></div><div class="battle-history">Tangela, come back!<br></div><div class="battle-history">Go! <strong>Golem</strong>!<br></div><div class="spacer battle-history"><br></div><div class="battle-history"><small>Golem restored a little HP using its Leftovers!</small><br></div><div class="spacer battle-history"><br></div><h2 class="battle-history">Turn 14</h2><div class="spacer battle-history"><br></div><div class="battle-history">The opposing Swanna is fast asleep.<br></div><div class="spacer battle-history"><br></div><div class="battle-history">Golem used <strong>Rock Blast</strong>!<br></div><div class="battle-history"><small>It's super effective!</small><br></div><div class="battle-history"><small>(The opposing Swanna lost <abbr title="−98/291">33.7%</abbr> of its health!)</small><br></div><div class="battle-history"><small>It's super effective!</small><br></div><div class="battle-history"><small>(The opposing Swanna lost <abbr title="−110/291">37.8%</abbr> of its health!)</small><br></div><div class="battle-history"><small>It's super effective!</small><br></div><div class="battle-history"><small>(The opposing Swanna lost <abbr title="−83/291">28.5%</abbr> of its health!)</small><br></div><div class="battle-history"><small>Hit 3 times!</small><br></div><div class="spacer battle-history"><br></div><div class="battle-history">The opposing Swanna fainted!<br></div><div class="spacer battle-history"><br></div><div class="battle-history"><small>Golem restored a little HP using its Leftovers!</small><br></div><div class="spacer battle-history"><br></div><div class="battle-history">S poi re sent out <strong>Trapinch</strong>!<br></div><div class="spacer battle-history"><br></div><h2 class="battle-history">Turn 15</h2><div class="chat chatmessage-spoire"><strong style="color:hsl(89,69%,37.89835537493884%)"><small>☆</small><span class="username" data-name="S poi re">S poi re</span>:</strong> <em>Je pue trop en PU </em></div><div class="spacer battle-history"><br></div><div class="battle-history">Golem used <strong>Earthquake</strong>!<br></div><div class="battle-history"><small>A critical hit!</small><br></div><div class="battle-history"><small>(The opposing Trapinch lost <abbr title="−294/294">100%</abbr> of its health!)</small><br></div><div class="spacer battle-history"><br></div><div class="battle-history">The opposing Trapinch fainted!<br></div><div class="spacer battle-history"><br></div><div class="battle-history"><small>Golem restored a little HP using its Leftovers!</small><br></div><div class="chat chatmessage-imparfait"><strong style="color:hsl(210,44%,45%)"><small>☆</small><span class="username" data-name="Imparfait">Imparfait</span>:</strong> <em>OO</em></div><div class="spacer battle-history"><br></div><div class="battle-history">S poi re sent out <strong>Grumpig</strong>!<br></div><div class="spacer battle-history"><br></div><h2 class="battle-history">Turn 16</h2><div class="spacer battle-history"><br></div><div class="battle-history">Golem used <strong>Sucker Punch</strong>!<br></div><div class="battle-history"><small>It's super effective!</small><br></div><div class="battle-history"><small>A critical hit!</small><br></div><div class="battle-history"><small>(The opposing Grumpig lost <abbr title="−143/321">44.5%</abbr> of its health!)</small><br></div><div class="spacer battle-history"><br></div><div class="battle-history">The opposing Grumpig fainted!<br></div><div class="spacer battle-history"><br></div><div class="battle-history"><small>Golem restored a little HP using its Leftovers!</small><br></div><div class="spacer battle-history"><br></div><div class="battle-history">S poi re sent out <strong>Stoutland</strong>!<br></div><div class="spacer battle-history"><br></div><h2 class="battle-history">Turn 17</h2><div class="chat chatmessage-imparfait"><strong style="color:hsl(210,44%,45%)"><small>☆</small><span class="username" data-name="Imparfait">Imparfait</span>:</strong> <em>e</em></div><div class="chat chatmessage-ananass"><strong style="color:hsl(336,57%,49%)"><small> </small><span class="username" data-name="Ananass✴">Ananass✴</span>:</strong> <em>Hmph</em></div><div class="chat chatmessage-tanguy43210"><strong style="color:hsl(342,79%,45%)"><small> </small><span class="username" data-name="Tanguy43210">Tanguy43210</span>:</strong> <em>lol</em></div><div class="chat chatmessage-spoire"><strong style="color:hsl(89,69%,37.89835537493884%)"><small>☆</small><span class="username" data-name="S poi re">S poi re</span>:</strong> <em>et</em></div><div class="spacer battle-history"><br></div><div class="battle-history">Golem, come back!<br></div><div class="battle-history">Go! <strong>Pelipper</strong>!<br></div><div class="spacer battle-history"><br></div><div class="battle-history">The opposing Stoutland used <strong>Return</strong>!<br></div><div class="battle-history"><small>(Pelipper lost <abbr title="−186/324">57.4%</abbr> of its health!)</small><br></div><div class="spacer battle-history"><br></div><div class="battle-history"><small>Pelipper restored a little HP using its Leftovers!</small><br></div><div class="spacer battle-history"><br></div><h2 class="battle-history">Turn 18</h2><div class="spacer battle-history"><br></div><div class="battle-history">Pelipper, come back!<br></div><div class="battle-history">Go! <strong>Golem</strong>!<br></div><div class="spacer battle-history"><br></div><div class="battle-history">The opposing Stoutland used <strong>Return</strong>!<br></div><div class="battle-history"><small>It's not very effective...</small><br></div><div class="battle-history"><small>(Golem lost <abbr title="−100/362">27.6%</abbr> of its health!)</small><br></div><div class="spacer battle-history"><br></div><div class="battle-history"><small>Golem restored a little HP using its Leftovers!</small><br></div><div class="spacer battle-history"><br></div><h2 class="battle-history">Turn 19</h2><div class="spacer battle-history"><br></div><div class="battle-history">Golem used <strong>Sucker Punch</strong>!<br></div><div class="battle-history"><small>(The opposing Stoutland lost <abbr title="−79/311">25.4%</abbr> of its health!)</small><br></div><div class="spacer battle-history"><br></div><div class="battle-history">The opposing Stoutland used <strong>Return</strong>!<br></div><div class="battle-history"><small>It's not very effective...</small><br></div><div class="battle-history"><small>(Golem lost <abbr title="−61/362">16.9%</abbr> of its health!)</small><br></div><div class="spacer battle-history"><br></div><div class="battle-history">Golem fainted!<br></div><div class="spacer battle-history"><br></div><div class="battle-history">Go! <strong>Monferno</strong>!<br></div><div class="spacer battle-history"><br></div><h2 class="battle-history">Turn 20</h2><div class="chat chatmessage-imparfait"><strong style="color:hsl(210,44%,45%)"><small>☆</small><span class="username" data-name="Imparfait">Imparfait</span>:</strong> <em>NOOON</em></div><div class="chat chatmessage-spoire"><strong style="color:hsl(89,69%,37.89835537493884%)"><small>☆</small><span class="username" data-name="S poi re">S poi re</span>:</strong> <em>Gg </em></div><div class="chat chatmessage-imparfait"><strong style="color:hsl(210,44%,45%)"><small>☆</small><span class="username" data-name="Imparfait">Imparfait</span>:</strong> <em>je voulais faire un 6</em></div><div class="chat chatmessage-imparfait"><strong style="color:hsl(210,44%,45%)"><small>☆</small><span class="username" data-name="Imparfait">Imparfait</span>:</strong> <em>:'(</em></div><div class="chat chatmessage-imparfait"><strong style="color:hsl(210,44%,45%)"><small>☆</small><span class="username" data-name="Imparfait">Imparfait</span>:</strong> <em>gg poire</em></div><div class="chat chatmessage-spoire"><strong style="color:hsl(89,69%,37.89835537493884%)"><small>☆</small><span class="username" data-name="S poi re">S poi re</span>:</strong> <em>:)</em></div><div class="spacer battle-history"><br></div><div class="battle-history">Monferno used <strong>Mach Punch</strong>!<br></div><div class="battle-history"><small>It's super effective!</small><br></div><div class="battle-history"><small>(The opposing Stoutland lost <abbr title="−51/311">16.4%</abbr> of its health!)</small><br></div><div class="spacer battle-history"><br></div><div class="battle-history">The opposing Stoutland fainted!<br></div><div class="spacer battle-history"><br></div><div class="battle-history"><strong>Imparfait</strong> won the battle!<br></div><div class="chat"><small>Ananass✴ left.</small></div><div class="chat"><small>S poi re left.</small></div><div class="chat"><small>Tanguy43210 left.</small></div><div class="chat"><small>Imparfait left.</small></div><div class="chat"><small>Imparfait joined.</small></div></div><div class="inner-preempt"></div></div></div>
</div>
<script>
let daily = Math.floor(Date.now()/1000/60/60/24);document.write('<script src="https://play.pokemonshowdown.com/js/replay-embed.js?version'+daily+'"></'+'script>');
</script>
