<!DOCTYPE html>
<meta charset="utf-8" />
<!-- version 1 -->
<title>PU replay: Iron✘Pyrite vs. Greenheroes</title>
<style>
html,body {font-family:Verdana, sans-serif;font-size:10pt;margin:0;padding:0;}body{padding:12px 0;} .battle-log {font-family:Verdana, sans-serif;font-size:10pt;} .battle-log-inline {border:1px solid #AAAAAA;background:#EEF2F5;color:black;max-width:640px;margin:0 auto 80px;padding-bottom:5px;} .battle-log .inner {padding:4px 8px 0px 8px;} .battle-log .inner-preempt {padding:0 8px 4px 8px;} .battle-log .inner-after {margin-top:0.5em;} .battle-log h2 {margin:0.5em -8px;padding:4px 8px;border:1px solid #AAAAAA;background:#E0E7EA;border-left:0;border-right:0;font-family:Verdana, sans-serif;font-size:13pt;} .battle-log .chat {vertical-align:middle;padding:3px 0 3px 0;font-size:8pt;} .battle-log .chat strong {color:#40576A;} .battle-log .chat em {padding:1px 4px 1px 3px;color:#000000;font-style:normal;} .chat.mine {background:rgba(0,0,0,0.05);margin-left:-8px;margin-right:-8px;padding-left:8px;padding-right:8px;} .spoiler {color:#BBBBBB;background:#BBBBBB;padding:0px 3px;} .spoiler:hover, .spoiler:active, .spoiler-shown {color:#000000;background:#E2E2E2;padding:0px 3px;} .spoiler a {color:#BBBBBB;} .spoiler:hover a, .spoiler:active a, .spoiler-shown a {color:#2288CC;} .chat code, .chat .spoiler:hover code, .chat .spoiler:active code, .chat .spoiler-shown code {border:1px solid #C0C0C0;background:#EEEEEE;color:black;padding:0 2px;} .chat .spoiler code {border:1px solid #CCCCCC;background:#CCCCCC;color:#CCCCCC;} .battle-log .rated {padding:3px 4px;} .battle-log .rated strong {color:white;background:#89A;padding:1px 4px;border-radius:4px;} .spacer {margin-top:0.5em;} .message-announce {background:#6688AA;color:white;padding:1px 4px 2px;} .message-announce a, .broadcast-green a, .broadcast-blue a, .broadcast-red a {color:#DDEEFF;} .broadcast-green {background-color:#559955;color:white;padding:2px 4px;} .broadcast-blue {background-color:#6688AA;color:white;padding:2px 4px;} .infobox {border:1px solid #6688AA;padding:2px 4px;} .infobox-limited {max-height:200px;overflow:auto;overflow-x:hidden;} .broadcast-red {background-color:#AA5544;color:white;padding:2px 4px;} .message-learn-canlearn {font-weight:bold;color:#228822;text-decoration:underline;} .message-learn-cannotlearn {font-weight:bold;color:#CC2222;text-decoration:underline;} .message-effect-weak {font-weight:bold;color:#CC2222;} .message-effect-resist {font-weight:bold;color:#6688AA;} .message-effect-immune {font-weight:bold;color:#666666;} .message-learn-list {margin-top:0;margin-bottom:0;} .message-throttle-notice, .message-error {color:#992222;} .message-overflow, .chat small.message-overflow {font-size:0pt;} .message-overflow::before {font-size:9pt;content:'...';} .subtle {color:#3A4A66;}
</style>
<div class="wrapper replay-wrapper" style="max-width:1180px;margin:0 auto">
<input type="hidden" name="replayid" value="pokestrat-pu-830" />
<div class="battle"></div><div class="battle-log"></div><div class="replay-controls"></div><div class="replay-controls-2"></div>
<h1 style="font-weight:normal;text-align:center"><strong>PU</strong><br /><a href="http://pokemonshowdown.com/users/ironpyrite" class="subtle" target="_blank">Iron✘Pyrite</a> vs. <a href="http://pokemonshowdown.com/users/greenheroes" class="subtle" target="_blank">Greenheroes</a></h1>
<script type="text/plain" class="battle-log-data">|j|Iron✘Pyrite
|j|Greenheroes
|player|p1|Iron✘Pyrite|234
|player|p2|Greenheroes|25
|gametype|singles
|gen|6
|tier|PU
|seed|57748,22149,42890,59956
|rule|Sleep Clause Mod: Limit one foe put to sleep
|rule|Species Clause: Limit one of each Pokémon
|rule|OHKO Clause: OHKO moves are banned
|rule|Moody Clause: Moody is banned
|rule|Evasion Moves Clause: Evasion moves are banned
|rule|Endless Battle Clause: Forcing endless battles is banned
|rule|HP Percentage Mod: HP is shown in percentages
|clearpoke
|poke|p1|Ursaring, M|item
|poke|p1|Pawniard, M|item
|poke|p1|Lumineon, M|item
|poke|p1|Golem, F|item
|poke|p1|Mr. Mime, F|item
|poke|p1|Rotom-Fan|item
|poke|p2|Muk, F|item
|poke|p2|Monferno, M|item
|poke|p2|Drifblim, M|item
|poke|p2|Golem, F|item
|poke|p2|Cacturne, F|item
|poke|p2|Cryogonal|item
|rule|Swagger Clause: Swagger is banned
|rule|Baton Pass Clause: Limit one Baton Passer, can't pass Spe and other stats simultaneously
|teampreview
|c|☆Iron✘Pyrite|hf
|c|☆Greenheroes|bonne chance
|choice|team 3, team 2, team 1, team 4, team 5, team 6|team 5, team 2, team 3, team 4, team 1, team 6
|
|start
|switch|p1a: Lumineon|Lumineon, M|331\/331
|switch|p2a: Cacturne|Cacturne, F|343\/343
|turn|1
|choice|move uturn|move darkpulse
|
|move|p1a: Lumineon|U-turn|p2a: Cacturne
|-supereffective|p2a: Cacturne
|-damage|p2a: Cacturne|111\/343
|choice|switch 2|
|
|switch|p1a: Pawniard|Pawniard, M|231\/231
|move|p2a: Cacturne|Dark Pulse|p1a: Pawniard
|-resisted|p1a: Pawniard
|-damage|p1a: Pawniard|75\/231
|
|upkeep
|turn|2
|choice|move knockoff|switch 2
|
|switch|p2a: Monferno|Monferno, M|269\/269
|move|p1a: Pawniard|Knock Off|p2a: Monferno
|-resisted|p2a: Monferno
|-damage|p2a: Monferno|188\/269
|-enditem|p2a: Monferno|Eviolite|[from] move: Knock Off|[of] p1a: Pawniard
|
|upkeep
|turn|3
|j|Cozaron
|choice|switch 6|move uturn
|
|switch|p1a: Rotom|Rotom-Fan|241\/241
|move|p2a: Monferno|U-turn|p1a: Rotom
|-resisted|p1a: Rotom
|-damage|p1a: Rotom|210\/241
|choice||switch 6
|
|switch|p2a: Cryogonal|Cryogonal|281\/281
|
|-heal|p1a: Rotom|225\/241|[from] item: Leftovers
|upkeep
|turn|4
|j|Nyhets
|choice|switch 5|move freezedry
|
|switch|p1a: Mr. Mime|Mr. Mime, F|221\/221
|move|p2a: Cryogonal|Freeze-Dry|p1a: Mr. Mime
|-damage|p1a: Mr. Mime|142\/221
|
|upkeep
|turn|5
|choice|switch 3|switch 3
|
|switch|p1a: Ursaring|Ursaring, M|321\/321
|switch|p2a: Drifblim|Drifblim, M|504\/504
|
|-status|p1a: Ursaring|tox|[from] item: Toxic Orb
|upkeep
|turn|6
|j|Tangent Phi
|l|Tangent Phi
|choice|move crunch|move endure
|
|move|p2a: Drifblim|Endure|p2a: Drifblim
|-singleturn|p2a: Drifblim|move: Endure
|move|p1a: Ursaring|Crunch|p2a: Drifblim
|-supereffective|p2a: Drifblim
|-damage|p2a: Drifblim|172\/504
|-enditem|p2a: Drifblim|Weakness Policy
|-boost|p2a: Drifblim|atk|2
|-boost|p2a: Drifblim|spa|2
|-unboost|p2a: Drifblim|def|1
|
|-damage|p1a: Ursaring|301\/321 tox|[from] psn
|upkeep
|turn|7
|choice|switch 4|move acrobatics
|
|switch|p1a: Golem|Golem, F|363\/363
|move|p2a: Drifblim|Acrobatics|p1a: Golem
|-resisted|p1a: Golem
|-damage|p1a: Golem|250\/363
|
|-heal|p1a: Golem|272\/363|[from] item: Leftovers
|upkeep
|turn|8
|choice|move suckerpunch|move knockoff
|
|move|p1a: Golem|Sucker Punch|p2a: Drifblim
|-supereffective|p2a: Drifblim
|-damage|p2a: Drifblim|0 fnt
|faint|p2a: Drifblim
|
|-heal|p1a: Golem|294\/363|[from] item: Leftovers
|upkeep
|choice||switch 2
|
|switch|p2a: Cacturne|Cacturne, F|111\/343
|turn|9
|choice|switch 5|move gigadrain
|
|switch|p1a: Rotom|Rotom-Fan|225\/241
|move|p2a: Cacturne|Giga Drain|p1a: Rotom
|-resisted|p1a: Rotom
|-damage|p1a: Rotom|135\/241
|-heal|p2a: Cacturne|156\/343|[from] drain|[of] p1a: Rotom
|
|-heal|p1a: Rotom|150\/241|[from] item: Leftovers
|upkeep
|turn|10
|l|Cozaron
|choice|move airslash|switch 5
|
|switch|p2a: Muk|Muk, F|414\/414
|move|p1a: Rotom|Air Slash|p2a: Muk
|-damage|p2a: Muk|330\/414
|
|-heal|p1a: Rotom|165\/241|[from] item: Leftovers
|-heal|p2a: Muk|355\/414|[from] item: Black Sludge
|upkeep
|turn|11
|choice|move voltswitch|move curse
|
|move|p1a: Rotom|Volt Switch|p2a: Muk
|-damage|p2a: Muk|265\/414
|choice|switch 5|
|
|switch|p1a: Golem|Golem, F|294\/363
|move|p2a: Muk|Curse|p2a: Muk
|-unboost|p2a: Muk|spe|1
|-boost|p2a: Muk|atk|1
|-boost|p2a: Muk|def|1
|
|-heal|p1a: Golem|316\/363|[from] item: Leftovers
|-heal|p2a: Muk|290\/414|[from] item: Black Sludge
|upkeep
|turn|12
|choice|move stealthrock|switch 3
|
|switch|p2a: Cryogonal|Cryogonal|281\/281
|move|p1a: Golem|Stealth Rock|p2a: Cryogonal
|-sidestart|p2: Greenheroes|move: Stealth Rock
|
|-heal|p1a: Golem|338\/363|[from] item: Leftovers
|upkeep
|turn|13
|choice|move stoneedge|move freezedry
|
|move|p2a: Cryogonal|Freeze-Dry|p1a: Golem
|-supereffective|p1a: Golem
|-damage|p1a: Golem|108\/363
|move|p1a: Golem|Stone Edge|p2a: Cryogonal
|-supereffective|p2a: Cryogonal
|-damage|p2a: Cryogonal|0 fnt
|faint|p2a: Cryogonal
|
|-heal|p1a: Golem|130\/363|[from] item: Leftovers
|upkeep
|choice||switch 4
|
|switch|p2a: Golem|Golem, F|363\/363
|-damage|p2a: Golem|341\/363|[from] Stealth Rock
|turn|14
|choice|switch 2|move suckerpunch
|
|switch|p1a: Lumineon|Lumineon, M|331\/331
|move|p2a: Golem|Sucker Punch|p1a: Lumineon|[still]
|-fail|p2a: Golem
|
|-heal|p2a: Golem|363\/363|[from] item: Leftovers
|upkeep
|turn|15
|choice|move toxic|switch 5
|
|switch|p2a: Cacturne|Cacturne, F|156\/343
|-damage|p2a: Cacturne|114\/343|[from] Stealth Rock
|move|p1a: Lumineon|Toxic|p2a: Cacturne
|-status|p2a: Cacturne|tox
|
|-damage|p2a: Cacturne|93\/343 tox|[from] psn
|upkeep
|turn|16
|choice|move uturn|move gigadrain
|
|move|p1a: Lumineon|U-turn|p2a: Cacturne
|-supereffective|p2a: Cacturne
|-damage|p2a: Cacturne|0 fnt
|faint|p2a: Cacturne
|choice|switch 5|
|
|switch|p1a: Rotom|Rotom-Fan|165\/241
|
|-heal|p1a: Rotom|180\/241|[from] item: Leftovers
|upkeep
|choice||switch 5
|
|switch|p2a: Golem|Golem, F|363\/363
|-damage|p2a: Golem|341\/363|[from] Stealth Rock
|turn|17
|choice|move hiddenpower|move stealthrock
|
|move|p1a: Rotom|Hidden Power|p2a: Golem
|-supereffective|p2a: Golem
|-crit|p2a: Golem
|-damage|p2a: Golem|0 fnt
|faint|p2a: Golem
|
|-heal|p1a: Rotom|195\/241|[from] item: Leftovers
|upkeep
|c|☆Iron✘Pyrite|gg
|c|☆Greenheroes|gg
|choice||switch 3
|
|switch|p2a: Muk|Muk, F|290\/414
|-damage|p2a: Muk|239\/414|[from] Stealth Rock
|turn|18
|choice|move voltswitch|move poisonjab
|
|move|p1a: Rotom|Volt Switch|p2a: Muk
|-damage|p2a: Muk|154\/414
|choice|switch 2|
|
|switch|p1a: Golem|Golem, F|130\/363
|move|p2a: Muk|Poison Jab|p1a: Golem
|-resisted|p1a: Golem
|-damage|p1a: Golem|111\/363
|-status|p1a: Golem|psn
|
|-heal|p1a: Golem|133\/363 psn|[from] item: Leftovers
|-heal|p2a: Muk|179\/414|[from] item: Black Sludge
|-damage|p1a: Golem|88\/363 psn|[from] psn
|upkeep
|turn|19
|choice|move earthquake|move rest
|
|move|p1a: Golem|Earthquake|p2a: Muk
|-supereffective|p2a: Muk
|-damage|p2a: Muk|0 fnt
|faint|p2a: Muk
|
|-heal|p1a: Golem|110\/363 psn|[from] item: Leftovers
|-damage|p1a: Golem|65\/363 psn|[from] psn
|upkeep
|choice||switch 6
|
|switch|p2a: Monferno|Monferno, M|188\/269
|-damage|p2a: Monferno|155\/269|[from] Stealth Rock
|turn|20
|choice|switch 5|move machpunch
|
|switch|p1a: Lumineon|Lumineon, M|331\/331
|move|p2a: Monferno|Mach Punch|p1a: Lumineon
|-damage|p1a: Lumineon|279\/331
|
|-heal|p1a: Lumineon|299\/331|[from] item: Leftovers
|upkeep
|turn|21
|choice|move scald|move closecombat
|
|move|p2a: Monferno|Close Combat|p1a: Lumineon
|-damage|p1a: Lumineon|155\/331
|-unboost|p2a: Monferno|def|1
|-unboost|p2a: Monferno|spd|1
|move|p1a: Lumineon|Scald|p2a: Monferno
|-supereffective|p2a: Monferno
|-damage|p2a: Monferno|0 fnt
|faint|p2a: Monferno
|
|win|Iron✘Pyrite</script>
</div>
<div class="battle-log battle-log-inline"><div class="inner"><div class="battle-options"></div><div class="inner"><div class="chat"><small>Iron✘Pyrite joined.</small></div><div class="chat"><small>Greenheroes joined.</small></div><div class=""><small>Format:</small> <br><strong>PU</strong></div><div class=""><small><em>Sleep Clause Mod:</em> Limit one foe put to sleep</small></div><div class=""><small><em>Species Clause:</em> Limit one of each Pokémon</small></div><div class=""><small><em>OHKO Clause:</em> OHKO moves are banned</small></div><div class=""><small><em>Moody Clause:</em> Moody is banned</small></div><div class=""><small><em>Evasion Moves Clause:</em> Evasion moves are banned</small></div><div class=""><small><em>Endless Battle Clause:</em> Forcing endless battles is banned</small></div><div class=""><small><em>HP Percentage Mod:</em> HP is shown in percentages</small></div><div class=""><small><em>Swagger Clause:</em> Swagger is banned</small></div><div class=""><small><em>Baton Pass Clause:</em> Limit one Baton Passer, can't pass Spe and other stats simultaneously</small></div><div class="chat battle-history"><strong>Iron✘Pyrite's team:</strong> <em style="color:#445566;display:block;">Ursaring / Pawniard / Lumineon / Golem / Mr. Mime / Rotom-Fan</em></div><div class="chat battle-history"><strong>Greenheroes's team:</strong> <em style="color:#445566;display:block;">Muk / Monferno / Drifblim / Golem / Cacturne / Cryogonal</em></div><div class="chat chatmessage-ironpyrite"><strong style="color:hsl(320,70%,45.718082309027785%)"><small>☆</small><span class="username" data-name="Iron✘Pyrite">Iron✘Pyrite</span>:</strong> <em>hf</em></div><div class="chat chatmessage-greenheroes"><strong style="color:hsl(265,74%,56.967384459884016%)"><small>☆</small><span class="username" data-name="Greenheroes">Greenheroes</span>:</strong> <em>bonne chance</em></div><div class="spacer battle-history"><br></div><div class="battle-history">Battle started between Iron✘Pyrite and Greenheroes!<br></div><div class="spacer battle-history"><br></div><div class="battle-history">Go! <strong>Lumineon</strong>!<br></div><div class="spacer battle-history"><br></div><div class="battle-history">Greenheroes sent out <strong>Cacturne</strong>!<br></div><div class="spacer battle-history"><br></div><h2 class="battle-history">Turn 1</h2><div class="spacer battle-history"><br></div><div class="battle-history">Lumineon used <strong>U-turn</strong>!<br></div><div class="battle-history"><small>It's super effective!</small><br></div><div class="battle-history"><small>(The opposing Cacturne lost <abbr title="−232/343">67.6%</abbr> of its health!)</small><br></div><div class="spacer battle-history"><br></div><div class="battle-history">Lumineon went back to Iron✘Pyrite!<br></div><div class="battle-history">Go! <strong>Pawniard</strong>!<br></div><div class="spacer battle-history"><br></div><div class="battle-history">The opposing Cacturne used <strong>Dark Pulse</strong>!<br></div><div class="battle-history"><small>It's not very effective...</small><br></div><div class="battle-history"><small>(Pawniard lost <abbr title="−156/231">67.5%</abbr> of its health!)</small><br></div><div class="spacer battle-history"><br></div><h2 class="battle-history">Turn 2</h2><div class="spacer battle-history"><br></div><div class="battle-history">Greenheroes withdrew Cacturne!<br></div><div class="battle-history">Greenheroes sent out <strong>Monferno</strong>!<br></div><div class="spacer battle-history"><br></div><div class="battle-history">Pawniard used <strong>Knock Off</strong>!<br></div><div class="battle-history"><small>It's not very effective...</small><br></div><div class="battle-history"><small>(The opposing Monferno lost <abbr title="−81/269">30.1%</abbr> of its health!)</small><br></div><div class="battle-history"><small>Pawniard knocked off the opposing Monferno's Eviolite!</small><br></div><div class="spacer battle-history"><br></div><h2 class="battle-history">Turn 3</h2><div class="chat"><small>Cozaron joined.</small></div><div class="spacer battle-history"><br></div><div class="battle-history">Pawniard, come back!<br></div><div class="battle-history">Go! Rotom (<strong>Rotom-Fan</strong>)!<br></div><div class="spacer battle-history"><br></div><div class="battle-history">The opposing Monferno used <strong>U-turn</strong>!<br></div><div class="battle-history"><small>It's not very effective...</small><br></div><div class="battle-history"><small>(Rotom lost <abbr title="−31/241">12.9%</abbr> of its health!)</small><br></div><div class="spacer battle-history"><br></div><div class="battle-history">The opposing Monferno went back to Greenheroes!<br></div><div class="battle-history">Greenheroes sent out <strong>Cryogonal</strong>!<br></div><div class="spacer battle-history"><br></div><div class="battle-history"><small>Rotom restored a little HP using its Leftovers!</small><br></div><div class="spacer battle-history"><br></div><h2 class="battle-history">Turn 4</h2><div class="chat"><small>Nyhets joined.</small></div><div class="spacer battle-history"><br></div><div class="battle-history">Rotom, come back!<br></div><div class="battle-history">Go! <strong>Mr. Mime</strong>!<br></div><div class="spacer battle-history"><br></div><div class="battle-history">The opposing Cryogonal used <strong>Freeze-Dry</strong>!<br></div><div class="battle-history"><small>(Mr. Mime lost <abbr title="−79/221">35.7%</abbr> of its health!)</small><br></div><div class="spacer battle-history"><br></div><h2 class="battle-history">Turn 5</h2><div class="spacer battle-history"><br></div><div class="battle-history">Mr. Mime, come back!<br></div><div class="battle-history">Go! <strong>Ursaring</strong>!<br></div><div class="spacer battle-history"><br></div><div class="battle-history">Greenheroes withdrew Cryogonal!<br></div><div class="battle-history">Greenheroes sent out <strong>Drifblim</strong>!<br></div><div class="spacer battle-history"><br></div><div class="battle-history"><small>Ursaring was badly poisoned!</small><br></div><div class="spacer battle-history"><br></div><h2 class="battle-history">Turn 6</h2><div class="chat"><small>Tangent Phi joined.</small></div><div class="chat"><small>Tangent Phi left.</small></div><div class="spacer battle-history"><br></div><div class="battle-history">The opposing Drifblim used <strong>Endure</strong>!<br></div><div class="battle-history"><small>The opposing Drifblim braced itself!</small><br></div><div class="spacer battle-history"><br></div><div class="battle-history">Ursaring used <strong>Crunch</strong>!<br></div><div class="battle-history"><small>It's super effective!</small><br></div><div class="battle-history"><small>(The opposing Drifblim lost <abbr title="−332/504">65.9%</abbr> of its health!)</small><br></div><div class="battle-history"><small>(The opposing Drifblim used its Weakness Policy!)</small><br></div><div class="battle-history"><small>The opposing Drifblim's Attack rose sharply!</small><br></div><div class="battle-history"><small>The opposing Drifblim's Special Attack rose sharply!</small><br></div><div class="battle-history"><small>The opposing Drifblim's Defense fell!</small><br></div><div class="spacer battle-history"><br></div><div class="battle-history"><small>Ursaring was hurt by poison!</small><br></div><div class="spacer battle-history"><br></div><h2 class="battle-history">Turn 7</h2><div class="spacer battle-history"><br></div><div class="battle-history">Ursaring, come back!<br></div><div class="battle-history">Go! <strong>Golem</strong>!<br></div><div class="spacer battle-history"><br></div><div class="battle-history">The opposing Drifblim used <strong>Acrobatics</strong>!<br></div><div class="battle-history"><small>It's not very effective...</small><br></div><div class="battle-history"><small>(Golem lost <abbr title="−113/363">31.1%</abbr> of its health!)</small><br></div><div class="spacer battle-history"><br></div><div class="battle-history"><small>Golem restored a little HP using its Leftovers!</small><br></div><div class="spacer battle-history"><br></div><h2 class="battle-history">Turn 8</h2><div class="spacer battle-history"><br></div><div class="battle-history">Golem used <strong>Sucker Punch</strong>!<br></div><div class="battle-history"><small>It's super effective!</small><br></div><div class="battle-history"><small>(The opposing Drifblim lost <abbr title="−172/504">34.1%</abbr> of its health!)</small><br></div><div class="spacer battle-history"><br></div><div class="battle-history">The opposing Drifblim fainted!<br></div><div class="spacer battle-history"><br></div><div class="battle-history"><small>Golem restored a little HP using its Leftovers!</small><br></div><div class="spacer battle-history"><br></div><div class="battle-history">Greenheroes sent out <strong>Cacturne</strong>!<br></div><div class="spacer battle-history"><br></div><h2 class="battle-history">Turn 9</h2><div class="spacer battle-history"><br></div><div class="battle-history">Golem, come back!<br></div><div class="battle-history">Go! Rotom (<strong>Rotom-Fan</strong>)!<br></div><div class="spacer battle-history"><br></div><div class="battle-history">The opposing Cacturne used <strong>Giga Drain</strong>!<br></div><div class="battle-history"><small>It's not very effective...</small><br></div><div class="battle-history"><small>(Rotom lost <abbr title="−90/241">37.3%</abbr> of its health!)</small><br></div><div class="battle-history"><small>Rotom had its energy drained!</small><br></div><div class="spacer battle-history"><br></div><div class="battle-history"><small>Rotom restored a little HP using its Leftovers!</small><br></div><div class="spacer battle-history"><br></div><h2 class="battle-history">Turn 10</h2><div class="chat"><small>Cozaron left.</small></div><div class="spacer battle-history"><br></div><div class="battle-history">Greenheroes withdrew Cacturne!<br></div><div class="battle-history">Greenheroes sent out <strong>Muk</strong>!<br></div><div class="spacer battle-history"><br></div><div class="battle-history">Rotom used <strong>Air Slash</strong>!<br></div><div class="battle-history"><small>(The opposing Muk lost <abbr title="−84/414">20.3%</abbr> of its health!)</small><br></div><div class="spacer battle-history"><br></div><div class="battle-history"><small>Rotom restored a little HP using its Leftovers!</small><br></div><div class="battle-history"><small>The opposing Muk restored a little HP using its Black Sludge!</small><br></div><div class="spacer battle-history"><br></div><h2 class="battle-history">Turn 11</h2><div class="spacer battle-history"><br></div><div class="battle-history">Rotom used <strong>Volt Switch</strong>!<br></div><div class="battle-history"><small>(The opposing Muk lost <abbr title="−90/414">21.7%</abbr> of its health!)</small><br></div><div class="spacer battle-history"><br></div><div class="battle-history">Rotom went back to Iron✘Pyrite!<br></div><div class="battle-history">Go! <strong>Golem</strong>!<br></div><div class="spacer battle-history"><br></div><div class="battle-history">The opposing Muk used <strong>Curse</strong>!<br></div><div class="battle-history"><small>The opposing Muk's Speed fell!</small><br></div><div class="battle-history"><small>The opposing Muk's Attack rose!</small><br></div><div class="battle-history"><small>The opposing Muk's Defense rose!</small><br></div><div class="spacer battle-history"><br></div><div class="battle-history"><small>Golem restored a little HP using its Leftovers!</small><br></div><div class="battle-history"><small>The opposing Muk restored a little HP using its Black Sludge!</small><br></div><div class="spacer battle-history"><br></div><h2 class="battle-history">Turn 12</h2><div class="spacer battle-history"><br></div><div class="battle-history">Greenheroes withdrew Muk!<br></div><div class="battle-history">Greenheroes sent out <strong>Cryogonal</strong>!<br></div><div class="spacer battle-history"><br></div><div class="battle-history">Golem used <strong>Stealth Rock</strong>!<br></div><div class="battle-history"><small>Pointed stones float in the air around the opposing team!</small><br></div><div class="spacer battle-history"><br></div><div class="battle-history"><small>Golem restored a little HP using its Leftovers!</small><br></div><div class="spacer battle-history"><br></div><h2 class="battle-history">Turn 13</h2><div class="spacer battle-history"><br></div><div class="battle-history">The opposing Cryogonal used <strong>Freeze-Dry</strong>!<br></div><div class="battle-history"><small>It's super effective!</small><br></div><div class="battle-history"><small>(Golem lost <abbr title="−230/363">63.4%</abbr> of its health!)</small><br></div><div class="spacer battle-history"><br></div><div class="battle-history">Golem used <strong>Stone Edge</strong>!<br></div><div class="battle-history"><small>It's super effective!</small><br></div><div class="battle-history"><small>(The opposing Cryogonal lost <abbr title="−281/281">100%</abbr> of its health!)</small><br></div><div class="spacer battle-history"><br></div><div class="battle-history">The opposing Cryogonal fainted!<br></div><div class="spacer battle-history"><br></div><div class="battle-history"><small>Golem restored a little HP using its Leftovers!</small><br></div><div class="spacer battle-history"><br></div><div class="battle-history">Greenheroes sent out <strong>Golem</strong>!<br></div><div class="battle-history"><small>Pointed stones dug into the opposing Golem!</small><br></div><div class="spacer battle-history"><br></div><h2 class="battle-history">Turn 14</h2><div class="spacer battle-history"><br></div><div class="battle-history">Golem, come back!<br></div><div class="battle-history">Go! <strong>Lumineon</strong>!<br></div><div class="spacer battle-history"><br></div><div class="battle-history">The opposing Golem used <strong>Sucker Punch</strong>!<br></div><div class="battle-history"><small>But it failed!</small><br></div><div class="spacer battle-history"><br></div><div class="battle-history"><small>The opposing Golem restored a little HP using its Leftovers!</small><br></div><div class="spacer battle-history"><br></div><h2 class="battle-history">Turn 15</h2><div class="spacer battle-history"><br></div><div class="battle-history">Greenheroes withdrew Golem!<br></div><div class="battle-history">Greenheroes sent out <strong>Cacturne</strong>!<br></div><div class="battle-history"><small>Pointed stones dug into the opposing Cacturne!</small><br></div><div class="spacer battle-history"><br></div><div class="battle-history">Lumineon used <strong>Toxic</strong>!<br></div><div class="battle-history"><small>The opposing Cacturne was badly poisoned!</small><br></div><div class="spacer battle-history"><br></div><div class="battle-history"><small>The opposing Cacturne was hurt by poison!</small><br></div><div class="spacer battle-history"><br></div><h2 class="battle-history">Turn 16</h2><div class="spacer battle-history"><br></div><div class="battle-history">Lumineon used <strong>U-turn</strong>!<br></div><div class="battle-history"><small>It's super effective!</small><br></div><div class="battle-history"><small>(The opposing Cacturne lost <abbr title="−93/343">27.1%</abbr> of its health!)</small><br></div><div class="spacer battle-history"><br></div><div class="battle-history">The opposing Cacturne fainted!<br></div><div class="spacer battle-history"><br></div><div class="battle-history">Lumineon went back to Iron✘Pyrite!<br></div><div class="battle-history">Go! Rotom (<strong>Rotom-Fan</strong>)!<br></div><div class="spacer battle-history"><br></div><div class="battle-history"><small>Rotom restored a little HP using its Leftovers!</small><br></div><div class="spacer battle-history"><br></div><div class="battle-history">Greenheroes sent out <strong>Golem</strong>!<br></div><div class="battle-history"><small>Pointed stones dug into the opposing Golem!</small><br></div><div class="spacer battle-history"><br></div><h2 class="battle-history">Turn 17</h2><div class="spacer battle-history"><br></div><div class="battle-history">Rotom used <strong>Hidden Power</strong>!<br></div><div class="battle-history"><small>It's super effective!</small><br></div><div class="battle-history"><small>A critical hit!</small><br></div><div class="battle-history"><small>(The opposing Golem lost <abbr title="−341/363">93.9%</abbr> of its health!)</small><br></div><div class="spacer battle-history"><br></div><div class="battle-history">The opposing Golem fainted!<br></div><div class="spacer battle-history"><br></div><div class="battle-history"><small>Rotom restored a little HP using its Leftovers!</small><br></div><div class="chat chatmessage-ironpyrite"><strong style="color:hsl(320,70%,45.718082309027785%)"><small>☆</small><span class="username" data-name="Iron✘Pyrite">Iron✘Pyrite</span>:</strong> <em>gg</em></div><div class="chat chatmessage-greenheroes"><strong style="color:hsl(265,74%,56.967384459884016%)"><small>☆</small><span class="username" data-name="Greenheroes">Greenheroes</span>:</strong> <em>gg</em></div><div class="spacer battle-history"><br></div><div class="battle-history">Greenheroes sent out <strong>Muk</strong>!<br></div><div class="battle-history"><small>Pointed stones dug into the opposing Muk!</small><br></div><div class="spacer battle-history"><br></div><h2 class="battle-history">Turn 18</h2><div class="spacer battle-history"><br></div><div class="battle-history">Rotom used <strong>Volt Switch</strong>!<br></div><div class="battle-history"><small>(The opposing Muk lost <abbr title="−85/414">20.5%</abbr> of its health!)</small><br></div><div class="spacer battle-history"><br></div><div class="battle-history">Rotom went back to Iron✘Pyrite!<br></div><div class="battle-history">Go! <strong>Golem</strong>!<br></div><div class="spacer battle-history"><br></div><div class="battle-history">The opposing Muk used <strong>Poison Jab</strong>!<br></div><div class="battle-history"><small>It's not very effective...</small><br></div><div class="battle-history"><small>(Golem lost <abbr title="−19/363">5.2%</abbr> of its health!)</small><br></div><div class="battle-history"><small>Golem was poisoned!</small><br></div><div class="spacer battle-history"><br></div><div class="battle-history"><small>Golem restored a little HP using its Leftovers!</small><br></div><div class="battle-history"><small>The opposing Muk restored a little HP using its Black Sludge!</small><br></div><div class="battle-history"><small>Golem was hurt by poison!</small><br></div><div class="spacer battle-history"><br></div><h2 class="battle-history">Turn 19</h2><div class="spacer battle-history"><br></div><div class="battle-history">Golem used <strong>Earthquake</strong>!<br></div><div class="battle-history"><small>It's super effective!</small><br></div><div class="battle-history"><small>(The opposing Muk lost <abbr title="−179/414">43.2%</abbr> of its health!)</small><br></div><div class="spacer battle-history"><br></div><div class="battle-history">The opposing Muk fainted!<br></div><div class="spacer battle-history"><br></div><div class="battle-history"><small>Golem restored a little HP using its Leftovers!</small><br></div><div class="battle-history"><small>Golem was hurt by poison!</small><br></div><div class="spacer battle-history"><br></div><div class="battle-history">Greenheroes sent out <strong>Monferno</strong>!<br></div><div class="battle-history"><small>Pointed stones dug into the opposing Monferno!</small><br></div><div class="spacer battle-history"><br></div><h2 class="battle-history">Turn 20</h2><div class="spacer battle-history"><br></div><div class="battle-history">Golem, come back!<br></div><div class="battle-history">Go! <strong>Lumineon</strong>!<br></div><div class="spacer battle-history"><br></div><div class="battle-history">The opposing Monferno used <strong>Mach Punch</strong>!<br></div><div class="battle-history"><small>(Lumineon lost <abbr title="−52/331">15.7%</abbr> of its health!)</small><br></div><div class="spacer battle-history"><br></div><div class="battle-history"><small>Lumineon restored a little HP using its Leftovers!</small><br></div><div class="spacer battle-history"><br></div><h2 class="battle-history">Turn 21</h2><div class="spacer battle-history"><br></div><div class="battle-history">The opposing Monferno used <strong>Close Combat</strong>!<br></div><div class="battle-history"><small>(Lumineon lost <abbr title="−144/331">43.5%</abbr> of its health!)</small><br></div><div class="battle-history"><small>The opposing Monferno's Defense fell!</small><br></div><div class="battle-history"><small>The opposing Monferno's Special Defense fell!</small><br></div><div class="spacer battle-history"><br></div><div class="battle-history">Lumineon used <strong>Scald</strong>!<br></div><div class="battle-history"><small>It's super effective!</small><br></div><div class="battle-history"><small>(The opposing Monferno lost <abbr title="−155/269">57.6%</abbr> of its health!)</small><br></div><div class="spacer battle-history"><br></div><div class="battle-history">The opposing Monferno fainted!<br></div><div class="spacer battle-history"><br></div><div class="battle-history"><strong>Iron✘Pyrite</strong> won the battle!<br></div></div><div class="inner-preempt"></div></div></div>
</div>
<script>
let daily = Math.floor(Date.now()/1000/60/60/24);document.write('<script src="https://play.pokemonshowdown.com/js/replay-embed.js?version'+daily+'"></'+'script>');
</script>
