<!DOCTYPE html>
<meta charset="utf-8" />
<!-- version 1 -->
<title>RU replay: 10blast vs. JakePurpleshadow</title>
<style>
html,body {font-family:Verdana, sans-serif;font-size:10pt;margin:0;padding:0;}body{padding:12px 0;} .battle-log {font-family:Verdana, sans-serif;font-size:10pt;} .battle-log-inline {border:1px solid #AAAAAA;background:#EEF2F5;color:black;max-width:640px;margin:0 auto 80px;padding-bottom:5px;} .battle-log .inner {padding:4px 8px 0px 8px;} .battle-log .inner-preempt {padding:0 8px 4px 8px;} .battle-log .inner-after {margin-top:0.5em;} .battle-log h2 {margin:0.5em -8px;padding:4px 8px;border:1px solid #AAAAAA;background:#E0E7EA;border-left:0;border-right:0;font-family:Verdana, sans-serif;font-size:13pt;} .battle-log .chat {vertical-align:middle;padding:3px 0 3px 0;font-size:8pt;} .battle-log .chat strong {color:#40576A;} .battle-log .chat em {padding:1px 4px 1px 3px;color:#000000;font-style:normal;} .chat.mine {background:rgba(0,0,0,0.05);margin-left:-8px;margin-right:-8px;padding-left:8px;padding-right:8px;} .spoiler {color:#BBBBBB;background:#BBBBBB;padding:0px 3px;} .spoiler:hover, .spoiler:active, .spoiler-shown {color:#000000;background:#E2E2E2;padding:0px 3px;} .spoiler a {color:#BBBBBB;} .spoiler:hover a, .spoiler:active a, .spoiler-shown a {color:#2288CC;} .chat code, .chat .spoiler:hover code, .chat .spoiler:active code, .chat .spoiler-shown code {border:1px solid #C0C0C0;background:#EEEEEE;color:black;padding:0 2px;} .chat .spoiler code {border:1px solid #CCCCCC;background:#CCCCCC;color:#CCCCCC;} .battle-log .rated {padding:3px 4px;} .battle-log .rated strong {color:white;background:#89A;padding:1px 4px;border-radius:4px;} .spacer {margin-top:0.5em;} .message-announce {background:#6688AA;color:white;padding:1px 4px 2px;} .message-announce a, .broadcast-green a, .broadcast-blue a, .broadcast-red a {color:#DDEEFF;} .broadcast-green {background-color:#559955;color:white;padding:2px 4px;} .broadcast-blue {background-color:#6688AA;color:white;padding:2px 4px;} .infobox {border:1px solid #6688AA;padding:2px 4px;} .infobox-limited {max-height:200px;overflow:auto;overflow-x:hidden;} .broadcast-red {background-color:#AA5544;color:white;padding:2px 4px;} .message-learn-canlearn {font-weight:bold;color:#228822;text-decoration:underline;} .message-learn-cannotlearn {font-weight:bold;color:#CC2222;text-decoration:underline;} .message-effect-weak {font-weight:bold;color:#CC2222;} .message-effect-resist {font-weight:bold;color:#6688AA;} .message-effect-immune {font-weight:bold;color:#666666;} .message-learn-list {margin-top:0;margin-bottom:0;} .message-throttle-notice, .message-error {color:#992222;} .message-overflow, .chat small.message-overflow {font-size:0pt;} .message-overflow::before {font-size:9pt;content:'...';} .subtle {color:#3A4A66;}
</style>
<div class="wrapper replay-wrapper" style="max-width:1180px;margin:0 auto">
<input type="hidden" name="replayid" value="ru-536083107" />
<div class="battle"></div><div class="battle-log"></div><div class="replay-controls"></div><div class="replay-controls-2"></div>
<h1 style="font-weight:normal;text-align:center"><strong>RU</strong><br /><a href="http://pokemonshowdown.com/users/10blast" class="subtle" target="_blank">10blast</a> vs. <a href="http://pokemonshowdown.com/users/jakepurpleshadow" class="subtle" target="_blank">JakePurpleshadow</a></h1>
<script type="text/plain" class="battle-log-data">|j|10blast
|j|JakePurpleshadow
|player|p1|10blast|68
|player|p2|JakePurpleshadow|70
|gametype|singles
|gen|6
|tier|RU
|rated
|seed|26323,8224,12058,7135
|rule|Sleep Clause Mod: Limit one foe put to sleep
|rule|Species Clause: Limit one of each Pokémon
|rule|OHKO Clause: OHKO moves are banned
|rule|Moody Clause: Moody is banned
|rule|Evasion Moves Clause: Evasion moves are banned
|rule|Endless Battle Clause: Forcing endless battles is banned
|rule|HP Percentage Mod: HP is shown in percentages
|clearpoke
|poke|p1|Rhyperior, M|item
|poke|p1|Bronzong|item
|poke|p1|Slowking, F, shiny|item
|poke|p1|Clawitzer, M|item
|poke|p1|Scrafty, M|item
|poke|p1|Ambipom, M|item
|poke|p2|Hitmonlee, M|item
|poke|p2|Muk, M|item
|poke|p2|Exeggutor, M|item
|poke|p2|Carracosta, M|item
|poke|p2|Marowak, M|item
|poke|p2|Steelix, F|item
|rule|Swagger Clause: Swagger is banned
|rule|Baton Pass Clause: Limit one Baton Passer, can't pass Spe and other stats simultaneously
|teampreview
|choice|team 6, team 2, team 3, team 4, team 5, team 1|team 3, team 2, team 1, team 4, team 5, team 6
|
|start
|switch|p1a: Harambe|Ambipom, M|291\/291
|switch|p2a: Exeggutor|Exeggutor, M|394\/394
|turn|1
|choice|move fakeout|move substitute
|
|move|p1a: Harambe|Fake Out|p2a: Exeggutor
|-damage|p2a: Exeggutor|292\/394
|cant|p2a: Exeggutor|flinch
|
|upkeep
|turn|2
|choice|move uturn|move leechseed
|
|move|p1a: Harambe|U-turn|p2a: Exeggutor
|-supereffective|p2a: Exeggutor
|-damage|p2a: Exeggutor|28\/394
|-enditem|p2a: Exeggutor|Sitrus Berry|[eat]
|-heal|p2a: Exeggutor|126\/394|[from] item: Sitrus Berry
|choice|switch 2|
|
|switch|p1a: Bronzong|Bronzong|276\/276
|move|p2a: Exeggutor|Leech Seed|p1a: Bronzong
|-start|p1a: Bronzong|move: Leech Seed
|
|-damage|p1a: Bronzong|242\/276|[from] Leech Seed|[of] p2a: Exeggutor
|-heal|p2a: Exeggutor|160\/394|[silent]
|-item|p2a: Exeggutor|Sitrus Berry|[from] ability: Harvest
|upkeep
|-enditem|p2a: Exeggutor|Sitrus Berry|[eat]
|-heal|p2a: Exeggutor|258\/394|[from] item: Sitrus Berry
|turn|3
|choice|switch 2|move substitute
|
|switch|p1a: Harambe|Ambipom, M|291\/291
|move|p2a: Exeggutor|Substitute|p2a: Exeggutor
|-start|p2a: Exeggutor|Substitute
|-damage|p2a: Exeggutor|160\/394
|
|upkeep
|turn|4
|choice|move fakeout|move leechseed
|
|move|p1a: Harambe|Fake Out|p2a: Exeggutor
|-activate|p2a: Exeggutor|move: Substitute|[damage]
|move|p2a: Exeggutor|Leech Seed|p1a: Harambe
|-start|p1a: Harambe|move: Leech Seed
|
|-damage|p1a: Harambe|255\/291|[from] Leech Seed|[of] p2a: Exeggutor
|-heal|p2a: Exeggutor|196\/394|[silent]
|upkeep
|turn|5
|choice|move uturn|move psychic
|
|move|p1a: Harambe|U-turn|p2a: Exeggutor
|-supereffective|p2a: Exeggutor
|-end|p2a: Exeggutor|Substitute
|choice|switch 4|
|
|switch|p1a: Clawitzer|Clawitzer, M|284\/284
|move|p2a: Exeggutor|Psychic|p1a: Clawitzer
|-damage|p1a: Clawitzer|221\/284
|
|upkeep
|turn|6
|choice|move darkpulse|move leechseed
|
|move|p1a: Clawitzer|Dark Pulse|p2a: Exeggutor
|-supereffective|p2a: Exeggutor
|-crit|p2a: Exeggutor
|-damage|p2a: Exeggutor|0 fnt
|faint|p2a: Exeggutor
|
|upkeep
|choice||switch 3
|
|switch|p2a: Hitmonlee|Hitmonlee, M|242\/242
|turn|7
|choice|switch 3|move fakeout
|
|switch|p1a: Slowking|Slowking, F, shiny|394\/394
|move|p2a: Hitmonlee|Fake Out|p1a: Slowking
|-enditem|p2a: Hitmonlee|Normal Gem|[from] gem|[move] Fake Out
|-damage|p1a: Slowking|340\/394
|
|-heal|p1a: Slowking|364\/394|[from] item: Leftovers
|upkeep
|turn|8
|choice|move toxic|move poisonjab
|
|move|p2a: Hitmonlee|Poison Jab|p1a: Slowking
|-damage|p1a: Slowking|278\/394
|move|p1a: Slowking|Toxic|p2a: Hitmonlee
|-status|p2a: Hitmonlee|tox
|
|-heal|p1a: Slowking|302\/394|[from] item: Leftovers
|-damage|p2a: Hitmonlee|227\/242 tox|[from] psn
|upkeep
|turn|9
|choice|move calmmind|move poisonjab
|
|move|p2a: Hitmonlee|Poison Jab|p1a: Slowking
|-damage|p1a: Slowking|226\/394
|move|p1a: Slowking|Calm Mind|p1a: Slowking
|-boost|p1a: Slowking|spa|1
|-boost|p1a: Slowking|spd|1
|
|-heal|p1a: Slowking|250\/394|[from] item: Leftovers
|-damage|p2a: Hitmonlee|197\/242 tox|[from] psn
|upkeep
|turn|10
|choice|move psyshock|move highjumpkick
|
|move|p2a: Hitmonlee|High Jump Kick|p1a: Slowking
|-resisted|p1a: Slowking
|-damage|p1a: Slowking|153\/394
|move|p1a: Slowking|Psyshock|p2a: Hitmonlee
|-supereffective|p2a: Hitmonlee
|-damage|p2a: Hitmonlee|0 fnt
|faint|p2a: Hitmonlee
|
|-heal|p1a: Slowking|177\/394|[from] item: Leftovers
|upkeep
|choice||switch 2
|
|switch|p2a: Muk|Muk, M|414\/414
|turn|11
|choice|move psyshock|move curse
|
|move|p2a: Muk|Curse|p2a: Muk
|-unboost|p2a: Muk|spe|1
|-boost|p2a: Muk|atk|1
|-boost|p2a: Muk|def|1
|move|p1a: Slowking|Psyshock|p2a: Muk
|-supereffective|p2a: Muk
|-damage|p2a: Muk|180\/414
|
|-heal|p1a: Slowking|201\/394|[from] item: Leftovers
|-heal|p2a: Muk|205\/414|[from] item: Black Sludge
|upkeep
|turn|12
|choice|move psyshock|move shadowsneak
|
|move|p2a: Muk|Shadow Sneak|p1a: Slowking
|-supereffective|p1a: Slowking
|-damage|p1a: Slowking|123\/394
|move|p1a: Slowking|Psyshock|p2a: Muk
|-supereffective|p2a: Muk
|-damage|p2a: Muk|0 fnt
|faint|p2a: Muk
|
|-heal|p1a: Slowking|147\/394|[from] item: Leftovers
|upkeep
|choice||switch 5
|
|switch|p2a: Marowak|Marowak, M|262\/262
|turn|13
|choice|switch 6|move knockoff
|
|switch|p1a: Rhyperior|Rhyperior, M|434\/434
|move|p2a: Marowak|Knock Off|p1a: Rhyperior
|-damage|p1a: Rhyperior|284\/434
|-enditem|p1a: Rhyperior|Leftovers|[from] move: Knock Off|[of] p2a: Marowak
|
|upkeep
|turn|14
|choice|move poweruppunch|move earthquake
|
|move|p2a: Marowak|Earthquake|p1a: Rhyperior
|-supereffective|p1a: Rhyperior
|-damage|p1a: Rhyperior|0 fnt
|faint|p1a: Rhyperior
|
|upkeep
|choice|switch 4|
|
|switch|p1a: Harambe|Ambipom, M|255\/291
|turn|15
|choice|move fakeout|move earthquake
|
|move|p1a: Harambe|Fake Out|p2a: Marowak
|-damage|p2a: Marowak|166\/262
|cant|p2a: Marowak|flinch
|
|upkeep
|turn|16
|choice|move uturn|move earthquake
|
|move|p1a: Harambe|U-turn|p2a: Marowak
|-damage|p2a: Marowak|100\/262
|choice|switch 2|
|
|switch|p1a: Bronzong|Bronzong|242\/276
|move|p2a: Marowak|Earthquake|p1a: Bronzong
|-immune|p1a: Bronzong|[msg]|[from] ability: Levitate
|
|upkeep
|turn|17
|choice|move reflect|move knockoff
|
|move|p2a: Marowak|Knock Off|p1a: Bronzong
|-supereffective|p1a: Bronzong
|-damage|p1a: Bronzong|10\/276
|-enditem|p1a: Bronzong|Light Clay|[from] move: Knock Off|[of] p2a: Marowak
|move|p1a: Bronzong|Reflect|p1a: Bronzong
|-sidestart|p1: 10blast|Reflect
|
|upkeep
|turn|18
|choice|switch 5|move knockoff
|
|switch|p1a: Scrafty|Scrafty, M|271\/271
|move|p2a: Marowak|Knock Off|p1a: Scrafty
|-resisted|p1a: Scrafty
|-damage|p1a: Scrafty|250\/271
|-enditem|p1a: Scrafty|Life Orb|[from] move: Knock Off|[of] p2a: Marowak
|
|upkeep
|turn|19
|choice|move dragondance|move earthquake
|
|move|p1a: Scrafty|Dragon Dance|p1a: Scrafty
|-boost|p1a: Scrafty|atk|1
|-boost|p1a: Scrafty|spe|1
|move|p2a: Marowak|Earthquake|p1a: Scrafty
|-damage|p1a: Scrafty|131\/271
|
|upkeep
|turn|20
|choice|move icepunch|move earthquake
|
|move|p1a: Scrafty|Ice Punch|p2a: Marowak
|-supereffective|p2a: Marowak
|-damage|p2a: Marowak|0 fnt
|faint|p2a: Marowak
|
|upkeep
|choice||switch 6
|
|switch|p2a: Steelix|Steelix, F|354\/354
|turn|21
|choice|move drainpunch|move earthquake
|
|move|p1a: Scrafty|Drain Punch|p2a: Steelix
|-supereffective|p2a: Steelix
|-damage|p2a: Steelix|220\/354
|-heal|p1a: Scrafty|198\/271|[from] drain|[of] p2a: Steelix
|move|p2a: Steelix|Earthquake|p1a: Scrafty
|-damage|p1a: Scrafty|148\/271
|
|-heal|p2a: Steelix|242\/354|[from] item: Leftovers
|-sideend|p1: 10blast|Reflect
|upkeep
|turn|22
|choice|switch 5|move earthquake
|
|switch|p1a: Bronzong|Bronzong|10\/276
|move|p2a: Steelix|Earthquake|p1a: Bronzong
|-immune|p1a: Bronzong|[msg]|[from] ability: Levitate
|
|-heal|p2a: Steelix|264\/354|[from] item: Leftovers
|upkeep
|turn|23
|choice|move reflect|move firefang
|
|move|p2a: Steelix|Fire Fang|p1a: Bronzong
|-supereffective|p1a: Bronzong
|-damage|p1a: Bronzong|0 fnt
|faint|p1a: Bronzong
|
|-heal|p2a: Steelix|286\/354|[from] item: Leftovers
|upkeep
|choice|switch 3|
|
|switch|p1a: Clawitzer|Clawitzer, M|221\/284
|turn|24
|choice|move scald|move ironhead
|
|move|p1a: Clawitzer|Scald|p2a: Steelix
|-supereffective|p2a: Steelix
|-damage|p2a: Steelix|0 fnt
|faint|p2a: Steelix
|
|upkeep
|choice||switch 4
|
|switch|p2a: Carracosta|Carracosta, M|289\/289
|turn|25
|choice|move flashcannon|move shellsmash
|
|move|p2a: Carracosta|Shell Smash|p2a: Carracosta
|-unboost|p2a: Carracosta|def|1
|-unboost|p2a: Carracosta|spd|1
|-boost|p2a: Carracosta|atk|2
|-boost|p2a: Carracosta|spa|2
|-boost|p2a: Carracosta|spe|2
|move|p1a: Clawitzer|Flash Cannon|p2a: Carracosta
|-damage|p2a: Carracosta|108\/289
|
|upkeep
|turn|26
|choice|move flashcannon|move stoneedge
|
|move|p2a: Carracosta|Stone Edge|p1a: Clawitzer
|-damage|p1a: Clawitzer|0 fnt
|faint|p1a: Clawitzer
|
|upkeep
|choice|switch 2|
|
|switch|p1a: Harambe|Ambipom, M|255\/291
|turn|27
|choice|move fakeout|move aquajet
|
|move|p1a: Harambe|Fake Out|p2a: Carracosta
|-resisted|p2a: Carracosta
|-damage|p2a: Carracosta|43\/289
|cant|p2a: Carracosta|flinch
|
|upkeep
|turn|28
|choice|switch 5|move aquajet
|
|switch|p1a: Scrafty|Scrafty, M|148\/271
|move|p2a: Carracosta|Aqua Jet|p1a: Scrafty
|-damage|p1a: Scrafty|40\/271
|
|upkeep
|turn|29
|choice|move drainpunch|move aquajet
|
|move|p2a: Carracosta|Aqua Jet|p1a: Scrafty
|-damage|p1a: Scrafty|0 fnt
|faint|p1a: Scrafty
|
|upkeep
|choice|switch 5|
|
|switch|p1a: Harambe|Ambipom, M|255\/291
|turn|30
|choice|move fakeout|move aquajet
|
|move|p1a: Harambe|Fake Out|p2a: Carracosta
|-resisted|p2a: Carracosta
|-damage|p2a: Carracosta|0 fnt
|faint|p2a: Carracosta
|
|win|10blast
|player|p1
|player|p2
|raw|10blast's rating: 1071 &rarr; <strong>1095<\/strong><br \/>(+24 for winning)
|raw|JakePurpleshadow's rating: 1000 &rarr; <strong>1000<\/strong><br \/>(+0 for losing)
|c|★10blast|gg
|c|★JakePurpleshadow|gg
|l|JakePurpleshadow</script>
</div>
<div class="battle-log battle-log-inline"><div class="inner"><div class="battle-options"></div><div class="inner"><div class="chat"><small>10blast joined.</small></div><div class="chat"><small>JakePurpleshadow joined.</small></div><div class=""><small>Format:</small> <br><strong>RU</strong></div><div class="rated"><strong>Rated battle</strong></div><div class=""><small><em>Sleep Clause Mod:</em> Limit one foe put to sleep</small></div><div class=""><small><em>Species Clause:</em> Limit one of each Pokémon</small></div><div class=""><small><em>OHKO Clause:</em> OHKO moves are banned</small></div><div class=""><small><em>Moody Clause:</em> Moody is banned</small></div><div class=""><small><em>Evasion Moves Clause:</em> Evasion moves are banned</small></div><div class=""><small><em>Endless Battle Clause:</em> Forcing endless battles is banned</small></div><div class=""><small><em>HP Percentage Mod:</em> HP is shown in percentages</small></div><div class=""><small><em>Swagger Clause:</em> Swagger is banned</small></div><div class=""><small><em>Baton Pass Clause:</em> Limit one Baton Passer, can't pass Spe and other stats simultaneously</small></div><div class="chat battle-history"><strong>10blast's team:</strong> <em style="color:#445566;display:block;">Rhyperior / Bronzong / Slowking / Clawitzer / Scrafty / Ambipom</em></div><div class="chat battle-history"><strong>JakePurpleshadow's team:</strong> <em style="color:#445566;display:block;">Hitmonlee / Muk / Exeggutor / Carracosta / Marowak / Steelix</em></div><div class="spacer battle-history"><br></div><div class="battle-history">Battle started between 10blast and JakePurpleshadow!<br></div><div class="spacer battle-history"><br></div><div class="battle-history">Go! Harambe (<strong>Ambipom</strong>)!<br></div><div class="spacer battle-history"><br></div><div class="battle-history">JakePurpleshadow sent out <strong>Exeggutor</strong>!<br></div><div class="spacer battle-history"><br></div><h2 class="battle-history">Turn 1</h2><div class="spacer battle-history"><br></div><div class="battle-history">Harambe used <strong>Fake Out</strong>!<br></div><div class="battle-history"><small>(The opposing Exeggutor lost <abbr title="−102/394">25.9%</abbr> of its health!)</small><br></div><div class="spacer battle-history"><br></div><div class="battle-history">The opposing Exeggutor flinched and couldn't move!<br></div><div class="spacer battle-history"><br></div><h2 class="battle-history">Turn 2</h2><div class="spacer battle-history"><br></div><div class="battle-history">Harambe used <strong>U-turn</strong>!<br></div><div class="battle-history"><small>It's super effective!</small><br></div><div class="battle-history"><small>(The opposing Exeggutor lost <abbr title="−264/394">67.0%</abbr> of its health!)</small><br></div><div class="battle-history"><small>The opposing Exeggutor ate its Sitrus Berry!</small><br></div><div class="battle-history"><small>The opposing Exeggutor restored HP using its Sitrus Berry!</small><br></div><div class="spacer battle-history"><br></div><div class="battle-history">Harambe went back to 10blast!<br></div><div class="battle-history">Go! <strong>Bronzong</strong>!<br></div><div class="spacer battle-history"><br></div><div class="battle-history">The opposing Exeggutor used <strong>Leech Seed</strong>!<br></div><div class="battle-history"><small>Bronzong was seeded!</small><br></div><div class="spacer battle-history"><br></div><div class="battle-history"><small>Bronzong's health is sapped by Leech Seed!</small><br></div><div class="battle-history"><small>[The opposing Exeggutor's Harvest]</small><br><small>The opposing Exeggutor harvested one Sitrus Berry!</small><br></div><div class="spacer battle-history"><br></div><div class="battle-history"><small>The opposing Exeggutor ate its Sitrus Berry!</small><br></div><div class="battle-history"><small>The opposing Exeggutor restored HP using its Sitrus Berry!</small><br></div><div class="spacer battle-history"><br></div><h2 class="battle-history">Turn 3</h2><div class="spacer battle-history"><br></div><div class="battle-history">Bronzong, come back!<br></div><div class="battle-history">Go! Harambe (<strong>Ambipom</strong>)!<br></div><div class="spacer battle-history"><br></div><div class="battle-history">The opposing Exeggutor used <strong>Substitute</strong>!<br></div><div class="battle-history"><small>The opposing Exeggutor put in a substitute!</small><br></div><div class="battle-history"><small>(The opposing Exeggutor lost <abbr title="−98/394">24.9%</abbr> of its health!)</small><br></div><div class="spacer battle-history"><br></div><h2 class="battle-history">Turn 4</h2><div class="spacer battle-history"><br></div><div class="battle-history">Harambe used <strong>Fake Out</strong>!<br></div><div class="battle-history"><small>The substitute took damage for the opposing Exeggutor!</small><br></div><div class="spacer battle-history"><br></div><div class="battle-history">The opposing Exeggutor used <strong>Leech Seed</strong>!<br></div><div class="battle-history"><small>Harambe was seeded!</small><br></div><div class="spacer battle-history"><br></div><div class="battle-history"><small>Harambe's health is sapped by Leech Seed!</small><br></div><div class="spacer battle-history"><br></div><h2 class="battle-history">Turn 5</h2><div class="spacer battle-history"><br></div><div class="battle-history">Harambe used <strong>U-turn</strong>!<br></div><div class="battle-history"><small>It's super effective!</small><br></div><div class="battle-history"><small>The opposing Exeggutor's substitute faded!</small><br></div><div class="spacer battle-history"><br></div><div class="battle-history">Harambe went back to 10blast!<br></div><div class="battle-history">Go! <strong>Clawitzer</strong>!<br></div><div class="spacer battle-history"><br></div><div class="battle-history">The opposing Exeggutor used <strong>Psychic</strong>!<br></div><div class="battle-history"><small>(Clawitzer lost <abbr title="−63/284">22.2%</abbr> of its health!)</small><br></div><div class="spacer battle-history"><br></div><h2 class="battle-history">Turn 6</h2><div class="spacer battle-history"><br></div><div class="battle-history">Clawitzer used <strong>Dark Pulse</strong>!<br></div><div class="battle-history"><small>It's super effective!</small><br></div><div class="battle-history"><small>A critical hit!</small><br></div><div class="battle-history"><small>(The opposing Exeggutor lost <abbr title="−196/394">49.7%</abbr> of its health!)</small><br></div><div class="spacer battle-history"><br></div><div class="battle-history">The opposing Exeggutor fainted!<br></div><div class="spacer battle-history"><br></div><div class="battle-history">JakePurpleshadow sent out <strong>Hitmonlee</strong>!<br></div><div class="spacer battle-history"><br></div><h2 class="battle-history">Turn 7</h2><div class="spacer battle-history"><br></div><div class="battle-history">Clawitzer, come back!<br></div><div class="battle-history">Go! <strong>Slowking</strong>!<br></div><div class="spacer battle-history"><br></div><div class="battle-history">The opposing Hitmonlee used <strong>Fake Out</strong>!<br></div><div class="battle-history"><small>The Normal Gem strengthened the opposing Hitmonlee's power!</small><br></div><div class="battle-history"><small>(Slowking lost <abbr title="−54/394">13.7%</abbr> of its health!)</small><br></div><div class="spacer battle-history"><br></div><div class="battle-history"><small>Slowking restored a little HP using its Leftovers!</small><br></div><div class="spacer battle-history"><br></div><h2 class="battle-history">Turn 8</h2><div class="spacer battle-history"><br></div><div class="battle-history">The opposing Hitmonlee used <strong>Poison Jab</strong>!<br></div><div class="battle-history"><small>(Slowking lost <abbr title="−86/394">21.8%</abbr> of its health!)</small><br></div><div class="spacer battle-history"><br></div><div class="battle-history">Slowking used <strong>Toxic</strong>!<br></div><div class="battle-history"><small>The opposing Hitmonlee was badly poisoned!</small><br></div><div class="spacer battle-history"><br></div><div class="battle-history"><small>Slowking restored a little HP using its Leftovers!</small><br></div><div class="battle-history"><small>The opposing Hitmonlee was hurt by poison!</small><br></div><div class="spacer battle-history"><br></div><h2 class="battle-history">Turn 9</h2><div class="spacer battle-history"><br></div><div class="battle-history">The opposing Hitmonlee used <strong>Poison Jab</strong>!<br></div><div class="battle-history"><small>(Slowking lost <abbr title="−76/394">19.3%</abbr> of its health!)</small><br></div><div class="spacer battle-history"><br></div><div class="battle-history">Slowking used <strong>Calm Mind</strong>!<br></div><div class="battle-history"><small>Slowking's Special Attack rose!</small><br></div><div class="battle-history"><small>Slowking's Special Defense rose!</small><br></div><div class="spacer battle-history"><br></div><div class="battle-history"><small>Slowking restored a little HP using its Leftovers!</small><br></div><div class="battle-history"><small>The opposing Hitmonlee was hurt by poison!</small><br></div><div class="spacer battle-history"><br></div><h2 class="battle-history">Turn 10</h2><div class="spacer battle-history"><br></div><div class="battle-history">The opposing Hitmonlee used <strong>High Jump Kick</strong>!<br></div><div class="battle-history"><small>It's not very effective...</small><br></div><div class="battle-history"><small>(Slowking lost <abbr title="−97/394">24.6%</abbr> of its health!)</small><br></div><div class="spacer battle-history"><br></div><div class="battle-history">Slowking used <strong>Psyshock</strong>!<br></div><div class="battle-history"><small>It's super effective!</small><br></div><div class="battle-history"><small>(The opposing Hitmonlee lost <abbr title="−197/242">81.4%</abbr> of its health!)</small><br></div><div class="spacer battle-history"><br></div><div class="battle-history">The opposing Hitmonlee fainted!<br></div><div class="spacer battle-history"><br></div><div class="battle-history"><small>Slowking restored a little HP using its Leftovers!</small><br></div><div class="spacer battle-history"><br></div><div class="battle-history">JakePurpleshadow sent out <strong>Muk</strong>!<br></div><div class="spacer battle-history"><br></div><h2 class="battle-history">Turn 11</h2><div class="spacer battle-history"><br></div><div class="battle-history">The opposing Muk used <strong>Curse</strong>!<br></div><div class="battle-history"><small>The opposing Muk's Speed fell!</small><br></div><div class="battle-history"><small>The opposing Muk's Attack rose!</small><br></div><div class="battle-history"><small>The opposing Muk's Defense rose!</small><br></div><div class="spacer battle-history"><br></div><div class="battle-history">Slowking used <strong>Psyshock</strong>!<br></div><div class="battle-history"><small>It's super effective!</small><br></div><div class="battle-history"><small>(The opposing Muk lost <abbr title="−234/414">56.5%</abbr> of its health!)</small><br></div><div class="spacer battle-history"><br></div><div class="battle-history"><small>Slowking restored a little HP using its Leftovers!</small><br></div><div class="battle-history"><small>The opposing Muk restored a little HP using its Black Sludge!</small><br></div><div class="spacer battle-history"><br></div><h2 class="battle-history">Turn 12</h2><div class="spacer battle-history"><br></div><div class="battle-history">The opposing Muk used <strong>Shadow Sneak</strong>!<br></div><div class="battle-history"><small>It's super effective!</small><br></div><div class="battle-history"><small>(Slowking lost <abbr title="−78/394">19.8%</abbr> of its health!)</small><br></div><div class="spacer battle-history"><br></div><div class="battle-history">Slowking used <strong>Psyshock</strong>!<br></div><div class="battle-history"><small>It's super effective!</small><br></div><div class="battle-history"><small>(The opposing Muk lost <abbr title="−205/414">49.5%</abbr> of its health!)</small><br></div><div class="spacer battle-history"><br></div><div class="battle-history">The opposing Muk fainted!<br></div><div class="spacer battle-history"><br></div><div class="battle-history"><small>Slowking restored a little HP using its Leftovers!</small><br></div><div class="spacer battle-history"><br></div><div class="battle-history">JakePurpleshadow sent out <strong>Marowak</strong>!<br></div><div class="spacer battle-history"><br></div><h2 class="battle-history">Turn 13</h2><div class="spacer battle-history"><br></div><div class="battle-history">Slowking, come back!<br></div><div class="battle-history">Go! <strong>Rhyperior</strong>!<br></div><div class="spacer battle-history"><br></div><div class="battle-history">The opposing Marowak used <strong>Knock Off</strong>!<br></div><div class="battle-history"><small>(Rhyperior lost <abbr title="−150/434">34.6%</abbr> of its health!)</small><br></div><div class="battle-history"><small>The opposing Marowak knocked off Rhyperior's Leftovers!</small><br></div><div class="spacer battle-history"><br></div><h2 class="battle-history">Turn 14</h2><div class="spacer battle-history"><br></div><div class="battle-history">The opposing Marowak used <strong>Earthquake</strong>!<br></div><div class="battle-history"><small>It's super effective!</small><br></div><div class="battle-history"><small>(Rhyperior lost <abbr title="−284/434">65.4%</abbr> of its health!)</small><br></div><div class="spacer battle-history"><br></div><div class="battle-history">Rhyperior fainted!<br></div><div class="spacer battle-history"><br></div><div class="battle-history">Go! Harambe (<strong>Ambipom</strong>)!<br></div><div class="spacer battle-history"><br></div><h2 class="battle-history">Turn 15</h2><div class="spacer battle-history"><br></div><div class="battle-history">Harambe used <strong>Fake Out</strong>!<br></div><div class="battle-history"><small>(The opposing Marowak lost <abbr title="−96/262">36.6%</abbr> of its health!)</small><br></div><div class="spacer battle-history"><br></div><div class="battle-history">The opposing Marowak flinched and couldn't move!<br></div><div class="spacer battle-history"><br></div><h2 class="battle-history">Turn 16</h2><div class="spacer battle-history"><br></div><div class="battle-history">Harambe used <strong>U-turn</strong>!<br></div><div class="battle-history"><small>(The opposing Marowak lost <abbr title="−66/262">25.2%</abbr> of its health!)</small><br></div><div class="spacer battle-history"><br></div><div class="battle-history">Harambe went back to 10blast!<br></div><div class="battle-history">Go! <strong>Bronzong</strong>!<br></div><div class="spacer battle-history"><br></div><div class="battle-history">The opposing Marowak used <strong>Earthquake</strong>!<br></div><div class="battle-history"><small>[Bronzong's Levitate]</small><br><small>It doesn't affect Bronzong...</small><br></div><div class="spacer battle-history"><br></div><h2 class="battle-history">Turn 17</h2><div class="spacer battle-history"><br></div><div class="battle-history">The opposing Marowak used <strong>Knock Off</strong>!<br></div><div class="battle-history"><small>It's super effective!</small><br></div><div class="battle-history"><small>(Bronzong lost <abbr title="−232/276">84.1%</abbr> of its health!)</small><br></div><div class="battle-history"><small>The opposing Marowak knocked off Bronzong's Light Clay!</small><br></div><div class="spacer battle-history"><br></div><div class="battle-history">Bronzong used <strong>Reflect</strong>!<br></div><div class="battle-history"><small>Reflect made your team stronger against physical moves!</small><br></div><div class="spacer battle-history"><br></div><h2 class="battle-history">Turn 18</h2><div class="spacer battle-history"><br></div><div class="battle-history">Bronzong, come back!<br></div><div class="battle-history">Go! <strong>Scrafty</strong>!<br></div><div class="spacer battle-history"><br></div><div class="battle-history">The opposing Marowak used <strong>Knock Off</strong>!<br></div><div class="battle-history"><small>It's not very effective...</small><br></div><div class="battle-history"><small>(Scrafty lost <abbr title="−21/271">7.7%</abbr> of its health!)</small><br></div><div class="battle-history"><small>The opposing Marowak knocked off Scrafty's Life Orb!</small><br></div><div class="spacer battle-history"><br></div><h2 class="battle-history">Turn 19</h2><div class="spacer battle-history"><br></div><div class="battle-history">Scrafty used <strong>Dragon Dance</strong>!<br></div><div class="battle-history"><small>Scrafty's Attack rose!</small><br></div><div class="battle-history"><small>Scrafty's Speed rose!</small><br></div><div class="spacer battle-history"><br></div><div class="battle-history">The opposing Marowak used <strong>Earthquake</strong>!<br></div><div class="battle-history"><small>(Scrafty lost <abbr title="−119/271">43.9%</abbr> of its health!)</small><br></div><div class="spacer battle-history"><br></div><h2 class="battle-history">Turn 20</h2><div class="spacer battle-history"><br></div><div class="battle-history">Scrafty used <strong>Ice Punch</strong>!<br></div><div class="battle-history"><small>It's super effective!</small><br></div><div class="battle-history"><small>(The opposing Marowak lost <abbr title="−100/262">38.2%</abbr> of its health!)</small><br></div><div class="spacer battle-history"><br></div><div class="battle-history">The opposing Marowak fainted!<br></div><div class="spacer battle-history"><br></div><div class="battle-history">JakePurpleshadow sent out <strong>Steelix</strong>!<br></div><div class="spacer battle-history"><br></div><h2 class="battle-history">Turn 21</h2><div class="spacer battle-history"><br></div><div class="battle-history">Scrafty used <strong>Drain Punch</strong>!<br></div><div class="battle-history"><small>It's super effective!</small><br></div><div class="battle-history"><small>(The opposing Steelix lost <abbr title="−134/354">37.9%</abbr> of its health!)</small><br></div><div class="battle-history"><small>The opposing Steelix had its energy drained!</small><br></div><div class="spacer battle-history"><br></div><div class="battle-history">The opposing Steelix used <strong>Earthquake</strong>!<br></div><div class="battle-history"><small>(Scrafty lost <abbr title="−50/271">18.5%</abbr> of its health!)</small><br></div><div class="spacer battle-history"><br></div><div class="battle-history"><small>The opposing Steelix restored a little HP using its Leftovers!</small><br></div><div class="battle-history"><small>Your team's Reflect wore off!</small><br></div><div class="spacer battle-history"><br></div><h2 class="battle-history">Turn 22</h2><div class="spacer battle-history"><br></div><div class="battle-history">Scrafty, come back!<br></div><div class="battle-history">Go! <strong>Bronzong</strong>!<br></div><div class="spacer battle-history"><br></div><div class="battle-history">The opposing Steelix used <strong>Earthquake</strong>!<br></div><div class="battle-history"><small>[Bronzong's Levitate]</small><br><small>It doesn't affect Bronzong...</small><br></div><div class="spacer battle-history"><br></div><div class="battle-history"><small>The opposing Steelix restored a little HP using its Leftovers!</small><br></div><div class="spacer battle-history"><br></div><h2 class="battle-history">Turn 23</h2><div class="spacer battle-history"><br></div><div class="battle-history">The opposing Steelix used <strong>Fire Fang</strong>!<br></div><div class="battle-history"><small>It's super effective!</small><br></div><div class="battle-history"><small>(Bronzong lost <abbr title="−10/276">3.6%</abbr> of its health!)</small><br></div><div class="spacer battle-history"><br></div><div class="battle-history">Bronzong fainted!<br></div><div class="spacer battle-history"><br></div><div class="battle-history"><small>The opposing Steelix restored a little HP using its Leftovers!</small><br></div><div class="spacer battle-history"><br></div><div class="battle-history">Go! <strong>Clawitzer</strong>!<br></div><div class="spacer battle-history"><br></div><h2 class="battle-history">Turn 24</h2><div class="spacer battle-history"><br></div><div class="battle-history">Clawitzer used <strong>Scald</strong>!<br></div><div class="battle-history"><small>It's super effective!</small><br></div><div class="battle-history"><small>(The opposing Steelix lost <abbr title="−286/354">80.8%</abbr> of its health!)</small><br></div><div class="spacer battle-history"><br></div><div class="battle-history">The opposing Steelix fainted!<br></div><div class="spacer battle-history"><br></div><div class="battle-history">JakePurpleshadow sent out <strong>Carracosta</strong>!<br></div><div class="spacer battle-history"><br></div><h2 class="battle-history">Turn 25</h2><div class="spacer battle-history"><br></div><div class="battle-history">The opposing Carracosta used <strong>Shell Smash</strong>!<br></div><div class="battle-history"><small>The opposing Carracosta's Defense fell!</small><br></div><div class="battle-history"><small>The opposing Carracosta's Special Defense fell!</small><br></div><div class="battle-history"><small>The opposing Carracosta's Attack rose sharply!</small><br></div><div class="battle-history"><small>The opposing Carracosta's Special Attack rose sharply!</small><br></div><div class="battle-history"><small>The opposing Carracosta's Speed rose sharply!</small><br></div><div class="spacer battle-history"><br></div><div class="battle-history">Clawitzer used <strong>Flash Cannon</strong>!<br></div><div class="battle-history"><small>(The opposing Carracosta lost <abbr title="−181/289">62.6%</abbr> of its health!)</small><br></div><div class="spacer battle-history"><br></div><h2 class="battle-history">Turn 26</h2><div class="spacer battle-history"><br></div><div class="battle-history">The opposing Carracosta used <strong>Stone Edge</strong>!<br></div><div class="battle-history"><small>(Clawitzer lost <abbr title="−221/284">77.8%</abbr> of its health!)</small><br></div><div class="spacer battle-history"><br></div><div class="battle-history">Clawitzer fainted!<br></div><div class="spacer battle-history"><br></div><div class="battle-history">Go! Harambe (<strong>Ambipom</strong>)!<br></div><div class="spacer battle-history"><br></div><h2 class="battle-history">Turn 27</h2><div class="spacer battle-history"><br></div><div class="battle-history">Harambe used <strong>Fake Out</strong>!<br></div><div class="battle-history"><small>It's not very effective...</small><br></div><div class="battle-history"><small>(The opposing Carracosta lost <abbr title="−65/289">22.5%</abbr> of its health!)</small><br></div><div class="spacer battle-history"><br></div><div class="battle-history">The opposing Carracosta flinched and couldn't move!<br></div><div class="spacer battle-history"><br></div><h2 class="battle-history">Turn 28</h2><div class="spacer battle-history"><br></div><div class="battle-history">Harambe, come back!<br></div><div class="battle-history">Go! <strong>Scrafty</strong>!<br></div><div class="spacer battle-history"><br></div><div class="battle-history">The opposing Carracosta used <strong>Aqua Jet</strong>!<br></div><div class="battle-history"><small>(Scrafty lost <abbr title="−108/271">39.9%</abbr> of its health!)</small><br></div><div class="spacer battle-history"><br></div><h2 class="battle-history">Turn 29</h2><div class="spacer battle-history"><br></div><div class="battle-history">The opposing Carracosta used <strong>Aqua Jet</strong>!<br></div><div class="battle-history"><small>(Scrafty lost <abbr title="−40/271">14.8%</abbr> of its health!)</small><br></div><div class="spacer battle-history"><br></div><div class="battle-history">Scrafty fainted!<br></div><div class="spacer battle-history"><br></div><div class="battle-history">Go! Harambe (<strong>Ambipom</strong>)!<br></div><div class="spacer battle-history"><br></div><h2 class="battle-history">Turn 30</h2><div class="spacer battle-history"><br></div><div class="battle-history">Harambe used <strong>Fake Out</strong>!<br></div><div class="battle-history"><small>It's not very effective...</small><br></div><div class="battle-history"><small>(The opposing Carracosta lost <abbr title="−43/289">14.9%</abbr> of its health!)</small><br></div><div class="spacer battle-history"><br></div><div class="battle-history">The opposing Carracosta fainted!<br></div><div class="spacer battle-history"><br></div><div class="battle-history"><strong>10blast</strong> won the battle!<br></div><div class="chat">10blast's rating: 1071 → <strong>1095</strong><br>(+24 for winning)</div><div class="chat">JakePurpleshadow's rating: 1000 → <strong>1000</strong><br>(+0 for losing)</div><div class="chat chatmessage-10blast"><strong style="color:hsl(159,45%,45.164061557754884%)"><small>★</small><span class="username" data-name="10blast">10blast</span>:</strong> <em>gg</em></div><div class="chat chatmessage-jakepurpleshadow"><strong style="color:hsl(258,76%,57.9739394366496%)"><small>★</small><span class="username" data-name="JakePurpleshadow">JakePurpleshadow</span>:</strong> <em>gg</em></div><div class="chat"><small>JakePurpleshadow left.</small></div></div><div class="inner-preempt"></div></div></div>
</div>
<script>
let daily = Math.floor(Date.now()/1000/60/60/24);document.write('<script src="https://play.pokemonshowdown.com/js/replay-embed.js?version'+daily+'"></'+'script>');
</script>
