<!DOCTYPE html>
<meta charset="utf-8" />
<!-- version 1 -->
<title>RU replay: Accelgor vs. Roseybear</title>
<style>
html,body {font-family:Verdana, sans-serif;font-size:10pt;margin:0;padding:0;}body{padding:12px 0;} .battle-log {font-family:Verdana, sans-serif;font-size:10pt;} .battle-log-inline {border:1px solid #AAAAAA;background:#EEF2F5;color:black;max-width:640px;margin:0 auto 80px;padding-bottom:5px;} .battle-log .inner {padding:4px 8px 0px 8px;} .battle-log .inner-preempt {padding:0 8px 4px 8px;} .battle-log .inner-after {margin-top:0.5em;} .battle-log h2 {margin:0.5em -8px;padding:4px 8px;border:1px solid #AAAAAA;background:#E0E7EA;border-left:0;border-right:0;font-family:Verdana, sans-serif;font-size:13pt;} .battle-log .chat {vertical-align:middle;padding:3px 0 3px 0;font-size:8pt;} .battle-log .chat strong {color:#40576A;} .battle-log .chat em {padding:1px 4px 1px 3px;color:#000000;font-style:normal;} .chat.mine {background:rgba(0,0,0,0.05);margin-left:-8px;margin-right:-8px;padding-left:8px;padding-right:8px;} .spoiler {color:#BBBBBB;background:#BBBBBB;padding:0px 3px;} .spoiler:hover, .spoiler:active, .spoiler-shown {color:#000000;background:#E2E2E2;padding:0px 3px;} .spoiler a {color:#BBBBBB;} .spoiler:hover a, .spoiler:active a, .spoiler-shown a {color:#2288CC;} .chat code, .chat .spoiler:hover code, .chat .spoiler:active code, .chat .spoiler-shown code {border:1px solid #C0C0C0;background:#EEEEEE;color:black;padding:0 2px;} .chat .spoiler code {border:1px solid #CCCCCC;background:#CCCCCC;color:#CCCCCC;} .battle-log .rated {padding:3px 4px;} .battle-log .rated strong {color:white;background:#89A;padding:1px 4px;border-radius:4px;} .spacer {margin-top:0.5em;} .message-announce {background:#6688AA;color:white;padding:1px 4px 2px;} .message-announce a, .broadcast-green a, .broadcast-blue a, .broadcast-red a {color:#DDEEFF;} .broadcast-green {background-color:#559955;color:white;padding:2px 4px;} .broadcast-blue {background-color:#6688AA;color:white;padding:2px 4px;} .infobox {border:1px solid #6688AA;padding:2px 4px;} .infobox-limited {max-height:200px;overflow:auto;overflow-x:hidden;} .broadcast-red {background-color:#AA5544;color:white;padding:2px 4px;} .message-learn-canlearn {font-weight:bold;color:#228822;text-decoration:underline;} .message-learn-cannotlearn {font-weight:bold;color:#CC2222;text-decoration:underline;} .message-effect-weak {font-weight:bold;color:#CC2222;} .message-effect-resist {font-weight:bold;color:#6688AA;} .message-effect-immune {font-weight:bold;color:#666666;} .message-learn-list {margin-top:0;margin-bottom:0;} .message-throttle-notice, .message-error {color:#992222;} .message-overflow, .chat small.message-overflow {font-size:0pt;} .message-overflow::before {font-size:9pt;content:'...';} .subtle {color:#3A4A66;}
</style>
<div class="wrapper replay-wrapper" style="max-width:1180px;margin:0 auto">
<input type="hidden" name="replayid" value="smogtours-ru-285006" />
<div class="battle"></div><div class="battle-log"></div><div class="replay-controls"></div><div class="replay-controls-2"></div>
<h1 style="font-weight:normal;text-align:center"><strong>RU</strong><br /><a href="http://pokemonshowdown.com/users/accelgor" class="subtle" target="_blank">Accelgor</a> vs. <a href="http://pokemonshowdown.com/users/roseybear" class="subtle" target="_blank">Roseybear</a></h1>
<script type="text/plain" class="battle-log-data">|inactive|Battle timer is ON: inactive players will automatically lose when time's up.
|J|Accelgor
|J|Roseybear
|player|p1|Accelgor|155
|player|p2|Roseybear|128
|gametype|singles
|gen|6
|tier|RU
|seed|30981,42731,13476,23209
|rule|Sleep Clause Mod: Limit one foe put to sleep
|rule|Species Clause: Limit one of each Pokémon
|rule|OHKO Clause: OHKO moves are banned
|rule|Moody Clause: Moody is banned
|rule|Evasion Moves Clause: Evasion moves are banned
|rule|Endless Battle Clause: Forcing endless battles is banned
|rule|HP Percentage Mod: HP is shown in percentages
|clearpoke
|poke|p1|Registeel|item
|poke|p1|Virizion|item
|poke|p1|Slowking, F|item
|poke|p1|Drapion, F|item
|poke|p1|Audino, F|item
|poke|p1|Flygon, F|item
|poke|p2|Alomomola, M|item
|poke|p2|Registeel|item
|poke|p2|Aromatisse, F|item
|poke|p2|Venusaur, M|item
|poke|p2|Hitmontop, M|item
|poke|p2|Meloetta|item
|rule|Swagger Clause: Swagger is banned
|rule|Baton Pass Clause: Limit one Baton Passer, can't pass Spe and other stats simultaneously
|teampreview
|c|☆Accelgor|hf
|c|☆Roseybear|glhf
|J|Baxstenias
|L|Baxstenias
|choice|team 1, team 2, team 3, team 4, team 5, team 6|team 2, team 1, team 3, team 4, team 5, team 6
|
|start
|switch|p1a: Registeel|Registeel|364\/364
|switch|p2a: Registeel|Registeel|364\/364
|turn|1
|choice|move stealthrock|move stealthrock
|
|move|p1a: Registeel|Stealth Rock|p2a: Registeel
|-sidestart|p2: Roseybear|move: Stealth Rock
|move|p2a: Registeel|Stealth Rock|p1a: Registeel
|-sidestart|p1: Accelgor|move: Stealth Rock
|
|upkeep
|turn|2
|J|ACakeWearingAHat
|J|GreninjaWarrior21
|L|GreninjaWarrior21
|choice|switch 6|switch 2
|
|switch|p1a: Flygon|Flygon, F|311\/311
|-damage|p1a: Flygon|292\/311|[from] Stealth Rock
|switch|p2a: Alomomola|Alomomola, M|501\/501
|-damage|p2a: Alomomola|439\/501|[from] Stealth Rock
|
|-heal|p1a: Flygon|311\/311|[from] item: Leftovers
|-heal|p2a: Alomomola|470\/501|[from] item: Leftovers
|upkeep
|turn|3
|choice|switch 6|move toxic
|
|switch|p1a: Registeel|Registeel|364\/364
|-damage|p1a: Registeel|342\/364|[from] Stealth Rock
|move|p2a: Alomomola|Toxic|p1a: Registeel
|-immune|p1a: Registeel|[msg]
|
|-heal|p2a: Alomomola|501\/501|[from] item: Leftovers
|-heal|p1a: Registeel|364\/364|[from] item: Leftovers
|upkeep
|turn|4
|choice|move toxic|move scald
|
|move|p2a: Alomomola|Scald|p1a: Registeel
|-damage|p1a: Registeel|337\/364
|-status|p1a: Registeel|brn
|move|p1a: Registeel|Toxic|p2a: Alomomola
|-status|p2a: Alomomola|tox
|
|-heal|p1a: Registeel|359\/364 brn|[from] item: Leftovers
|-damage|p2a: Alomomola|470\/501 tox|[from] psn
|-damage|p1a: Registeel|314\/364 brn|[from] brn
|upkeep
|turn|5
|J|Corazan ♕
|J|Feliburn
|choice|move seismictoss|switch 2
|
|switch|p2a: Registeel|Registeel|364\/364
|-damage|p2a: Registeel|342\/364|[from] Stealth Rock
|move|p1a: Registeel|Seismic Toss|p2a: Registeel
|-damage|p2a: Registeel|242\/364
|
|-heal|p1a: Registeel|336\/364 brn|[from] item: Leftovers
|-heal|p2a: Registeel|264\/364|[from] item: Leftovers
|-damage|p1a: Registeel|291\/364 brn|[from] brn
|upkeep
|turn|6
|choice|switch 6|move seismictoss
|
|switch|p1a: Flygon|Flygon, F|311\/311
|-damage|p1a: Flygon|292\/311|[from] Stealth Rock
|move|p2a: Registeel|Seismic Toss|p1a: Flygon
|-damage|p1a: Flygon|192\/311
|
|-heal|p1a: Flygon|211\/311|[from] item: Leftovers
|-heal|p2a: Registeel|286\/364|[from] item: Leftovers
|upkeep
|turn|7
|choice|move earthquake|move protect
|
|move|p2a: Registeel|Protect|p2a: Registeel
|-singleturn|p2a: Registeel|Protect
|move|p1a: Flygon|Earthquake|p2a: Registeel
|-activate|p2a: Registeel|move: Protect
|
|-heal|p1a: Flygon|230\/311|[from] item: Leftovers
|-heal|p2a: Registeel|308\/364|[from] item: Leftovers
|upkeep
|turn|8
|choice|move earthquake|switch 3
|
|switch|p2a: Aromatisse|Aromatisse, F|406\/406
|-damage|p2a: Aromatisse|356\/406|[from] Stealth Rock
|move|p1a: Flygon|Earthquake|p2a: Aromatisse
|-damage|p2a: Aromatisse|224\/406
|
|-heal|p1a: Flygon|249\/311|[from] item: Leftovers
|-heal|p2a: Aromatisse|249\/406|[from] item: Leftovers
|upkeep
|turn|9
|choice|move earthquake|move wish
|
|move|p1a: Flygon|Earthquake|p2a: Aromatisse
|-damage|p2a: Aromatisse|120\/406
|move|p2a: Aromatisse|Wish|p2a: Aromatisse
|
|-heal|p1a: Flygon|268\/311|[from] item: Leftovers
|-heal|p2a: Aromatisse|145\/406|[from] item: Leftovers
|upkeep
|turn|10
|J|Alore♡
|choice|switch 5|move aromatherapy
|
|switch|p1a: Audino|Audino, F|410\/410
|-damage|p1a: Audino|359\/410|[from] Stealth Rock
|move|p2a: Aromatisse|Aromatherapy|p2a: Aromatisse
|-activate|p2a: Aromatisse|move: Aromatherapy
|-curestatus|p2: Alomomola|tox|[msg]
|
|-heal|p2a: Aromatisse|348\/406|[from] move: Wish|[wisher] Aromatisse
|-heal|p2a: Aromatisse|373\/406|[from] item: Leftovers
|upkeep
|turn|11
|choice|move healbell|switch 2
|
|switch|p2a: Alomomola|Alomomola, M|501\/501
|-damage|p2a: Alomomola|439\/501|[from] Stealth Rock
|move|p1a: Audino|Heal Bell|p1a: Audino
|-activate|p1a: Audino|move: Heal Bell
|-curestatus|p1: Registeel|brn|[msg]
|
|-heal|p2a: Alomomola|470\/501|[from] item: Leftovers
|upkeep
|turn|12
|choice|move protect|move scald
|
|move|p1a: Audino|Protect|p1a: Audino
|-singleturn|p1a: Audino|Protect
|move|p2a: Alomomola|Scald|p1a: Audino
|-activate|p1a: Audino|move: Protect
|
|-heal|p2a: Alomomola|501\/501|[from] item: Leftovers
|upkeep
|turn|13
|choice|switch 3|move toxic
|
|switch|p1a: Slowking|Slowking, F|391\/391
|-damage|p1a: Slowking|343\/391|[from] Stealth Rock
|move|p2a: Alomomola|Toxic|p1a: Slowking
|-status|p1a: Slowking|tox
|
|-damage|p1a: Slowking|319\/391 tox|[from] psn
|upkeep
|turn|14
|choice|move scald|switch 6
|
|switch|p2a: Meloetta|Meloetta|341\/341
|-damage|p2a: Meloetta|299\/341|[from] Stealth Rock
|move|p1a: Slowking|Scald|p2a: Meloetta
|-damage|p2a: Meloetta|229\/341
|
|-damage|p1a: Slowking|271\/391 tox|[from] psn
|upkeep
|turn|15
|choice|switch 4|move focusblast
|
|switch|p1a: Drapion|Drapion, F|281\/281
|-damage|p1a: Drapion|246\/281|[from] Stealth Rock
|move|p2a: Meloetta|Focus Blast|p1a: Drapion
|-damage|p1a: Drapion|0 fnt
|faint|p1a: Drapion
|
|upkeep
|choice|switch 4|
|
|switch|p1a: Slowking|Slowking, F|391\/391 tox
|-damage|p1a: Slowking|343\/391 tox|[from] Stealth Rock
|turn|16
|choice|move scald|switch 6
|
|switch|p2a: Alomomola|Alomomola, M|501\/501
|-damage|p2a: Alomomola|439\/501|[from] Stealth Rock
|move|p1a: Slowking|Scald|p2a: Alomomola
|-resisted|p2a: Alomomola
|-damage|p2a: Alomomola|384\/501
|
|-heal|p2a: Alomomola|415\/501|[from] item: Leftovers
|-damage|p1a: Slowking|319\/391 tox|[from] psn
|upkeep
|turn|17
|choice|move scald|move wish
|
|move|p2a: Alomomola|Wish|p2a: Alomomola
|move|p1a: Slowking|Scald|p2a: Alomomola
|-resisted|p2a: Alomomola
|-damage|p2a: Alomomola|355\/501
|
|-heal|p2a: Alomomola|386\/501|[from] item: Leftovers
|-damage|p1a: Slowking|271\/391 tox|[from] psn
|upkeep
|turn|18
|choice|switch 3|switch 6
|
|switch|p2a: Meloetta|Meloetta|229\/341
|-damage|p2a: Meloetta|187\/341|[from] Stealth Rock
|switch|p1a: Audino|Audino, F|410\/410
|-damage|p1a: Audino|359\/410|[from] Stealth Rock
|
|-heal|p2a: Meloetta|341\/341|[from] move: Wish|[wisher] Alomomola
|upkeep
|turn|19
|choice|move protect|move hypervoice
|
|move|p1a: Audino|Protect|p1a: Audino
|-singleturn|p1a: Audino|Protect
|move|p2a: Meloetta|Hyper Voice|p1a: Audino
|-activate|p1a: Audino|move: Protect
|
|upkeep
|turn|20
|choice|move wish|move hypervoice
|
|move|p2a: Meloetta|Hyper Voice|p1a: Audino
|-damage|p1a: Audino|85\/410
|move|p1a: Audino|Wish|p1a: Audino
|
|upkeep
|turn|21
|choice|move protect|move hypervoice
|
|move|p1a: Audino|Protect|p1a: Audino
|-singleturn|p1a: Audino|Protect
|move|p2a: Meloetta|Hyper Voice|p1a: Audino
|-activate|p1a: Audino|move: Protect
|
|-heal|p1a: Audino|290\/410|[from] move: Wish|[wisher] Audino
|upkeep
|turn|22
|choice|switch 6|move hypervoice
|
|switch|p1a: Registeel|Registeel|291\/364
|-damage|p1a: Registeel|269\/364|[from] Stealth Rock
|move|p2a: Meloetta|Hyper Voice|p1a: Registeel
|-resisted|p1a: Registeel
|-damage|p1a: Registeel|199\/364
|
|-heal|p1a: Registeel|221\/364|[from] item: Leftovers
|upkeep
|turn|23
|choice|move seismictoss|switch 6
|
|switch|p2a: Alomomola|Alomomola, M|501\/501
|-damage|p2a: Alomomola|439\/501|[from] Stealth Rock
|move|p1a: Registeel|Seismic Toss|p2a: Alomomola
|-damage|p2a: Alomomola|339\/501
|
|-heal|p2a: Alomomola|370\/501|[from] item: Leftovers
|-heal|p1a: Registeel|243\/364|[from] item: Leftovers
|upkeep
|turn|24
|choice|move toxic|move scald
|
|move|p2a: Alomomola|Scald|p1a: Registeel
|-damage|p1a: Registeel|216\/364
|move|p1a: Registeel|Toxic|p2a: Alomomola
|-status|p2a: Alomomola|tox
|
|-heal|p2a: Alomomola|401\/501 tox|[from] item: Leftovers
|-heal|p1a: Registeel|238\/364|[from] item: Leftovers
|-damage|p2a: Alomomola|370\/501 tox|[from] psn
|upkeep
|turn|25
|choice|switch 3|move scald
|
|switch|p1a: Slowking|Slowking, F|391\/391 tox
|-damage|p1a: Slowking|343\/391 tox|[from] Stealth Rock
|move|p2a: Alomomola|Scald|p1a: Slowking
|-resisted|p1a: Slowking
|-damage|p1a: Slowking|323\/391 tox
|
|-heal|p2a: Alomomola|401\/501 tox|[from] item: Leftovers
|-damage|p2a: Alomomola|339\/501 tox|[from] psn
|-damage|p1a: Slowking|299\/391 tox|[from] psn
|upkeep
|turn|26
|choice|move psyshock|switch 6
|
|switch|p2a: Meloetta|Meloetta|341\/341
|-damage|p2a: Meloetta|299\/341|[from] Stealth Rock
|move|p1a: Slowking|Psyshock|p2a: Meloetta
|-resisted|p2a: Meloetta
|-damage|p2a: Meloetta|236\/341
|
|-damage|p1a: Slowking|251\/391 tox|[from] psn
|upkeep
|turn|27
|choice|move slackoff|move focusblast
|
|move|p2a: Meloetta|Focus Blast|p1a: Slowking|[miss]
|-miss|p2a: Meloetta|p1a: Slowking
|move|p1a: Slowking|Slack Off|p1a: Slowking
|-heal|p1a: Slowking|391\/391 tox
|
|-damage|p1a: Slowking|319\/391 tox|[from] psn
|upkeep
|turn|28
|choice|move scald|move focusblast
|
|move|p2a: Meloetta|Focus Blast|p1a: Slowking
|-resisted|p1a: Slowking
|-damage|p1a: Slowking|223\/391 tox
|move|p1a: Slowking|Scald|p2a: Meloetta
|-damage|p2a: Meloetta|161\/341
|-status|p2a: Meloetta|brn
|
|-damage|p2a: Meloetta|119\/341 brn|[from] brn
|-damage|p1a: Slowking|127\/391 tox|[from] psn
|upkeep
|turn|29
|choice|move slackoff|move focusblast
|
|move|p2a: Meloetta|Focus Blast|p1a: Slowking
|-resisted|p1a: Slowking
|-damage|p1a: Slowking|23\/391 tox
|-unboost|p1a: Slowking|spd|1
|move|p1a: Slowking|Slack Off|p1a: Slowking
|-heal|p1a: Slowking|219\/391 tox
|
|-damage|p2a: Meloetta|77\/341 brn|[from] brn
|-damage|p1a: Slowking|99\/391 tox|[from] psn
|upkeep
|turn|30
|choice|move scald|move focusblast
|
|move|p2a: Meloetta|Focus Blast|p1a: Slowking
|-resisted|p1a: Slowking
|-damage|p1a: Slowking|0 fnt
|faint|p1a: Slowking
|
|-damage|p2a: Meloetta|35\/341 brn|[from] brn
|upkeep
|choice|switch 5|
|
|switch|p1a: Flygon|Flygon, F|268\/311
|-damage|p1a: Flygon|249\/311|[from] Stealth Rock
|turn|31
|choice|move earthquake|move focusblast
|
|move|p1a: Flygon|Earthquake|p2a: Meloetta
|-damage|p2a: Meloetta|0 fnt
|faint|p2a: Meloetta
|
|-heal|p1a: Flygon|268\/311|[from] item: Leftovers
|upkeep
|choice||switch 2
|
|switch|p2a: Aromatisse|Aromatisse, F|373\/406
|-damage|p2a: Aromatisse|323\/406|[from] Stealth Rock
|turn|32
|choice|switch 3|move wish
|
|switch|p1a: Registeel|Registeel|238\/364
|-damage|p1a: Registeel|216\/364|[from] Stealth Rock
|move|p2a: Aromatisse|Wish|p2a: Aromatisse
|
|-heal|p1a: Registeel|238\/364|[from] item: Leftovers
|-heal|p2a: Aromatisse|348\/406|[from] item: Leftovers
|upkeep
|turn|33
|choice|move toxic|switch 3
|
|switch|p2a: Registeel|Registeel|308\/364
|-damage|p2a: Registeel|286\/364|[from] Stealth Rock
|move|p1a: Registeel|Toxic|p2a: Registeel
|-immune|p2a: Registeel|[msg]
|
|-heal|p2a: Registeel|364\/364|[from] move: Wish|[wisher] Aromatisse
|-heal|p1a: Registeel|260\/364|[from] item: Leftovers
|upkeep
|turn|34
|choice|switch 3|move seismictoss
|
|switch|p1a: Flygon|Flygon, F|268\/311
|-damage|p1a: Flygon|249\/311|[from] Stealth Rock
|move|p2a: Registeel|Seismic Toss|p1a: Flygon
|-damage|p1a: Flygon|149\/311
|
|-heal|p1a: Flygon|168\/311|[from] item: Leftovers
|upkeep
|turn|35
|choice|move roost|switch 6
|
|switch|p2a: Alomomola|Alomomola, M|501\/501 tox
|-damage|p2a: Alomomola|439\/501 tox|[from] Stealth Rock
|move|p1a: Flygon|Roost|p1a: Flygon
|-heal|p1a: Flygon|311\/311
|
|-heal|p2a: Alomomola|470\/501 tox|[from] item: Leftovers
|-damage|p2a: Alomomola|439\/501 tox|[from] psn
|upkeep
|turn|36
|choice|switch 3|move wish
|
|switch|p1a: Registeel|Registeel|260\/364
|-damage|p1a: Registeel|238\/364|[from] Stealth Rock
|move|p2a: Alomomola|Wish|p2a: Alomomola
|
|-heal|p2a: Alomomola|470\/501 tox|[from] item: Leftovers
|-heal|p1a: Registeel|260\/364|[from] item: Leftovers
|-damage|p2a: Alomomola|408\/501 tox|[from] psn
|upkeep
|turn|37
|choice|move toxic|move scald
|
|move|p2a: Alomomola|Scald|p1a: Registeel
|-damage|p1a: Registeel|235\/364
|move|p1a: Registeel|Toxic|p2a: Alomomola
|-fail|p2a: Alomomola|tox
|
|-heal|p2a: Alomomola|501\/501 tox|[from] move: Wish|[wisher] Alomomola
|-heal|p1a: Registeel|257\/364|[from] item: Leftovers
|-damage|p2a: Alomomola|408\/501 tox|[from] psn
|upkeep
|turn|38
|choice|move thunderbolt|move wish
|
|move|p2a: Alomomola|Wish|p2a: Alomomola
|move|p1a: Registeel|Thunderbolt|p2a: Alomomola
|-supereffective|p2a: Alomomola
|-damage|p2a: Alomomola|260\/501 tox
|
|-heal|p2a: Alomomola|291\/501 tox|[from] item: Leftovers
|-heal|p1a: Registeel|279\/364|[from] item: Leftovers
|-damage|p2a: Alomomola|167\/501 tox|[from] psn
|upkeep
|turn|39
|choice|move seismictoss|switch 6
|
|switch|p2a: Registeel|Registeel|364\/364
|-damage|p2a: Registeel|342\/364|[from] Stealth Rock
|move|p1a: Registeel|Seismic Toss|p2a: Registeel
|-damage|p2a: Registeel|242\/364
|
|-heal|p2a: Registeel|364\/364|[from] move: Wish|[wisher] Alomomola
|-heal|p1a: Registeel|301\/364|[from] item: Leftovers
|upkeep
|turn|40
|choice|move seismictoss|move toxic
|
|move|p1a: Registeel|Seismic Toss|p2a: Registeel
|-damage|p2a: Registeel|264\/364
|move|p2a: Registeel|Toxic|p1a: Registeel
|-immune|p1a: Registeel|[msg]
|
|-heal|p1a: Registeel|323\/364|[from] item: Leftovers
|-heal|p2a: Registeel|286\/364|[from] item: Leftovers
|upkeep
|turn|41
|choice|switch 3|move seismictoss
|
|switch|p1a: Flygon|Flygon, F|311\/311
|-damage|p1a: Flygon|292\/311|[from] Stealth Rock
|move|p2a: Registeel|Seismic Toss|p1a: Flygon
|-damage|p1a: Flygon|192\/311
|
|-heal|p1a: Flygon|211\/311|[from] item: Leftovers
|-heal|p2a: Registeel|308\/364|[from] item: Leftovers
|upkeep
|turn|42
|choice|move earthquake|move protect
|
|move|p2a: Registeel|Protect|p2a: Registeel
|-singleturn|p2a: Registeel|Protect
|move|p1a: Flygon|Earthquake|p2a: Registeel
|-activate|p2a: Registeel|move: Protect
|
|-heal|p1a: Flygon|230\/311|[from] item: Leftovers
|-heal|p2a: Registeel|330\/364|[from] item: Leftovers
|upkeep
|turn|43
|choice|move earthquake|switch 3
|
|switch|p2a: Aromatisse|Aromatisse, F|348\/406
|-damage|p2a: Aromatisse|298\/406|[from] Stealth Rock
|move|p1a: Flygon|Earthquake|p2a: Aromatisse
|-damage|p2a: Aromatisse|157\/406
|
|-heal|p1a: Flygon|249\/311|[from] item: Leftovers
|-heal|p2a: Aromatisse|182\/406|[from] item: Leftovers
|upkeep
|turn|44
|choice|switch 3|move wish
|
|switch|p1a: Registeel|Registeel|323\/364
|-damage|p1a: Registeel|301\/364|[from] Stealth Rock
|move|p2a: Aromatisse|Wish|p2a: Aromatisse
|
|-heal|p1a: Registeel|323\/364|[from] item: Leftovers
|-heal|p2a: Aromatisse|207\/406|[from] item: Leftovers
|upkeep
|turn|45
|choice|move thunderbolt|move aromatherapy
|
|move|p1a: Registeel|Thunderbolt|p2a: Aromatisse
|-damage|p2a: Aromatisse|140\/406
|move|p2a: Aromatisse|Aromatherapy|p2a: Aromatisse
|-activate|p2a: Aromatisse|move: Aromatherapy
|-curestatus|p2: Alomomola|tox|[msg]
|
|-heal|p2a: Aromatisse|343\/406|[from] move: Wish|[wisher] Aromatisse
|-heal|p1a: Registeel|345\/364|[from] item: Leftovers
|-heal|p2a: Aromatisse|368\/406|[from] item: Leftovers
|upkeep
|turn|46
|choice|move seismictoss|move protect
|
|move|p2a: Aromatisse|Protect|p2a: Aromatisse
|-singleturn|p2a: Aromatisse|Protect
|move|p1a: Registeel|Seismic Toss|p2a: Aromatisse
|-activate|p2a: Aromatisse|move: Protect
|
|-heal|p1a: Registeel|364\/364|[from] item: Leftovers
|-heal|p2a: Aromatisse|393\/406|[from] item: Leftovers
|upkeep
|turn|47
|choice|move toxic|move wish
|
|move|p1a: Registeel|Toxic|p2a: Aromatisse
|-status|p2a: Aromatisse|tox
|move|p2a: Aromatisse|Wish|p2a: Aromatisse
|
|-heal|p2a: Aromatisse|406\/406 tox|[from] item: Leftovers
|-damage|p2a: Aromatisse|381\/406 tox|[from] psn
|upkeep
|turn|48
|choice|move seismictoss|switch 6
|
|switch|p2a: Alomomola|Alomomola, M|334\/501
|-damage|p2a: Alomomola|272\/501|[from] Stealth Rock
|move|p1a: Registeel|Seismic Toss|p2a: Alomomola
|-damage|p2a: Alomomola|172\/501
|
|-heal|p2a: Alomomola|375\/501|[from] move: Wish|[wisher] Aromatisse
|-heal|p2a: Alomomola|406\/501|[from] item: Leftovers
|upkeep
|turn|49
|choice|move thunderbolt|move scald
|
|move|p2a: Alomomola|Scald|p1a: Registeel
|-damage|p1a: Registeel|336\/364
|move|p1a: Registeel|Thunderbolt|p2a: Alomomola
|-supereffective|p2a: Alomomola
|-crit|p2a: Alomomola
|-damage|p2a: Alomomola|176\/501
|
|-heal|p2a: Alomomola|207\/501|[from] item: Leftovers
|-heal|p1a: Registeel|358\/364|[from] item: Leftovers
|upkeep
|turn|50
|choice|move thunderbolt|move protect
|
|move|p2a: Alomomola|Protect|p2a: Alomomola
|-singleturn|p2a: Alomomola|Protect
|move|p1a: Registeel|Thunderbolt|p2a: Alomomola
|-activate|p2a: Alomomola|move: Protect
|
|-heal|p2a: Alomomola|238\/501|[from] item: Leftovers
|-heal|p1a: Registeel|364\/364|[from] item: Leftovers
|upkeep
|turn|51
|choice|move thunderbolt|move wish
|
|move|p2a: Alomomola|Wish|p2a: Alomomola
|move|p1a: Registeel|Thunderbolt|p2a: Alomomola
|-supereffective|p2a: Alomomola
|-damage|p2a: Alomomola|102\/501
|
|-heal|p2a: Alomomola|133\/501|[from] item: Leftovers
|upkeep
|turn|52
|choice|move seismictoss|move protect
|
|move|p2a: Alomomola|Protect|p2a: Alomomola
|-singleturn|p2a: Alomomola|Protect
|move|p1a: Registeel|Seismic Toss|p2a: Alomomola
|-activate|p2a: Alomomola|move: Protect
|
|-heal|p2a: Alomomola|383\/501|[from] move: Wish|[wisher] Alomomola
|-heal|p2a: Alomomola|414\/501|[from] item: Leftovers
|upkeep
|turn|53
|choice|move thunderbolt|move scald
|
|move|p2a: Alomomola|Scald|p1a: Registeel
|-damage|p1a: Registeel|337\/364
|move|p1a: Registeel|Thunderbolt|p2a: Alomomola
|-supereffective|p2a: Alomomola
|-damage|p2a: Alomomola|272\/501
|
|-heal|p2a: Alomomola|303\/501|[from] item: Leftovers
|-heal|p1a: Registeel|359\/364|[from] item: Leftovers
|upkeep
|turn|54
|choice|move toxic|move wish
|
|move|p2a: Alomomola|Wish|p2a: Alomomola
|move|p1a: Registeel|Toxic|p2a: Alomomola
|-status|p2a: Alomomola|tox
|
|-heal|p2a: Alomomola|334\/501 tox|[from] item: Leftovers
|-heal|p1a: Registeel|364\/364|[from] item: Leftovers
|-damage|p2a: Alomomola|303\/501 tox|[from] psn
|upkeep
|turn|55
|choice|move seismictoss|move scald
|
|move|p2a: Alomomola|Scald|p1a: Registeel
|-damage|p1a: Registeel|337\/364
|move|p1a: Registeel|Seismic Toss|p2a: Alomomola
|-damage|p2a: Alomomola|203\/501 tox
|
|-heal|p2a: Alomomola|453\/501 tox|[from] move: Wish|[wisher] Alomomola
|-heal|p2a: Alomomola|484\/501 tox|[from] item: Leftovers
|-heal|p1a: Registeel|359\/364|[from] item: Leftovers
|-damage|p2a: Alomomola|422\/501 tox|[from] psn
|upkeep
|turn|56
|choice|move thunderbolt|move scald
|
|move|p2a: Alomomola|Scald|p1a: Registeel
|-damage|p1a: Registeel|334\/364
|move|p1a: Registeel|Thunderbolt|p2a: Alomomola
|-supereffective|p2a: Alomomola
|-damage|p2a: Alomomola|286\/501 tox
|
|-heal|p2a: Alomomola|317\/501 tox|[from] item: Leftovers
|-heal|p1a: Registeel|356\/364|[from] item: Leftovers
|-damage|p2a: Alomomola|224\/501 tox|[from] psn
|upkeep
|turn|57
|choice|move seismictoss|switch 6
|
|switch|p2a: Aromatisse|Aromatisse, F|381\/406 tox
|-damage|p2a: Aromatisse|331\/406 tox|[from] Stealth Rock
|move|p1a: Registeel|Seismic Toss|p2a: Aromatisse
|-damage|p2a: Aromatisse|231\/406 tox
|
|-heal|p1a: Registeel|364\/364|[from] item: Leftovers
|-heal|p2a: Aromatisse|256\/406 tox|[from] item: Leftovers
|-damage|p2a: Aromatisse|231\/406 tox|[from] psn
|upkeep
|turn|58
|choice|move seismictoss|move wish
|
|move|p1a: Registeel|Seismic Toss|p2a: Aromatisse
|-damage|p2a: Aromatisse|131\/406 tox
|move|p2a: Aromatisse|Wish|p2a: Aromatisse
|
|-heal|p2a: Aromatisse|156\/406 tox|[from] item: Leftovers
|-damage|p2a: Aromatisse|106\/406 tox|[from] psn
|upkeep
|turn|59
|choice|move seismictoss|move protect
|
|move|p2a: Aromatisse|Protect|p2a: Aromatisse
|-singleturn|p2a: Aromatisse|Protect
|move|p1a: Registeel|Seismic Toss|p2a: Aromatisse
|-activate|p2a: Aromatisse|move: Protect
|
|-heal|p2a: Aromatisse|309\/406 tox|[from] move: Wish|[wisher] Aromatisse
|-heal|p2a: Aromatisse|334\/406 tox|[from] item: Leftovers
|-damage|p2a: Aromatisse|259\/406 tox|[from] psn
|upkeep
|turn|60
|choice|move seismictoss|move aromatherapy
|
|move|p1a: Registeel|Seismic Toss|p2a: Aromatisse
|-damage|p2a: Aromatisse|159\/406 tox
|move|p2a: Aromatisse|Aromatherapy|p2a: Aromatisse
|-activate|p2a: Aromatisse|move: Aromatherapy
|-curestatus|p2a: Aromatisse|tox|[msg]
|-curestatus|p2: Alomomola|tox|[msg]
|
|-heal|p2a: Aromatisse|184\/406|[from] item: Leftovers
|upkeep
|turn|61
|choice|move seismictoss|move protect
|
|move|p2a: Aromatisse|Protect|p2a: Aromatisse
|-singleturn|p2a: Aromatisse|Protect
|move|p1a: Registeel|Seismic Toss|p2a: Aromatisse
|-activate|p2a: Aromatisse|move: Protect
|
|-heal|p2a: Aromatisse|209\/406|[from] item: Leftovers
|upkeep
|turn|62
|choice|move toxic|move wish
|
|move|p1a: Registeel|Toxic|p2a: Aromatisse|[miss]
|-miss|p1a: Registeel|p2a: Aromatisse
|move|p2a: Aromatisse|Wish|p2a: Aromatisse
|
|-heal|p2a: Aromatisse|234\/406|[from] item: Leftovers
|upkeep
|turn|63
|choice|move seismictoss|move protect
|
|move|p2a: Aromatisse|Protect|p2a: Aromatisse
|-singleturn|p2a: Aromatisse|Protect
|move|p1a: Registeel|Seismic Toss|p2a: Aromatisse
|-activate|p2a: Aromatisse|move: Protect
|
|-heal|p2a: Aromatisse|406\/406|[from] move: Wish|[wisher] Aromatisse
|upkeep
|turn|64
|choice|switch 6|switch 6
|
|switch|p1a: Audino|Audino, F|410\/410
|-damage|p1a: Audino|359\/410|[from] Stealth Rock
|switch|p2a: Alomomola|Alomomola, M|391\/501
|-damage|p2a: Alomomola|329\/501|[from] Stealth Rock
|
|-heal|p2a: Alomomola|360\/501|[from] item: Leftovers
|upkeep
|turn|65
|choice|switch 6|move toxic
|
|switch|p1a: Registeel|Registeel|364\/364
|-damage|p1a: Registeel|342\/364|[from] Stealth Rock
|move|p2a: Alomomola|Toxic|p1a: Registeel
|-immune|p1a: Registeel|[msg]
|
|-heal|p2a: Alomomola|391\/501|[from] item: Leftovers
|-heal|p1a: Registeel|364\/364|[from] item: Leftovers
|upkeep
|turn|66
|choice|switch 6|move scald
|
|switch|p1a: Audino|Audino, F|410\/410
|-damage|p1a: Audino|359\/410|[from] Stealth Rock
|move|p2a: Alomomola|Scald|p1a: Audino
|-damage|p1a: Audino|311\/410
|
|-heal|p2a: Alomomola|422\/501|[from] item: Leftovers
|upkeep
|turn|67
|choice|switch 6|move scald
|
|switch|p1a: Registeel|Registeel|364\/364
|-damage|p1a: Registeel|342\/364|[from] Stealth Rock
|move|p2a: Alomomola|Scald|p1a: Registeel
|-damage|p1a: Registeel|315\/364
|-status|p1a: Registeel|brn
|
|-heal|p2a: Alomomola|453\/501|[from] item: Leftovers
|-heal|p1a: Registeel|337\/364 brn|[from] item: Leftovers
|-damage|p1a: Registeel|292\/364 brn|[from] brn
|upkeep
|turn|68
|choice|switch 6|move toxic
|
|switch|p1a: Audino|Audino, F|410\/410
|-damage|p1a: Audino|359\/410|[from] Stealth Rock
|move|p2a: Alomomola|Toxic|p1a: Audino
|-status|p1a: Audino|tox
|
|-heal|p2a: Alomomola|484\/501|[from] item: Leftovers
|-damage|p1a: Audino|334\/410 tox|[from] psn
|upkeep
|turn|69
|choice|move healbell|move toxic
|
|move|p2a: Alomomola|Toxic|p1a: Audino
|-fail|p1a: Audino|tox
|move|p1a: Audino|Heal Bell|p1a: Audino
|-activate|p1a: Audino|move: Heal Bell
|-curestatus|p1a: Audino|tox|[msg]
|-curestatus|p1: Registeel|brn|[msg]
|
|-heal|p2a: Alomomola|501\/501|[from] item: Leftovers
|upkeep
|turn|70
|choice|move protect|move scald
|
|move|p1a: Audino|Protect|p1a: Audino
|-singleturn|p1a: Audino|Protect
|move|p2a: Alomomola|Scald|p1a: Audino
|-activate|p1a: Audino|move: Protect
|
|upkeep
|turn|71
|choice|move dazzlinggleam|move scald
|
|move|p2a: Alomomola|Scald|p1a: Audino
|-damage|p1a: Audino|286\/410
|-status|p1a: Audino|brn
|move|p1a: Audino|Dazzling Gleam|p2a: Alomomola
|-damage|p2a: Alomomola|452\/501
|
|-heal|p2a: Alomomola|483\/501|[from] item: Leftovers
|-damage|p1a: Audino|235\/410 brn|[from] brn
|upkeep
|turn|72
|choice|move wish|switch 3
|
|switch|p2a: Registeel|Registeel|330\/364
|-damage|p2a: Registeel|308\/364|[from] Stealth Rock
|move|p1a: Audino|Wish|p1a: Audino
|
|-heal|p2a: Registeel|330\/364|[from] item: Leftovers
|-damage|p1a: Audino|184\/410 brn|[from] brn
|upkeep
|turn|73
|choice|move dazzlinggleam|move seismictoss
|
|move|p1a: Audino|Dazzling Gleam|p2a: Registeel
|-resisted|p2a: Registeel
|-damage|p2a: Registeel|318\/364
|move|p2a: Registeel|Seismic Toss|p1a: Audino
|-damage|p1a: Audino|84\/410 brn
|
|-heal|p1a: Audino|289\/410 brn|[from] move: Wish|[wisher] Audino
|-heal|p2a: Registeel|340\/364|[from] item: Leftovers
|-damage|p1a: Audino|238\/410 brn|[from] brn
|upkeep
|turn|74
|choice|switch 6|move seismictoss
|
|switch|p1a: Registeel|Registeel|292\/364
|-damage|p1a: Registeel|270\/364|[from] Stealth Rock
|move|p2a: Registeel|Seismic Toss|p1a: Registeel
|-damage|p1a: Registeel|170\/364
|
|-heal|p1a: Registeel|192\/364|[from] item: Leftovers
|-heal|p2a: Registeel|362\/364|[from] item: Leftovers
|upkeep
|turn|75
|choice|switch 6|move seismictoss
|
|switch|p1a: Audino|Audino, F|374\/410 brn
|-damage|p1a: Audino|323\/410 brn|[from] Stealth Rock
|move|p2a: Registeel|Seismic Toss|p1a: Audino
|-damage|p1a: Audino|223\/410 brn
|
|-heal|p2a: Registeel|364\/364|[from] item: Leftovers
|-damage|p1a: Audino|172\/410 brn|[from] brn
|upkeep
|turn|76
|choice|move wish|move seismictoss
|
|move|p1a: Audino|Wish|p1a: Audino
|move|p2a: Registeel|Seismic Toss|p1a: Audino
|-damage|p1a: Audino|72\/410 brn
|
|-damage|p1a: Audino|21\/410 brn|[from] brn
|upkeep
|turn|77
|choice|move protect|move seismictoss
|
|move|p1a: Audino|Protect|p1a: Audino
|-singleturn|p1a: Audino|Protect
|move|p2a: Registeel|Seismic Toss|p1a: Audino
|-activate|p1a: Audino|move: Protect
|
|-heal|p1a: Audino|226\/410 brn|[from] move: Wish|[wisher] Audino
|-damage|p1a: Audino|175\/410 brn|[from] brn
|upkeep
|turn|78
|choice|move wish|move seismictoss
|
|move|p1a: Audino|Wish|p1a: Audino
|move|p2a: Registeel|Seismic Toss|p1a: Audino
|-damage|p1a: Audino|75\/410 brn
|
|-damage|p1a: Audino|24\/410 brn|[from] brn
|upkeep
|turn|79
|choice|switch 6|move seismictoss
|
|switch|p1a: Registeel|Registeel|192\/364
|-damage|p1a: Registeel|170\/364|[from] Stealth Rock
|move|p2a: Registeel|Seismic Toss|p1a: Registeel
|-damage|p1a: Registeel|70\/364
|
|-heal|p1a: Registeel|275\/364|[from] move: Wish|[wisher] Audino
|-heal|p1a: Registeel|297\/364|[from] item: Leftovers
|upkeep
|turn|80
|choice|switch 3|move seismictoss
|
|switch|p1a: Flygon|Flygon, F|249\/311
|-damage|p1a: Flygon|230\/311|[from] Stealth Rock
|move|p2a: Registeel|Seismic Toss|p1a: Flygon
|-damage|p1a: Flygon|130\/311
|
|-heal|p1a: Flygon|149\/311|[from] item: Leftovers
|upkeep
|turn|81
|choice|move earthquake|switch 3
|
|switch|p2a: Alomomola|Alomomola, M|501\/501
|-damage|p2a: Alomomola|439\/501|[from] Stealth Rock
|move|p1a: Flygon|Earthquake|p2a: Alomomola
|-damage|p2a: Alomomola|300\/501
|
|-heal|p1a: Flygon|168\/311|[from] item: Leftovers
|-heal|p2a: Alomomola|331\/501|[from] item: Leftovers
|upkeep
|turn|82
|choice|switch 6|switch 5
|
|switch|p1a: Audino|Audino, F|160\/410 brn
|-damage|p1a: Audino|109\/410 brn|[from] Stealth Rock
|switch|p2a: Hitmontop|Hitmontop, M|304\/304
|-damage|p2a: Hitmontop|285\/304|[from] Stealth Rock
|-ability|p2a: Hitmontop|Intimidate|boost
|-unboost|p1a: Audino|atk|1
|
|-heal|p2a: Hitmontop|304\/304|[from] item: Leftovers
|-damage|p1a: Audino|58\/410 brn|[from] brn
|upkeep
|turn|83
|choice|switch 6|move closecombat
|
|switch|p1a: Flygon|Flygon, F|168\/311
|-damage|p1a: Flygon|149\/311|[from] Stealth Rock
|move|p2a: Hitmontop|Close Combat|p1a: Flygon
|-damage|p1a: Flygon|0 fnt
|-unboost|p2a: Hitmontop|def|1
|-unboost|p2a: Hitmontop|spd|1
|faint|p1a: Flygon
|
|upkeep
|choice|switch 3|
|
|switch|p1a: Registeel|Registeel|297\/364
|-damage|p1a: Registeel|275\/364|[from] Stealth Rock
|turn|84
|choice|move toxic|switch 5
|
|switch|p2a: Alomomola|Alomomola, M|498\/501
|-damage|p2a: Alomomola|436\/501|[from] Stealth Rock
|move|p1a: Registeel|Toxic|p2a: Alomomola
|-status|p2a: Alomomola|tox
|
|-heal|p2a: Alomomola|467\/501 tox|[from] item: Leftovers
|-heal|p1a: Registeel|297\/364|[from] item: Leftovers
|-damage|p2a: Alomomola|436\/501 tox|[from] psn
|upkeep
|turn|85
|choice|move seismictoss|move scald
|
|move|p2a: Alomomola|Scald|p1a: Registeel
|-damage|p1a: Registeel|272\/364
|-status|p1a: Registeel|brn
|move|p1a: Registeel|Seismic Toss|p2a: Alomomola
|-damage|p2a: Alomomola|336\/501 tox
|
|-heal|p2a: Alomomola|367\/501 tox|[from] item: Leftovers
|-heal|p1a: Registeel|294\/364 brn|[from] item: Leftovers
|-damage|p2a: Alomomola|305\/501 tox|[from] psn
|-damage|p1a: Registeel|249\/364 brn|[from] brn
|upkeep
|turn|86
|J|Seventy Minus One
|choice|switch 2|switch 3
|
|switch|p2a: Registeel|Registeel|364\/364
|-damage|p2a: Registeel|342\/364|[from] Stealth Rock
|switch|p1a: Virizion|Virizion|323\/323
|-damage|p1a: Virizion|303\/323|[from] Stealth Rock
|
|-heal|p2a: Registeel|364\/364|[from] item: Leftovers
|upkeep
|turn|87
|choice|move swordsdance|switch 6
|
|switch|p2a: Aromatisse|Aromatisse, F|406\/406
|-damage|p2a: Aromatisse|356\/406|[from] Stealth Rock
|move|p1a: Virizion|Swords Dance|p1a: Virizion
|-boost|p1a: Virizion|atk|2
|
|-heal|p2a: Aromatisse|381\/406|[from] item: Leftovers
|upkeep
|turn|88
|choice|move leafblade|move moonblast
|
|move|p1a: Virizion|Leaf Blade|p2a: Aromatisse
|-damage|p2a: Aromatisse|155\/406
|move|p2a: Aromatisse|Moonblast|p1a: Virizion
|-supereffective|p1a: Virizion
|-damage|p1a: Virizion|121\/323
|-unboost|p1a: Virizion|spa|1
|
|-heal|p2a: Aromatisse|180\/406|[from] item: Leftovers
|upkeep
|turn|89
|choice|move swordsdance|move moonblast
|
|move|p1a: Virizion|Swords Dance|p1a: Virizion
|-boost|p1a: Virizion|atk|2
|move|p2a: Aromatisse|Moonblast|p1a: Virizion
|-supereffective|p1a: Virizion
|-damage|p1a: Virizion|0 fnt
|faint|p1a: Virizion
|
|-heal|p2a: Aromatisse|205\/406|[from] item: Leftovers
|upkeep
|c|☆Accelgor|gg
|c|☆Roseybear|gg
|c|☆Accelgor|gl in the rest
|c|☆Roseybear|thank you
|-message|Accelgor forfeited.
|
|win|Roseybear</script>
</div>
<div class="battle-log battle-log-inline"><div class="inner"><div class="battle-options"></div><div class="inner"><div class="chat message-error">Battle timer is ON: inactive players will automatically lose when time's up.</div><div class=""><small>Format:</small> <br><strong>RU</strong></div><div class=""><small><em>Sleep Clause Mod:</em> Limit one foe put to sleep</small></div><div class=""><small><em>Species Clause:</em> Limit one of each Pokémon</small></div><div class=""><small><em>OHKO Clause:</em> OHKO moves are banned</small></div><div class=""><small><em>Moody Clause:</em> Moody is banned</small></div><div class=""><small><em>Evasion Moves Clause:</em> Evasion moves are banned</small></div><div class=""><small><em>Endless Battle Clause:</em> Forcing endless battles is banned</small></div><div class=""><small><em>HP Percentage Mod:</em> HP is shown in percentages</small></div><div class=""><small><em>Swagger Clause:</em> Swagger is banned</small></div><div class=""><small><em>Baton Pass Clause:</em> Limit one Baton Passer, can't pass Spe and other stats simultaneously</small></div><div class="chat battle-history"><strong>Accelgor's team:</strong> <em style="color:#445566;display:block;">Registeel / Virizion / Slowking / Drapion / Audino / Flygon</em></div><div class="chat battle-history"><strong>Roseybear's team:</strong> <em style="color:#445566;display:block;">Alomomola / Registeel / Aromatisse / Venusaur / Hitmontop / Meloetta</em></div><div class="chat chatmessage-accelgor"><strong style="color:hsl(220,52%,54.04920181066666%)"><small>☆</small><span class="username" data-name="Accelgor">Accelgor</span>:</strong> <em>hf</em></div><div class="chat chatmessage-roseybear"><strong style="color:hsl(307,65%,41%)"><small>☆</small><span class="username" data-name="Roseybear">Roseybear</span>:</strong> <em>glhf</em></div><div class="spacer battle-history"><br></div><div class="battle-history">Battle started between Accelgor and Roseybear!<br></div><div class="spacer battle-history"><br></div><div class="battle-history">Go! <strong>Registeel</strong>!<br></div><div class="spacer battle-history"><br></div><div class="battle-history">Roseybear sent out <strong>Registeel</strong>!<br></div><div class="spacer battle-history"><br></div><h2 class="battle-history">Turn 1</h2><div class="spacer battle-history"><br></div><div class="battle-history">Registeel used <strong>Stealth Rock</strong>!<br></div><div class="battle-history"><small>Pointed stones float in the air around the opposing team!</small><br></div><div class="spacer battle-history"><br></div><div class="battle-history">The opposing Registeel used <strong>Stealth Rock</strong>!<br></div><div class="battle-history"><small>Pointed stones float in the air around your team!</small><br></div><div class="spacer battle-history"><br></div><h2 class="battle-history">Turn 2</h2><div class="spacer battle-history"><br></div><div class="battle-history">Registeel, come back!<br></div><div class="battle-history">Go! <strong>Flygon</strong>!<br></div><div class="battle-history"><small>Pointed stones dug into Flygon!</small><br></div><div class="spacer battle-history"><br></div><div class="battle-history">Roseybear withdrew Registeel!<br></div><div class="battle-history">Roseybear sent out <strong>Alomomola</strong>!<br></div><div class="battle-history"><small>Pointed stones dug into the opposing Alomomola!</small><br></div><div class="spacer battle-history"><br></div><div class="battle-history"><small>Flygon restored a little HP using its Leftovers!</small><br></div><div class="battle-history"><small>The opposing Alomomola restored a little HP using its Leftovers!</small><br></div><div class="spacer battle-history"><br></div><h2 class="battle-history">Turn 3</h2><div class="spacer battle-history"><br></div><div class="battle-history">Flygon, come back!<br></div><div class="battle-history">Go! <strong>Registeel</strong>!<br></div><div class="battle-history"><small>Pointed stones dug into Registeel!</small><br></div><div class="spacer battle-history"><br></div><div class="battle-history">The opposing Alomomola used <strong>Toxic</strong>!<br></div><div class="battle-history"><small>It doesn't affect Registeel...</small><br></div><div class="spacer battle-history"><br></div><div class="battle-history"><small>The opposing Alomomola restored a little HP using its Leftovers!</small><br></div><div class="battle-history"><small>Registeel restored a little HP using its Leftovers!</small><br></div><div class="spacer battle-history"><br></div><h2 class="battle-history">Turn 4</h2><div class="spacer battle-history"><br></div><div class="battle-history">The opposing Alomomola used <strong>Scald</strong>!<br></div><div class="battle-history"><small>(Registeel lost <abbr title="−27/364">7.4%</abbr> of its health!)</small><br></div><div class="battle-history"><small>Registeel was burned!</small><br></div><div class="spacer battle-history"><br></div><div class="battle-history">Registeel used <strong>Toxic</strong>!<br></div><div class="battle-history"><small>The opposing Alomomola was badly poisoned!</small><br></div><div class="spacer battle-history"><br></div><div class="battle-history"><small>Registeel restored a little HP using its Leftovers!</small><br></div><div class="battle-history"><small>The opposing Alomomola was hurt by poison!</small><br></div><div class="battle-history"><small>Registeel was hurt by its burn!</small><br></div><div class="spacer battle-history"><br></div><h2 class="battle-history">Turn 5</h2><div class="spacer battle-history"><br></div><div class="battle-history">Roseybear withdrew Alomomola!<br></div><div class="battle-history">Roseybear sent out <strong>Registeel</strong>!<br></div><div class="battle-history"><small>Pointed stones dug into the opposing Registeel!</small><br></div><div class="spacer battle-history"><br></div><div class="battle-history">Registeel used <strong>Seismic Toss</strong>!<br></div><div class="battle-history"><small>(The opposing Registeel lost <abbr title="−100/364">27.5%</abbr> of its health!)</small><br></div><div class="spacer battle-history"><br></div><div class="battle-history"><small>Registeel restored a little HP using its Leftovers!</small><br></div><div class="battle-history"><small>The opposing Registeel restored a little HP using its Leftovers!</small><br></div><div class="battle-history"><small>Registeel was hurt by its burn!</small><br></div><div class="spacer battle-history"><br></div><h2 class="battle-history">Turn 6</h2><div class="spacer battle-history"><br></div><div class="battle-history">Registeel, come back!<br></div><div class="battle-history">Go! <strong>Flygon</strong>!<br></div><div class="battle-history"><small>Pointed stones dug into Flygon!</small><br></div><div class="spacer battle-history"><br></div><div class="battle-history">The opposing Registeel used <strong>Seismic Toss</strong>!<br></div><div class="battle-history"><small>(Flygon lost <abbr title="−100/311">32.2%</abbr> of its health!)</small><br></div><div class="spacer battle-history"><br></div><div class="battle-history"><small>Flygon restored a little HP using its Leftovers!</small><br></div><div class="battle-history"><small>The opposing Registeel restored a little HP using its Leftovers!</small><br></div><div class="spacer battle-history"><br></div><h2 class="battle-history">Turn 7</h2><div class="spacer battle-history"><br></div><div class="battle-history">The opposing Registeel used <strong>Protect</strong>!<br></div><div class="battle-history"><small>The opposing Registeel protected itself!</small><br></div><div class="spacer battle-history"><br></div><div class="battle-history">Flygon used <strong>Earthquake</strong>!<br></div><div class="battle-history"><small>The opposing Registeel protected itself!</small><br></div><div class="spacer battle-history"><br></div><div class="battle-history"><small>Flygon restored a little HP using its Leftovers!</small><br></div><div class="battle-history"><small>The opposing Registeel restored a little HP using its Leftovers!</small><br></div><div class="spacer battle-history"><br></div><h2 class="battle-history">Turn 8</h2><div class="spacer battle-history"><br></div><div class="battle-history">Roseybear withdrew Registeel!<br></div><div class="battle-history">Roseybear sent out <strong>Aromatisse</strong>!<br></div><div class="battle-history"><small>Pointed stones dug into the opposing Aromatisse!</small><br></div><div class="spacer battle-history"><br></div><div class="battle-history">Flygon used <strong>Earthquake</strong>!<br></div><div class="battle-history"><small>(The opposing Aromatisse lost <abbr title="−132/406">32.5%</abbr> of its health!)</small><br></div><div class="spacer battle-history"><br></div><div class="battle-history"><small>Flygon restored a little HP using its Leftovers!</small><br></div><div class="battle-history"><small>The opposing Aromatisse restored a little HP using its Leftovers!</small><br></div><div class="spacer battle-history"><br></div><h2 class="battle-history">Turn 9</h2><div class="spacer battle-history"><br></div><div class="battle-history">Flygon used <strong>Earthquake</strong>!<br></div><div class="battle-history"><small>(The opposing Aromatisse lost <abbr title="−129/406">31.8%</abbr> of its health!)</small><br></div><div class="spacer battle-history"><br></div><div class="battle-history">The opposing Aromatisse used <strong>Wish</strong>!<br></div><div class="spacer battle-history"><br></div><div class="battle-history"><small>Flygon restored a little HP using its Leftovers!</small><br></div><div class="battle-history"><small>The opposing Aromatisse restored a little HP using its Leftovers!</small><br></div><div class="spacer battle-history"><br></div><h2 class="battle-history">Turn 10</h2><div class="spacer battle-history"><br></div><div class="battle-history">Flygon, come back!<br></div><div class="battle-history">Go! <strong>Audino</strong>!<br></div><div class="battle-history"><small>Pointed stones dug into Audino!</small><br></div><div class="spacer battle-history"><br></div><div class="battle-history">The opposing Aromatisse used <strong>Aromatherapy</strong>!<br></div><div class="battle-history"><small>A soothing aroma wafted through the area!</small><br></div><div class="battle-history"><small>The opposing Alomomola was cured of its poisoning.</small><br></div><div class="spacer battle-history"><br></div><div class="battle-history"><small>Aromatisse's wish came true!</small><br></div><div class="battle-history"><small>The opposing Aromatisse restored a little HP using its Leftovers!</small><br></div><div class="spacer battle-history"><br></div><h2 class="battle-history">Turn 11</h2><div class="spacer battle-history"><br></div><div class="battle-history">Roseybear withdrew Aromatisse!<br></div><div class="battle-history">Roseybear sent out <strong>Alomomola</strong>!<br></div><div class="battle-history"><small>Pointed stones dug into the opposing Alomomola!</small><br></div><div class="spacer battle-history"><br></div><div class="battle-history">Audino used <strong>Heal Bell</strong>!<br></div><div class="battle-history"><small>A bell chimed!</small><br></div><div class="battle-history"><small>Registeel's burn was healed.</small><br></div><div class="spacer battle-history"><br></div><div class="battle-history"><small>The opposing Alomomola restored a little HP using its Leftovers!</small><br></div><div class="spacer battle-history"><br></div><h2 class="battle-history">Turn 12</h2><div class="spacer battle-history"><br></div><div class="battle-history">Audino used <strong>Protect</strong>!<br></div><div class="battle-history"><small>Audino protected itself!</small><br></div><div class="spacer battle-history"><br></div><div class="battle-history">The opposing Alomomola used <strong>Scald</strong>!<br></div><div class="battle-history"><small>Audino protected itself!</small><br></div><div class="spacer battle-history"><br></div><div class="battle-history"><small>The opposing Alomomola restored a little HP using its Leftovers!</small><br></div><div class="spacer battle-history"><br></div><h2 class="battle-history">Turn 13</h2><div class="spacer battle-history"><br></div><div class="battle-history">Audino, come back!<br></div><div class="battle-history">Go! <strong>Slowking</strong>!<br></div><div class="battle-history"><small>Pointed stones dug into Slowking!</small><br></div><div class="spacer battle-history"><br></div><div class="battle-history">The opposing Alomomola used <strong>Toxic</strong>!<br></div><div class="battle-history"><small>Slowking was badly poisoned!</small><br></div><div class="spacer battle-history"><br></div><div class="battle-history"><small>Slowking was hurt by poison!</small><br></div><div class="spacer battle-history"><br></div><h2 class="battle-history">Turn 14</h2><div class="spacer battle-history"><br></div><div class="battle-history">Roseybear withdrew Alomomola!<br></div><div class="battle-history">Roseybear sent out <strong>Meloetta</strong>!<br></div><div class="battle-history"><small>Pointed stones dug into the opposing Meloetta!</small><br></div><div class="spacer battle-history"><br></div><div class="battle-history">Slowking used <strong>Scald</strong>!<br></div><div class="battle-history"><small>(The opposing Meloetta lost <abbr title="−70/341">20.5%</abbr> of its health!)</small><br></div><div class="spacer battle-history"><br></div><div class="battle-history"><small>Slowking was hurt by poison!</small><br></div><div class="spacer battle-history"><br></div><h2 class="battle-history">Turn 15</h2><div class="spacer battle-history"><br></div><div class="battle-history">Slowking, come back!<br></div><div class="battle-history">Go! <strong>Drapion</strong>!<br></div><div class="battle-history"><small>Pointed stones dug into Drapion!</small><br></div><div class="spacer battle-history"><br></div><div class="battle-history">The opposing Meloetta used <strong>Focus Blast</strong>!<br></div><div class="battle-history"><small>(Drapion lost <abbr title="−246/281">87.5%</abbr> of its health!)</small><br></div><div class="spacer battle-history"><br></div><div class="battle-history">Drapion fainted!<br></div><div class="spacer battle-history"><br></div><div class="battle-history">Go! <strong>Slowking</strong>!<br></div><div class="battle-history"><small>Pointed stones dug into Slowking!</small><br></div><div class="spacer battle-history"><br></div><h2 class="battle-history">Turn 16</h2><div class="spacer battle-history"><br></div><div class="battle-history">Roseybear withdrew Meloetta!<br></div><div class="battle-history">Roseybear sent out <strong>Alomomola</strong>!<br></div><div class="battle-history"><small>Pointed stones dug into the opposing Alomomola!</small><br></div><div class="spacer battle-history"><br></div><div class="battle-history">Slowking used <strong>Scald</strong>!<br></div><div class="battle-history"><small>It's not very effective...</small><br></div><div class="battle-history"><small>(The opposing Alomomola lost <abbr title="−55/501">11.0%</abbr> of its health!)</small><br></div><div class="spacer battle-history"><br></div><div class="battle-history"><small>The opposing Alomomola restored a little HP using its Leftovers!</small><br></div><div class="battle-history"><small>Slowking was hurt by poison!</small><br></div><div class="spacer battle-history"><br></div><h2 class="battle-history">Turn 17</h2><div class="spacer battle-history"><br></div><div class="battle-history">The opposing Alomomola used <strong>Wish</strong>!<br></div><div class="spacer battle-history"><br></div><div class="battle-history">Slowking used <strong>Scald</strong>!<br></div><div class="battle-history"><small>It's not very effective...</small><br></div><div class="battle-history"><small>(The opposing Alomomola lost <abbr title="−60/501">12.0%</abbr> of its health!)</small><br></div><div class="spacer battle-history"><br></div><div class="battle-history"><small>The opposing Alomomola restored a little HP using its Leftovers!</small><br></div><div class="battle-history"><small>Slowking was hurt by poison!</small><br></div><div class="spacer battle-history"><br></div><h2 class="battle-history">Turn 18</h2><div class="spacer battle-history"><br></div><div class="battle-history">Roseybear withdrew Alomomola!<br></div><div class="battle-history">Roseybear sent out <strong>Meloetta</strong>!<br></div><div class="battle-history"><small>Pointed stones dug into the opposing Meloetta!</small><br></div><div class="spacer battle-history"><br></div><div class="battle-history">Slowking, come back!<br></div><div class="battle-history">Go! <strong>Audino</strong>!<br></div><div class="battle-history"><small>Pointed stones dug into Audino!</small><br></div><div class="spacer battle-history"><br></div><div class="battle-history"><small>Alomomola's wish came true!</small><br></div><div class="spacer battle-history"><br></div><h2 class="battle-history">Turn 19</h2><div class="spacer battle-history"><br></div><div class="battle-history">Audino used <strong>Protect</strong>!<br></div><div class="battle-history"><small>Audino protected itself!</small><br></div><div class="spacer battle-history"><br></div><div class="battle-history">The opposing Meloetta used <strong>Hyper Voice</strong>!<br></div><div class="battle-history"><small>Audino protected itself!</small><br></div><div class="spacer battle-history"><br></div><h2 class="battle-history">Turn 20</h2><div class="spacer battle-history"><br></div><div class="battle-history">The opposing Meloetta used <strong>Hyper Voice</strong>!<br></div><div class="battle-history"><small>(Audino lost <abbr title="−274/410">66.8%</abbr> of its health!)</small><br></div><div class="spacer battle-history"><br></div><div class="battle-history">Audino used <strong>Wish</strong>!<br></div><div class="spacer battle-history"><br></div><h2 class="battle-history">Turn 21</h2><div class="spacer battle-history"><br></div><div class="battle-history">Audino used <strong>Protect</strong>!<br></div><div class="battle-history"><small>Audino protected itself!</small><br></div><div class="spacer battle-history"><br></div><div class="battle-history">The opposing Meloetta used <strong>Hyper Voice</strong>!<br></div><div class="battle-history"><small>Audino protected itself!</small><br></div><div class="spacer battle-history"><br></div><div class="battle-history"><small>Audino's wish came true!</small><br></div><div class="spacer battle-history"><br></div><h2 class="battle-history">Turn 22</h2><div class="spacer battle-history"><br></div><div class="battle-history">Audino, come back!<br></div><div class="battle-history">Go! <strong>Registeel</strong>!<br></div><div class="battle-history"><small>Pointed stones dug into Registeel!</small><br></div><div class="spacer battle-history"><br></div><div class="battle-history">The opposing Meloetta used <strong>Hyper Voice</strong>!<br></div><div class="battle-history"><small>It's not very effective...</small><br></div><div class="battle-history"><small>(Registeel lost <abbr title="−70/364">19.2%</abbr> of its health!)</small><br></div><div class="spacer battle-history"><br></div><div class="battle-history"><small>Registeel restored a little HP using its Leftovers!</small><br></div><div class="spacer battle-history"><br></div><h2 class="battle-history">Turn 23</h2><div class="spacer battle-history"><br></div><div class="battle-history">Roseybear withdrew Meloetta!<br></div><div class="battle-history">Roseybear sent out <strong>Alomomola</strong>!<br></div><div class="battle-history"><small>Pointed stones dug into the opposing Alomomola!</small><br></div><div class="spacer battle-history"><br></div><div class="battle-history">Registeel used <strong>Seismic Toss</strong>!<br></div><div class="battle-history"><small>(The opposing Alomomola lost <abbr title="−100/501">20.0%</abbr> of its health!)</small><br></div><div class="spacer battle-history"><br></div><div class="battle-history"><small>The opposing Alomomola restored a little HP using its Leftovers!</small><br></div><div class="battle-history"><small>Registeel restored a little HP using its Leftovers!</small><br></div><div class="spacer battle-history"><br></div><h2 class="battle-history">Turn 24</h2><div class="spacer battle-history"><br></div><div class="battle-history">The opposing Alomomola used <strong>Scald</strong>!<br></div><div class="battle-history"><small>(Registeel lost <abbr title="−27/364">7.4%</abbr> of its health!)</small><br></div><div class="spacer battle-history"><br></div><div class="battle-history">Registeel used <strong>Toxic</strong>!<br></div><div class="battle-history"><small>The opposing Alomomola was badly poisoned!</small><br></div><div class="spacer battle-history"><br></div><div class="battle-history"><small>The opposing Alomomola restored a little HP using its Leftovers!</small><br></div><div class="battle-history"><small>Registeel restored a little HP using its Leftovers!</small><br></div><div class="battle-history"><small>The opposing Alomomola was hurt by poison!</small><br></div><div class="spacer battle-history"><br></div><h2 class="battle-history">Turn 25</h2><div class="spacer battle-history"><br></div><div class="battle-history">Registeel, come back!<br></div><div class="battle-history">Go! <strong>Slowking</strong>!<br></div><div class="battle-history"><small>Pointed stones dug into Slowking!</small><br></div><div class="spacer battle-history"><br></div><div class="battle-history">The opposing Alomomola used <strong>Scald</strong>!<br></div><div class="battle-history"><small>It's not very effective...</small><br></div><div class="battle-history"><small>(Slowking lost <abbr title="−20/391">5.1%</abbr> of its health!)</small><br></div><div class="spacer battle-history"><br></div><div class="battle-history"><small>The opposing Alomomola restored a little HP using its Leftovers!</small><br></div><div class="battle-history"><small>The opposing Alomomola was hurt by poison!</small><br></div><div class="battle-history"><small>Slowking was hurt by poison!</small><br></div><div class="spacer battle-history"><br></div><h2 class="battle-history">Turn 26</h2><div class="spacer battle-history"><br></div><div class="battle-history">Roseybear withdrew Alomomola!<br></div><div class="battle-history">Roseybear sent out <strong>Meloetta</strong>!<br></div><div class="battle-history"><small>Pointed stones dug into the opposing Meloetta!</small><br></div><div class="spacer battle-history"><br></div><div class="battle-history">Slowking used <strong>Psyshock</strong>!<br></div><div class="battle-history"><small>It's not very effective...</small><br></div><div class="battle-history"><small>(The opposing Meloetta lost <abbr title="−63/341">18.5%</abbr> of its health!)</small><br></div><div class="spacer battle-history"><br></div><div class="battle-history"><small>Slowking was hurt by poison!</small><br></div><div class="spacer battle-history"><br></div><h2 class="battle-history">Turn 27</h2><div class="spacer battle-history"><br></div><div class="battle-history">The opposing Meloetta used <strong>Focus Blast</strong>!<br></div><div class="battle-history"><small>Slowking avoided the attack!</small><br></div><div class="spacer battle-history"><br></div><div class="battle-history">Slowking used <strong>Slack Off</strong>!<br></div><div class="battle-history"><small>Slowking restored its HP.</small><br></div><div class="spacer battle-history"><br></div><div class="battle-history"><small>Slowking was hurt by poison!</small><br></div><div class="spacer battle-history"><br></div><h2 class="battle-history">Turn 28</h2><div class="spacer battle-history"><br></div><div class="battle-history">The opposing Meloetta used <strong>Focus Blast</strong>!<br></div><div class="battle-history"><small>It's not very effective...</small><br></div><div class="battle-history"><small>(Slowking lost <abbr title="−96/391">24.6%</abbr> of its health!)</small><br></div><div class="spacer battle-history"><br></div><div class="battle-history">Slowking used <strong>Scald</strong>!<br></div><div class="battle-history"><small>(The opposing Meloetta lost <abbr title="−75/341">22.0%</abbr> of its health!)</small><br></div><div class="battle-history"><small>The opposing Meloetta was burned!</small><br></div><div class="spacer battle-history"><br></div><div class="battle-history"><small>The opposing Meloetta was hurt by its burn!</small><br></div><div class="battle-history"><small>Slowking was hurt by poison!</small><br></div><div class="spacer battle-history"><br></div><h2 class="battle-history">Turn 29</h2><div class="spacer battle-history"><br></div><div class="battle-history">The opposing Meloetta used <strong>Focus Blast</strong>!<br></div><div class="battle-history"><small>It's not very effective...</small><br></div><div class="battle-history"><small>(Slowking lost <abbr title="−104/391">26.6%</abbr> of its health!)</small><br></div><div class="battle-history"><small>Slowking's Special Defense fell!</small><br></div><div class="spacer battle-history"><br></div><div class="battle-history">Slowking used <strong>Slack Off</strong>!<br></div><div class="battle-history"><small>Slowking restored its HP.</small><br></div><div class="spacer battle-history"><br></div><div class="battle-history"><small>The opposing Meloetta was hurt by its burn!</small><br></div><div class="battle-history"><small>Slowking was hurt by poison!</small><br></div><div class="spacer battle-history"><br></div><h2 class="battle-history">Turn 30</h2><div class="spacer battle-history"><br></div><div class="battle-history">The opposing Meloetta used <strong>Focus Blast</strong>!<br></div><div class="battle-history"><small>It's not very effective...</small><br></div><div class="battle-history"><small>(Slowking lost <abbr title="−99/391">25.3%</abbr> of its health!)</small><br></div><div class="spacer battle-history"><br></div><div class="battle-history">Slowking fainted!<br></div><div class="spacer battle-history"><br></div><div class="battle-history"><small>The opposing Meloetta was hurt by its burn!</small><br></div><div class="spacer battle-history"><br></div><div class="battle-history">Go! <strong>Flygon</strong>!<br></div><div class="battle-history"><small>Pointed stones dug into Flygon!</small><br></div><div class="spacer battle-history"><br></div><h2 class="battle-history">Turn 31</h2><div class="spacer battle-history"><br></div><div class="battle-history">Flygon used <strong>Earthquake</strong>!<br></div><div class="battle-history"><small>(The opposing Meloetta lost <abbr title="−35/341">10.3%</abbr> of its health!)</small><br></div><div class="spacer battle-history"><br></div><div class="battle-history">The opposing Meloetta fainted!<br></div><div class="spacer battle-history"><br></div><div class="battle-history"><small>Flygon restored a little HP using its Leftovers!</small><br></div><div class="spacer battle-history"><br></div><div class="battle-history">Roseybear sent out <strong>Aromatisse</strong>!<br></div><div class="battle-history"><small>Pointed stones dug into the opposing Aromatisse!</small><br></div><div class="spacer battle-history"><br></div><h2 class="battle-history">Turn 32</h2><div class="spacer battle-history"><br></div><div class="battle-history">Flygon, come back!<br></div><div class="battle-history">Go! <strong>Registeel</strong>!<br></div><div class="battle-history"><small>Pointed stones dug into Registeel!</small><br></div><div class="spacer battle-history"><br></div><div class="battle-history">The opposing Aromatisse used <strong>Wish</strong>!<br></div><div class="spacer battle-history"><br></div><div class="battle-history"><small>Registeel restored a little HP using its Leftovers!</small><br></div><div class="battle-history"><small>The opposing Aromatisse restored a little HP using its Leftovers!</small><br></div><div class="spacer battle-history"><br></div><h2 class="battle-history">Turn 33</h2><div class="spacer battle-history"><br></div><div class="battle-history">Roseybear withdrew Aromatisse!<br></div><div class="battle-history">Roseybear sent out <strong>Registeel</strong>!<br></div><div class="battle-history"><small>Pointed stones dug into the opposing Registeel!</small><br></div><div class="spacer battle-history"><br></div><div class="battle-history">Registeel used <strong>Toxic</strong>!<br></div><div class="battle-history"><small>It doesn't affect the opposing Registeel...</small><br></div><div class="spacer battle-history"><br></div><div class="battle-history"><small>Aromatisse's wish came true!</small><br></div><div class="battle-history"><small>Registeel restored a little HP using its Leftovers!</small><br></div><div class="spacer battle-history"><br></div><h2 class="battle-history">Turn 34</h2><div class="spacer battle-history"><br></div><div class="battle-history">Registeel, come back!<br></div><div class="battle-history">Go! <strong>Flygon</strong>!<br></div><div class="battle-history"><small>Pointed stones dug into Flygon!</small><br></div><div class="spacer battle-history"><br></div><div class="battle-history">The opposing Registeel used <strong>Seismic Toss</strong>!<br></div><div class="battle-history"><small>(Flygon lost <abbr title="−100/311">32.2%</abbr> of its health!)</small><br></div><div class="spacer battle-history"><br></div><div class="battle-history"><small>Flygon restored a little HP using its Leftovers!</small><br></div><div class="spacer battle-history"><br></div><h2 class="battle-history">Turn 35</h2><div class="spacer battle-history"><br></div><div class="battle-history">Roseybear withdrew Registeel!<br></div><div class="battle-history">Roseybear sent out <strong>Alomomola</strong>!<br></div><div class="battle-history"><small>Pointed stones dug into the opposing Alomomola!</small><br></div><div class="spacer battle-history"><br></div><div class="battle-history">Flygon used <strong>Roost</strong>!<br></div><div class="battle-history"><small>Flygon restored its HP.</small><br></div><div class="spacer battle-history"><br></div><div class="battle-history"><small>The opposing Alomomola restored a little HP using its Leftovers!</small><br></div><div class="battle-history"><small>The opposing Alomomola was hurt by poison!</small><br></div><div class="spacer battle-history"><br></div><h2 class="battle-history">Turn 36</h2><div class="spacer battle-history"><br></div><div class="battle-history">Flygon, come back!<br></div><div class="battle-history">Go! <strong>Registeel</strong>!<br></div><div class="battle-history"><small>Pointed stones dug into Registeel!</small><br></div><div class="spacer battle-history"><br></div><div class="battle-history">The opposing Alomomola used <strong>Wish</strong>!<br></div><div class="spacer battle-history"><br></div><div class="battle-history"><small>The opposing Alomomola restored a little HP using its Leftovers!</small><br></div><div class="battle-history"><small>Registeel restored a little HP using its Leftovers!</small><br></div><div class="battle-history"><small>The opposing Alomomola was hurt by poison!</small><br></div><div class="spacer battle-history"><br></div><h2 class="battle-history">Turn 37</h2><div class="spacer battle-history"><br></div><div class="battle-history">The opposing Alomomola used <strong>Scald</strong>!<br></div><div class="battle-history"><small>(Registeel lost <abbr title="−25/364">6.9%</abbr> of its health!)</small><br></div><div class="spacer battle-history"><br></div><div class="battle-history">Registeel used <strong>Toxic</strong>!<br></div><div class="battle-history"><small>But it failed!</small><br></div><div class="spacer battle-history"><br></div><div class="battle-history"><small>Alomomola's wish came true!</small><br></div><div class="battle-history"><small>Registeel restored a little HP using its Leftovers!</small><br></div><div class="battle-history"><small>The opposing Alomomola was hurt by poison!</small><br></div><div class="spacer battle-history"><br></div><h2 class="battle-history">Turn 38</h2><div class="spacer battle-history"><br></div><div class="battle-history">The opposing Alomomola used <strong>Wish</strong>!<br></div><div class="spacer battle-history"><br></div><div class="battle-history">Registeel used <strong>Thunderbolt</strong>!<br></div><div class="battle-history"><small>It's super effective!</small><br></div><div class="battle-history"><small>(The opposing Alomomola lost <abbr title="−148/501">29.5%</abbr> of its health!)</small><br></div><div class="spacer battle-history"><br></div><div class="battle-history"><small>The opposing Alomomola restored a little HP using its Leftovers!</small><br></div><div class="battle-history"><small>Registeel restored a little HP using its Leftovers!</small><br></div><div class="battle-history"><small>The opposing Alomomola was hurt by poison!</small><br></div><div class="spacer battle-history"><br></div><h2 class="battle-history">Turn 39</h2><div class="spacer battle-history"><br></div><div class="battle-history">Roseybear withdrew Alomomola!<br></div><div class="battle-history">Roseybear sent out <strong>Registeel</strong>!<br></div><div class="battle-history"><small>Pointed stones dug into the opposing Registeel!</small><br></div><div class="spacer battle-history"><br></div><div class="battle-history">Registeel used <strong>Seismic Toss</strong>!<br></div><div class="battle-history"><small>(The opposing Registeel lost <abbr title="−100/364">27.5%</abbr> of its health!)</small><br></div><div class="spacer battle-history"><br></div><div class="battle-history"><small>Alomomola's wish came true!</small><br></div><div class="battle-history"><small>Registeel restored a little HP using its Leftovers!</small><br></div><div class="spacer battle-history"><br></div><h2 class="battle-history">Turn 40</h2><div class="spacer battle-history"><br></div><div class="battle-history">Registeel used <strong>Seismic Toss</strong>!<br></div><div class="battle-history"><small>(The opposing Registeel lost <abbr title="−100/364">27.5%</abbr> of its health!)</small><br></div><div class="spacer battle-history"><br></div><div class="battle-history">The opposing Registeel used <strong>Toxic</strong>!<br></div><div class="battle-history"><small>It doesn't affect Registeel...</small><br></div><div class="spacer battle-history"><br></div><div class="battle-history"><small>Registeel restored a little HP using its Leftovers!</small><br></div><div class="battle-history"><small>The opposing Registeel restored a little HP using its Leftovers!</small><br></div><div class="spacer battle-history"><br></div><h2 class="battle-history">Turn 41</h2><div class="spacer battle-history"><br></div><div class="battle-history">Registeel, come back!<br></div><div class="battle-history">Go! <strong>Flygon</strong>!<br></div><div class="battle-history"><small>Pointed stones dug into Flygon!</small><br></div><div class="spacer battle-history"><br></div><div class="battle-history">The opposing Registeel used <strong>Seismic Toss</strong>!<br></div><div class="battle-history"><small>(Flygon lost <abbr title="−100/311">32.2%</abbr> of its health!)</small><br></div><div class="spacer battle-history"><br></div><div class="battle-history"><small>Flygon restored a little HP using its Leftovers!</small><br></div><div class="battle-history"><small>The opposing Registeel restored a little HP using its Leftovers!</small><br></div><div class="spacer battle-history"><br></div><h2 class="battle-history">Turn 42</h2><div class="spacer battle-history"><br></div><div class="battle-history">The opposing Registeel used <strong>Protect</strong>!<br></div><div class="battle-history"><small>The opposing Registeel protected itself!</small><br></div><div class="spacer battle-history"><br></div><div class="battle-history">Flygon used <strong>Earthquake</strong>!<br></div><div class="battle-history"><small>The opposing Registeel protected itself!</small><br></div><div class="spacer battle-history"><br></div><div class="battle-history"><small>Flygon restored a little HP using its Leftovers!</small><br></div><div class="battle-history"><small>The opposing Registeel restored a little HP using its Leftovers!</small><br></div><div class="spacer battle-history"><br></div><h2 class="battle-history">Turn 43</h2><div class="spacer battle-history"><br></div><div class="battle-history">Roseybear withdrew Registeel!<br></div><div class="battle-history">Roseybear sent out <strong>Aromatisse</strong>!<br></div><div class="battle-history"><small>Pointed stones dug into the opposing Aromatisse!</small><br></div><div class="spacer battle-history"><br></div><div class="battle-history">Flygon used <strong>Earthquake</strong>!<br></div><div class="battle-history"><small>(The opposing Aromatisse lost <abbr title="−141/406">34.7%</abbr> of its health!)</small><br></div><div class="spacer battle-history"><br></div><div class="battle-history"><small>Flygon restored a little HP using its Leftovers!</small><br></div><div class="battle-history"><small>The opposing Aromatisse restored a little HP using its Leftovers!</small><br></div><div class="spacer battle-history"><br></div><h2 class="battle-history">Turn 44</h2><div class="spacer battle-history"><br></div><div class="battle-history">Flygon, come back!<br></div><div class="battle-history">Go! <strong>Registeel</strong>!<br></div><div class="battle-history"><small>Pointed stones dug into Registeel!</small><br></div><div class="spacer battle-history"><br></div><div class="battle-history">The opposing Aromatisse used <strong>Wish</strong>!<br></div><div class="spacer battle-history"><br></div><div class="battle-history"><small>Registeel restored a little HP using its Leftovers!</small><br></div><div class="battle-history"><small>The opposing Aromatisse restored a little HP using its Leftovers!</small><br></div><div class="spacer battle-history"><br></div><h2 class="battle-history">Turn 45</h2><div class="spacer battle-history"><br></div><div class="battle-history">Registeel used <strong>Thunderbolt</strong>!<br></div><div class="battle-history"><small>(The opposing Aromatisse lost <abbr title="−67/406">16.5%</abbr> of its health!)</small><br></div><div class="spacer battle-history"><br></div><div class="battle-history">The opposing Aromatisse used <strong>Aromatherapy</strong>!<br></div><div class="battle-history"><small>A soothing aroma wafted through the area!</small><br></div><div class="battle-history"><small>The opposing Alomomola was cured of its poisoning.</small><br></div><div class="spacer battle-history"><br></div><div class="battle-history"><small>Aromatisse's wish came true!</small><br></div><div class="battle-history"><small>Registeel restored a little HP using its Leftovers!</small><br></div><div class="battle-history"><small>The opposing Aromatisse restored a little HP using its Leftovers!</small><br></div><div class="spacer battle-history"><br></div><h2 class="battle-history">Turn 46</h2><div class="spacer battle-history"><br></div><div class="battle-history">The opposing Aromatisse used <strong>Protect</strong>!<br></div><div class="battle-history"><small>The opposing Aromatisse protected itself!</small><br></div><div class="spacer battle-history"><br></div><div class="battle-history">Registeel used <strong>Seismic Toss</strong>!<br></div><div class="battle-history"><small>The opposing Aromatisse protected itself!</small><br></div><div class="spacer battle-history"><br></div><div class="battle-history"><small>Registeel restored a little HP using its Leftovers!</small><br></div><div class="battle-history"><small>The opposing Aromatisse restored a little HP using its Leftovers!</small><br></div><div class="spacer battle-history"><br></div><h2 class="battle-history">Turn 47</h2><div class="spacer battle-history"><br></div><div class="battle-history">Registeel used <strong>Toxic</strong>!<br></div><div class="battle-history"><small>The opposing Aromatisse was badly poisoned!</small><br></div><div class="spacer battle-history"><br></div><div class="battle-history">The opposing Aromatisse used <strong>Wish</strong>!<br></div><div class="spacer battle-history"><br></div><div class="battle-history"><small>The opposing Aromatisse restored a little HP using its Leftovers!</small><br></div><div class="battle-history"><small>The opposing Aromatisse was hurt by poison!</small><br></div><div class="spacer battle-history"><br></div><h2 class="battle-history">Turn 48</h2><div class="spacer battle-history"><br></div><div class="battle-history">Roseybear withdrew Aromatisse!<br></div><div class="battle-history">Roseybear sent out <strong>Alomomola</strong>!<br></div><div class="battle-history"><small>Pointed stones dug into the opposing Alomomola!</small><br></div><div class="spacer battle-history"><br></div><div class="battle-history">Registeel used <strong>Seismic Toss</strong>!<br></div><div class="battle-history"><small>(The opposing Alomomola lost <abbr title="−100/501">20.0%</abbr> of its health!)</small><br></div><div class="spacer battle-history"><br></div><div class="battle-history"><small>Aromatisse's wish came true!</small><br></div><div class="battle-history"><small>The opposing Alomomola restored a little HP using its Leftovers!</small><br></div><div class="spacer battle-history"><br></div><h2 class="battle-history">Turn 49</h2><div class="spacer battle-history"><br></div><div class="battle-history">The opposing Alomomola used <strong>Scald</strong>!<br></div><div class="battle-history"><small>(Registeel lost <abbr title="−28/364">7.7%</abbr> of its health!)</small><br></div><div class="spacer battle-history"><br></div><div class="battle-history">Registeel used <strong>Thunderbolt</strong>!<br></div><div class="battle-history"><small>It's super effective!</small><br></div><div class="battle-history"><small>A critical hit!</small><br></div><div class="battle-history"><small>(The opposing Alomomola lost <abbr title="−230/501">45.9%</abbr> of its health!)</small><br></div><div class="spacer battle-history"><br></div><div class="battle-history"><small>The opposing Alomomola restored a little HP using its Leftovers!</small><br></div><div class="battle-history"><small>Registeel restored a little HP using its Leftovers!</small><br></div><div class="spacer battle-history"><br></div><h2 class="battle-history">Turn 50</h2><div class="spacer battle-history"><br></div><div class="battle-history">The opposing Alomomola used <strong>Protect</strong>!<br></div><div class="battle-history"><small>The opposing Alomomola protected itself!</small><br></div><div class="spacer battle-history"><br></div><div class="battle-history">Registeel used <strong>Thunderbolt</strong>!<br></div><div class="battle-history"><small>The opposing Alomomola protected itself!</small><br></div><div class="spacer battle-history"><br></div><div class="battle-history"><small>The opposing Alomomola restored a little HP using its Leftovers!</small><br></div><div class="battle-history"><small>Registeel restored a little HP using its Leftovers!</small><br></div><div class="spacer battle-history"><br></div><h2 class="battle-history">Turn 51</h2><div class="spacer battle-history"><br></div><div class="battle-history">The opposing Alomomola used <strong>Wish</strong>!<br></div><div class="spacer battle-history"><br></div><div class="battle-history">Registeel used <strong>Thunderbolt</strong>!<br></div><div class="battle-history"><small>It's super effective!</small><br></div><div class="battle-history"><small>(The opposing Alomomola lost <abbr title="−136/501">27.1%</abbr> of its health!)</small><br></div><div class="spacer battle-history"><br></div><div class="battle-history"><small>The opposing Alomomola restored a little HP using its Leftovers!</small><br></div><div class="spacer battle-history"><br></div><h2 class="battle-history">Turn 52</h2><div class="spacer battle-history"><br></div><div class="battle-history">The opposing Alomomola used <strong>Protect</strong>!<br></div><div class="battle-history"><small>The opposing Alomomola protected itself!</small><br></div><div class="spacer battle-history"><br></div><div class="battle-history">Registeel used <strong>Seismic Toss</strong>!<br></div><div class="battle-history"><small>The opposing Alomomola protected itself!</small><br></div><div class="spacer battle-history"><br></div><div class="battle-history"><small>Alomomola's wish came true!</small><br></div><div class="battle-history"><small>The opposing Alomomola restored a little HP using its Leftovers!</small><br></div><div class="spacer battle-history"><br></div><h2 class="battle-history">Turn 53</h2><div class="spacer battle-history"><br></div><div class="battle-history">The opposing Alomomola used <strong>Scald</strong>!<br></div><div class="battle-history"><small>(Registeel lost <abbr title="−27/364">7.4%</abbr> of its health!)</small><br></div><div class="spacer battle-history"><br></div><div class="battle-history">Registeel used <strong>Thunderbolt</strong>!<br></div><div class="battle-history"><small>It's super effective!</small><br></div><div class="battle-history"><small>(The opposing Alomomola lost <abbr title="−142/501">28.3%</abbr> of its health!)</small><br></div><div class="spacer battle-history"><br></div><div class="battle-history"><small>The opposing Alomomola restored a little HP using its Leftovers!</small><br></div><div class="battle-history"><small>Registeel restored a little HP using its Leftovers!</small><br></div><div class="spacer battle-history"><br></div><h2 class="battle-history">Turn 54</h2><div class="spacer battle-history"><br></div><div class="battle-history">The opposing Alomomola used <strong>Wish</strong>!<br></div><div class="spacer battle-history"><br></div><div class="battle-history">Registeel used <strong>Toxic</strong>!<br></div><div class="battle-history"><small>The opposing Alomomola was badly poisoned!</small><br></div><div class="spacer battle-history"><br></div><div class="battle-history"><small>The opposing Alomomola restored a little HP using its Leftovers!</small><br></div><div class="battle-history"><small>Registeel restored a little HP using its Leftovers!</small><br></div><div class="battle-history"><small>The opposing Alomomola was hurt by poison!</small><br></div><div class="spacer battle-history"><br></div><h2 class="battle-history">Turn 55</h2><div class="spacer battle-history"><br></div><div class="battle-history">The opposing Alomomola used <strong>Scald</strong>!<br></div><div class="battle-history"><small>(Registeel lost <abbr title="−27/364">7.4%</abbr> of its health!)</small><br></div><div class="spacer battle-history"><br></div><div class="battle-history">Registeel used <strong>Seismic Toss</strong>!<br></div><div class="battle-history"><small>(The opposing Alomomola lost <abbr title="−100/501">20.0%</abbr> of its health!)</small><br></div><div class="spacer battle-history"><br></div><div class="battle-history"><small>Alomomola's wish came true!</small><br></div><div class="battle-history"><small>The opposing Alomomola restored a little HP using its Leftovers!</small><br></div><div class="battle-history"><small>Registeel restored a little HP using its Leftovers!</small><br></div><div class="battle-history"><small>The opposing Alomomola was hurt by poison!</small><br></div><div class="spacer battle-history"><br></div><h2 class="battle-history">Turn 56</h2><div class="spacer battle-history"><br></div><div class="battle-history">The opposing Alomomola used <strong>Scald</strong>!<br></div><div class="battle-history"><small>(Registeel lost <abbr title="−25/364">6.9%</abbr> of its health!)</small><br></div><div class="spacer battle-history"><br></div><div class="battle-history">Registeel used <strong>Thunderbolt</strong>!<br></div><div class="battle-history"><small>It's super effective!</small><br></div><div class="battle-history"><small>(The opposing Alomomola lost <abbr title="−136/501">27.1%</abbr> of its health!)</small><br></div><div class="spacer battle-history"><br></div><div class="battle-history"><small>The opposing Alomomola restored a little HP using its Leftovers!</small><br></div><div class="battle-history"><small>Registeel restored a little HP using its Leftovers!</small><br></div><div class="battle-history"><small>The opposing Alomomola was hurt by poison!</small><br></div><div class="spacer battle-history"><br></div><h2 class="battle-history">Turn 57</h2><div class="spacer battle-history"><br></div><div class="battle-history">Roseybear withdrew Alomomola!<br></div><div class="battle-history">Roseybear sent out <strong>Aromatisse</strong>!<br></div><div class="battle-history"><small>Pointed stones dug into the opposing Aromatisse!</small><br></div><div class="spacer battle-history"><br></div><div class="battle-history">Registeel used <strong>Seismic Toss</strong>!<br></div><div class="battle-history"><small>(The opposing Aromatisse lost <abbr title="−100/406">24.6%</abbr> of its health!)</small><br></div><div class="spacer battle-history"><br></div><div class="battle-history"><small>Registeel restored a little HP using its Leftovers!</small><br></div><div class="battle-history"><small>The opposing Aromatisse restored a little HP using its Leftovers!</small><br></div><div class="battle-history"><small>The opposing Aromatisse was hurt by poison!</small><br></div><div class="spacer battle-history"><br></div><h2 class="battle-history">Turn 58</h2><div class="spacer battle-history"><br></div><div class="battle-history">Registeel used <strong>Seismic Toss</strong>!<br></div><div class="battle-history"><small>(The opposing Aromatisse lost <abbr title="−100/406">24.6%</abbr> of its health!)</small><br></div><div class="spacer battle-history"><br></div><div class="battle-history">The opposing Aromatisse used <strong>Wish</strong>!<br></div><div class="spacer battle-history"><br></div><div class="battle-history"><small>The opposing Aromatisse restored a little HP using its Leftovers!</small><br></div><div class="battle-history"><small>The opposing Aromatisse was hurt by poison!</small><br></div><div class="spacer battle-history"><br></div><h2 class="battle-history">Turn 59</h2><div class="spacer battle-history"><br></div><div class="battle-history">The opposing Aromatisse used <strong>Protect</strong>!<br></div><div class="battle-history"><small>The opposing Aromatisse protected itself!</small><br></div><div class="spacer battle-history"><br></div><div class="battle-history">Registeel used <strong>Seismic Toss</strong>!<br></div><div class="battle-history"><small>The opposing Aromatisse protected itself!</small><br></div><div class="spacer battle-history"><br></div><div class="battle-history"><small>Aromatisse's wish came true!</small><br></div><div class="battle-history"><small>The opposing Aromatisse restored a little HP using its Leftovers!</small><br></div><div class="battle-history"><small>The opposing Aromatisse was hurt by poison!</small><br></div><div class="spacer battle-history"><br></div><h2 class="battle-history">Turn 60</h2><div class="spacer battle-history"><br></div><div class="battle-history">Registeel used <strong>Seismic Toss</strong>!<br></div><div class="battle-history"><small>(The opposing Aromatisse lost <abbr title="−100/406">24.6%</abbr> of its health!)</small><br></div><div class="spacer battle-history"><br></div><div class="battle-history">The opposing Aromatisse used <strong>Aromatherapy</strong>!<br></div><div class="battle-history"><small>A soothing aroma wafted through the area!</small><br></div><div class="battle-history"><small>The opposing Aromatisse was cured of its poisoning.</small><br></div><div class="battle-history"><small>The opposing Alomomola was cured of its poisoning.</small><br></div><div class="spacer battle-history"><br></div><div class="battle-history"><small>The opposing Aromatisse restored a little HP using its Leftovers!</small><br></div><div class="spacer battle-history"><br></div><h2 class="battle-history">Turn 61</h2><div class="spacer battle-history"><br></div><div class="battle-history">The opposing Aromatisse used <strong>Protect</strong>!<br></div><div class="battle-history"><small>The opposing Aromatisse protected itself!</small><br></div><div class="spacer battle-history"><br></div><div class="battle-history">Registeel used <strong>Seismic Toss</strong>!<br></div><div class="battle-history"><small>The opposing Aromatisse protected itself!</small><br></div><div class="spacer battle-history"><br></div><div class="battle-history"><small>The opposing Aromatisse restored a little HP using its Leftovers!</small><br></div><div class="spacer battle-history"><br></div><h2 class="battle-history">Turn 62</h2><div class="spacer battle-history"><br></div><div class="battle-history">Registeel used <strong>Toxic</strong>!<br></div><div class="battle-history"><small>The opposing Aromatisse avoided the attack!</small><br></div><div class="spacer battle-history"><br></div><div class="battle-history">The opposing Aromatisse used <strong>Wish</strong>!<br></div><div class="spacer battle-history"><br></div><div class="battle-history"><small>The opposing Aromatisse restored a little HP using its Leftovers!</small><br></div><div class="spacer battle-history"><br></div><h2 class="battle-history">Turn 63</h2><div class="spacer battle-history"><br></div><div class="battle-history">The opposing Aromatisse used <strong>Protect</strong>!<br></div><div class="battle-history"><small>The opposing Aromatisse protected itself!</small><br></div><div class="spacer battle-history"><br></div><div class="battle-history">Registeel used <strong>Seismic Toss</strong>!<br></div><div class="battle-history"><small>The opposing Aromatisse protected itself!</small><br></div><div class="spacer battle-history"><br></div><div class="battle-history"><small>Aromatisse's wish came true!</small><br></div><div class="spacer battle-history"><br></div><h2 class="battle-history">Turn 64</h2><div class="spacer battle-history"><br></div><div class="battle-history">Registeel, come back!<br></div><div class="battle-history">Go! <strong>Audino</strong>!<br></div><div class="battle-history"><small>Pointed stones dug into Audino!</small><br></div><div class="spacer battle-history"><br></div><div class="battle-history">Roseybear withdrew Aromatisse!<br></div><div class="battle-history">Roseybear sent out <strong>Alomomola</strong>!<br></div><div class="battle-history"><small>Pointed stones dug into the opposing Alomomola!</small><br></div><div class="spacer battle-history"><br></div><div class="battle-history"><small>The opposing Alomomola restored a little HP using its Leftovers!</small><br></div><div class="spacer battle-history"><br></div><h2 class="battle-history">Turn 65</h2><div class="spacer battle-history"><br></div><div class="battle-history">Audino, come back!<br></div><div class="battle-history">Go! <strong>Registeel</strong>!<br></div><div class="battle-history"><small>Pointed stones dug into Registeel!</small><br></div><div class="spacer battle-history"><br></div><div class="battle-history">The opposing Alomomola used <strong>Toxic</strong>!<br></div><div class="battle-history"><small>It doesn't affect Registeel...</small><br></div><div class="spacer battle-history"><br></div><div class="battle-history"><small>The opposing Alomomola restored a little HP using its Leftovers!</small><br></div><div class="battle-history"><small>Registeel restored a little HP using its Leftovers!</small><br></div><div class="spacer battle-history"><br></div><h2 class="battle-history">Turn 66</h2><div class="spacer battle-history"><br></div><div class="battle-history">Registeel, come back!<br></div><div class="battle-history">Go! <strong>Audino</strong>!<br></div><div class="battle-history"><small>Pointed stones dug into Audino!</small><br></div><div class="spacer battle-history"><br></div><div class="battle-history">The opposing Alomomola used <strong>Scald</strong>!<br></div><div class="battle-history"><small>(Audino lost <abbr title="−48/410">11.7%</abbr> of its health!)</small><br></div><div class="spacer battle-history"><br></div><div class="battle-history"><small>The opposing Alomomola restored a little HP using its Leftovers!</small><br></div><div class="spacer battle-history"><br></div><h2 class="battle-history">Turn 67</h2><div class="spacer battle-history"><br></div><div class="battle-history">Audino, come back!<br></div><div class="battle-history">Go! <strong>Registeel</strong>!<br></div><div class="battle-history"><small>Pointed stones dug into Registeel!</small><br></div><div class="spacer battle-history"><br></div><div class="battle-history">The opposing Alomomola used <strong>Scald</strong>!<br></div><div class="battle-history"><small>(Registeel lost <abbr title="−27/364">7.4%</abbr> of its health!)</small><br></div><div class="battle-history"><small>Registeel was burned!</small><br></div><div class="spacer battle-history"><br></div><div class="battle-history"><small>The opposing Alomomola restored a little HP using its Leftovers!</small><br></div><div class="battle-history"><small>Registeel restored a little HP using its Leftovers!</small><br></div><div class="battle-history"><small>Registeel was hurt by its burn!</small><br></div><div class="spacer battle-history"><br></div><h2 class="battle-history">Turn 68</h2><div class="spacer battle-history"><br></div><div class="battle-history">Registeel, come back!<br></div><div class="battle-history">Go! <strong>Audino</strong>!<br></div><div class="battle-history"><small>Pointed stones dug into Audino!</small><br></div><div class="spacer battle-history"><br></div><div class="battle-history">The opposing Alomomola used <strong>Toxic</strong>!<br></div><div class="battle-history"><small>Audino was badly poisoned!</small><br></div><div class="spacer battle-history"><br></div><div class="battle-history"><small>The opposing Alomomola restored a little HP using its Leftovers!</small><br></div><div class="battle-history"><small>Audino was hurt by poison!</small><br></div><div class="spacer battle-history"><br></div><h2 class="battle-history">Turn 69</h2><div class="spacer battle-history"><br></div><div class="battle-history">The opposing Alomomola used <strong>Toxic</strong>!<br></div><div class="battle-history"><small>But it failed!</small><br></div><div class="spacer battle-history"><br></div><div class="battle-history">Audino used <strong>Heal Bell</strong>!<br></div><div class="battle-history"><small>A bell chimed!</small><br></div><div class="battle-history"><small>Audino was cured of its poisoning.</small><br></div><div class="battle-history"><small>Registeel's burn was healed.</small><br></div><div class="spacer battle-history"><br></div><div class="battle-history"><small>The opposing Alomomola restored a little HP using its Leftovers!</small><br></div><div class="spacer battle-history"><br></div><h2 class="battle-history">Turn 70</h2><div class="spacer battle-history"><br></div><div class="battle-history">Audino used <strong>Protect</strong>!<br></div><div class="battle-history"><small>Audino protected itself!</small><br></div><div class="spacer battle-history"><br></div><div class="battle-history">The opposing Alomomola used <strong>Scald</strong>!<br></div><div class="battle-history"><small>Audino protected itself!</small><br></div><div class="spacer battle-history"><br></div><h2 class="battle-history">Turn 71</h2><div class="spacer battle-history"><br></div><div class="battle-history">The opposing Alomomola used <strong>Scald</strong>!<br></div><div class="battle-history"><small>(Audino lost <abbr title="−48/410">11.7%</abbr> of its health!)</small><br></div><div class="battle-history"><small>Audino was burned!</small><br></div><div class="spacer battle-history"><br></div><div class="battle-history">Audino used <strong>Dazzling Gleam</strong>!<br></div><div class="battle-history"><small>(The opposing Alomomola lost <abbr title="−49/501">9.8%</abbr> of its health!)</small><br></div><div class="spacer battle-history"><br></div><div class="battle-history"><small>The opposing Alomomola restored a little HP using its Leftovers!</small><br></div><div class="battle-history"><small>Audino was hurt by its burn!</small><br></div><div class="spacer battle-history"><br></div><h2 class="battle-history">Turn 72</h2><div class="spacer battle-history"><br></div><div class="battle-history">Roseybear withdrew Alomomola!<br></div><div class="battle-history">Roseybear sent out <strong>Registeel</strong>!<br></div><div class="battle-history"><small>Pointed stones dug into the opposing Registeel!</small><br></div><div class="spacer battle-history"><br></div><div class="battle-history">Audino used <strong>Wish</strong>!<br></div><div class="spacer battle-history"><br></div><div class="battle-history"><small>The opposing Registeel restored a little HP using its Leftovers!</small><br></div><div class="battle-history"><small>Audino was hurt by its burn!</small><br></div><div class="spacer battle-history"><br></div><h2 class="battle-history">Turn 73</h2><div class="spacer battle-history"><br></div><div class="battle-history">Audino used <strong>Dazzling Gleam</strong>!<br></div><div class="battle-history"><small>It's not very effective...</small><br></div><div class="battle-history"><small>(The opposing Registeel lost <abbr title="−12/364">3.3%</abbr> of its health!)</small><br></div><div class="spacer battle-history"><br></div><div class="battle-history">The opposing Registeel used <strong>Seismic Toss</strong>!<br></div><div class="battle-history"><small>(Audino lost <abbr title="−100/410">24.4%</abbr> of its health!)</small><br></div><div class="spacer battle-history"><br></div><div class="battle-history"><small>Audino's wish came true!</small><br></div><div class="battle-history"><small>The opposing Registeel restored a little HP using its Leftovers!</small><br></div><div class="battle-history"><small>Audino was hurt by its burn!</small><br></div><div class="spacer battle-history"><br></div><h2 class="battle-history">Turn 74</h2><div class="spacer battle-history"><br></div><div class="battle-history">Audino, come back!<br></div><div class="battle-history">Go! <strong>Registeel</strong>!<br></div><div class="battle-history"><small>Pointed stones dug into Registeel!</small><br></div><div class="spacer battle-history"><br></div><div class="battle-history">The opposing Registeel used <strong>Seismic Toss</strong>!<br></div><div class="battle-history"><small>(Registeel lost <abbr title="−100/364">27.5%</abbr> of its health!)</small><br></div><div class="spacer battle-history"><br></div><div class="battle-history"><small>Registeel restored a little HP using its Leftovers!</small><br></div><div class="battle-history"><small>The opposing Registeel restored a little HP using its Leftovers!</small><br></div><div class="spacer battle-history"><br></div><h2 class="battle-history">Turn 75</h2><div class="spacer battle-history"><br></div><div class="battle-history">Registeel, come back!<br></div><div class="battle-history">Go! <strong>Audino</strong>!<br></div><div class="battle-history"><small>Pointed stones dug into Audino!</small><br></div><div class="spacer battle-history"><br></div><div class="battle-history">The opposing Registeel used <strong>Seismic Toss</strong>!<br></div><div class="battle-history"><small>(Audino lost <abbr title="−100/410">24.4%</abbr> of its health!)</small><br></div><div class="spacer battle-history"><br></div><div class="battle-history"><small>The opposing Registeel restored a little HP using its Leftovers!</small><br></div><div class="battle-history"><small>Audino was hurt by its burn!</small><br></div><div class="spacer battle-history"><br></div><h2 class="battle-history">Turn 76</h2><div class="spacer battle-history"><br></div><div class="battle-history">Audino used <strong>Wish</strong>!<br></div><div class="spacer battle-history"><br></div><div class="battle-history">The opposing Registeel used <strong>Seismic Toss</strong>!<br></div><div class="battle-history"><small>(Audino lost <abbr title="−100/410">24.4%</abbr> of its health!)</small><br></div><div class="spacer battle-history"><br></div><div class="battle-history"><small>Audino was hurt by its burn!</small><br></div><div class="spacer battle-history"><br></div><h2 class="battle-history">Turn 77</h2><div class="spacer battle-history"><br></div><div class="battle-history">Audino used <strong>Protect</strong>!<br></div><div class="battle-history"><small>Audino protected itself!</small><br></div><div class="spacer battle-history"><br></div><div class="battle-history">The opposing Registeel used <strong>Seismic Toss</strong>!<br></div><div class="battle-history"><small>Audino protected itself!</small><br></div><div class="spacer battle-history"><br></div><div class="battle-history"><small>Audino's wish came true!</small><br></div><div class="battle-history"><small>Audino was hurt by its burn!</small><br></div><div class="spacer battle-history"><br></div><h2 class="battle-history">Turn 78</h2><div class="spacer battle-history"><br></div><div class="battle-history">Audino used <strong>Wish</strong>!<br></div><div class="spacer battle-history"><br></div><div class="battle-history">The opposing Registeel used <strong>Seismic Toss</strong>!<br></div><div class="battle-history"><small>(Audino lost <abbr title="−100/410">24.4%</abbr> of its health!)</small><br></div><div class="spacer battle-history"><br></div><div class="battle-history"><small>Audino was hurt by its burn!</small><br></div><div class="spacer battle-history"><br></div><h2 class="battle-history">Turn 79</h2><div class="spacer battle-history"><br></div><div class="battle-history">Audino, come back!<br></div><div class="battle-history">Go! <strong>Registeel</strong>!<br></div><div class="battle-history"><small>Pointed stones dug into Registeel!</small><br></div><div class="spacer battle-history"><br></div><div class="battle-history">The opposing Registeel used <strong>Seismic Toss</strong>!<br></div><div class="battle-history"><small>(Registeel lost <abbr title="−100/364">27.5%</abbr> of its health!)</small><br></div><div class="spacer battle-history"><br></div><div class="battle-history"><small>Audino's wish came true!</small><br></div><div class="battle-history"><small>Registeel restored a little HP using its Leftovers!</small><br></div><div class="spacer battle-history"><br></div><h2 class="battle-history">Turn 80</h2><div class="spacer battle-history"><br></div><div class="battle-history">Registeel, come back!<br></div><div class="battle-history">Go! <strong>Flygon</strong>!<br></div><div class="battle-history"><small>Pointed stones dug into Flygon!</small><br></div><div class="spacer battle-history"><br></div><div class="battle-history">The opposing Registeel used <strong>Seismic Toss</strong>!<br></div><div class="battle-history"><small>(Flygon lost <abbr title="−100/311">32.2%</abbr> of its health!)</small><br></div><div class="spacer battle-history"><br></div><div class="battle-history"><small>Flygon restored a little HP using its Leftovers!</small><br></div><div class="spacer battle-history"><br></div><h2 class="battle-history">Turn 81</h2><div class="spacer battle-history"><br></div><div class="battle-history">Roseybear withdrew Registeel!<br></div><div class="battle-history">Roseybear sent out <strong>Alomomola</strong>!<br></div><div class="battle-history"><small>Pointed stones dug into the opposing Alomomola!</small><br></div><div class="spacer battle-history"><br></div><div class="battle-history">Flygon used <strong>Earthquake</strong>!<br></div><div class="battle-history"><small>(The opposing Alomomola lost <abbr title="−139/501">27.7%</abbr> of its health!)</small><br></div><div class="spacer battle-history"><br></div><div class="battle-history"><small>Flygon restored a little HP using its Leftovers!</small><br></div><div class="battle-history"><small>The opposing Alomomola restored a little HP using its Leftovers!</small><br></div><div class="spacer battle-history"><br></div><h2 class="battle-history">Turn 82</h2><div class="spacer battle-history"><br></div><div class="battle-history">Flygon, come back!<br></div><div class="battle-history">Go! <strong>Audino</strong>!<br></div><div class="battle-history"><small>Pointed stones dug into Audino!</small><br></div><div class="spacer battle-history"><br></div><div class="battle-history">Roseybear withdrew Alomomola!<br></div><div class="battle-history">Roseybear sent out <strong>Hitmontop</strong>!<br></div><div class="battle-history"><small>Pointed stones dug into the opposing Hitmontop!</small><br></div><div class="battle-history"><small>[The opposing Hitmontop's Intimidate]</small><br></div><div class="battle-history"><small>Audino's Attack fell!</small><br></div><div class="spacer battle-history"><br></div><div class="battle-history"><small>The opposing Hitmontop restored a little HP using its Leftovers!</small><br></div><div class="battle-history"><small>Audino was hurt by its burn!</small><br></div><div class="spacer battle-history"><br></div><h2 class="battle-history">Turn 83</h2><div class="spacer battle-history"><br></div><div class="battle-history">Audino, come back!<br></div><div class="battle-history">Go! <strong>Flygon</strong>!<br></div><div class="battle-history"><small>Pointed stones dug into Flygon!</small><br></div><div class="spacer battle-history"><br></div><div class="battle-history">The opposing Hitmontop used <strong>Close Combat</strong>!<br></div><div class="battle-history"><small>(Flygon lost <abbr title="−149/311">47.9%</abbr> of its health!)</small><br></div><div class="battle-history"><small>The opposing Hitmontop's Defense fell!</small><br></div><div class="battle-history"><small>The opposing Hitmontop's Special Defense fell!</small><br></div><div class="spacer battle-history"><br></div><div class="battle-history">Flygon fainted!<br></div><div class="spacer battle-history"><br></div><div class="battle-history">Go! <strong>Registeel</strong>!<br></div><div class="battle-history"><small>Pointed stones dug into Registeel!</small><br></div><div class="spacer battle-history"><br></div><h2 class="battle-history">Turn 84</h2><div class="spacer battle-history"><br></div><div class="battle-history">Roseybear withdrew Hitmontop!<br></div><div class="battle-history">Roseybear sent out <strong>Alomomola</strong>!<br></div><div class="battle-history"><small>Pointed stones dug into the opposing Alomomola!</small><br></div><div class="spacer battle-history"><br></div><div class="battle-history">Registeel used <strong>Toxic</strong>!<br></div><div class="battle-history"><small>The opposing Alomomola was badly poisoned!</small><br></div><div class="spacer battle-history"><br></div><div class="battle-history"><small>The opposing Alomomola restored a little HP using its Leftovers!</small><br></div><div class="battle-history"><small>Registeel restored a little HP using its Leftovers!</small><br></div><div class="battle-history"><small>The opposing Alomomola was hurt by poison!</small><br></div><div class="spacer battle-history"><br></div><h2 class="battle-history">Turn 85</h2><div class="spacer battle-history"><br></div><div class="battle-history">The opposing Alomomola used <strong>Scald</strong>!<br></div><div class="battle-history"><small>(Registeel lost <abbr title="−25/364">6.9%</abbr> of its health!)</small><br></div><div class="battle-history"><small>Registeel was burned!</small><br></div><div class="spacer battle-history"><br></div><div class="battle-history">Registeel used <strong>Seismic Toss</strong>!<br></div><div class="battle-history"><small>(The opposing Alomomola lost <abbr title="−100/501">20.0%</abbr> of its health!)</small><br></div><div class="spacer battle-history"><br></div><div class="battle-history"><small>The opposing Alomomola restored a little HP using its Leftovers!</small><br></div><div class="battle-history"><small>Registeel restored a little HP using its Leftovers!</small><br></div><div class="battle-history"><small>The opposing Alomomola was hurt by poison!</small><br></div><div class="battle-history"><small>Registeel was hurt by its burn!</small><br></div><div class="spacer battle-history"><br></div><h2 class="battle-history">Turn 86</h2><div class="spacer battle-history"><br></div><div class="battle-history">Roseybear withdrew Alomomola!<br></div><div class="battle-history">Roseybear sent out <strong>Registeel</strong>!<br></div><div class="battle-history"><small>Pointed stones dug into the opposing Registeel!</small><br></div><div class="spacer battle-history"><br></div><div class="battle-history">Registeel, come back!<br></div><div class="battle-history">Go! <strong>Virizion</strong>!<br></div><div class="battle-history"><small>Pointed stones dug into Virizion!</small><br></div><div class="spacer battle-history"><br></div><div class="battle-history"><small>The opposing Registeel restored a little HP using its Leftovers!</small><br></div><div class="spacer battle-history"><br></div><h2 class="battle-history">Turn 87</h2><div class="spacer battle-history"><br></div><div class="battle-history">Roseybear withdrew Registeel!<br></div><div class="battle-history">Roseybear sent out <strong>Aromatisse</strong>!<br></div><div class="battle-history"><small>Pointed stones dug into the opposing Aromatisse!</small><br></div><div class="spacer battle-history"><br></div><div class="battle-history">Virizion used <strong>Swords Dance</strong>!<br></div><div class="battle-history"><small>Virizion's Attack rose sharply!</small><br></div><div class="spacer battle-history"><br></div><div class="battle-history"><small>The opposing Aromatisse restored a little HP using its Leftovers!</small><br></div><div class="spacer battle-history"><br></div><h2 class="battle-history">Turn 88</h2><div class="spacer battle-history"><br></div><div class="battle-history">Virizion used <strong>Leaf Blade</strong>!<br></div><div class="battle-history"><small>(The opposing Aromatisse lost <abbr title="−226/406">55.7%</abbr> of its health!)</small><br></div><div class="spacer battle-history"><br></div><div class="battle-history">The opposing Aromatisse used <strong>Moonblast</strong>!<br></div><div class="battle-history"><small>It's super effective!</small><br></div><div class="battle-history"><small>(Virizion lost <abbr title="−182/323">56.3%</abbr> of its health!)</small><br></div><div class="battle-history"><small>Virizion's Special Attack fell!</small><br></div><div class="spacer battle-history"><br></div><div class="battle-history"><small>The opposing Aromatisse restored a little HP using its Leftovers!</small><br></div><div class="spacer battle-history"><br></div><h2 class="battle-history">Turn 89</h2><div class="spacer battle-history"><br></div><div class="battle-history">Virizion used <strong>Swords Dance</strong>!<br></div><div class="battle-history"><small>Virizion's Attack rose sharply!</small><br></div><div class="spacer battle-history"><br></div><div class="battle-history">The opposing Aromatisse used <strong>Moonblast</strong>!<br></div><div class="battle-history"><small>It's super effective!</small><br></div><div class="battle-history"><small>(Virizion lost <abbr title="−121/323">37.5%</abbr> of its health!)</small><br></div><div class="spacer battle-history"><br></div><div class="battle-history">Virizion fainted!<br></div><div class="spacer battle-history"><br></div><div class="battle-history"><small>The opposing Aromatisse restored a little HP using its Leftovers!</small><br></div><div class="chat chatmessage-accelgor"><strong style="color:hsl(220,52%,54.04920181066666%)"><small>☆</small><span class="username" data-name="Accelgor">Accelgor</span>:</strong> <em>gg</em></div><div class="chat chatmessage-roseybear"><strong style="color:hsl(307,65%,41%)"><small>☆</small><span class="username" data-name="Roseybear">Roseybear</span>:</strong> <em>gg</em></div><div class="chat chatmessage-accelgor"><strong style="color:hsl(220,52%,54.04920181066666%)"><small>☆</small><span class="username" data-name="Accelgor">Accelgor</span>:</strong> <em>gl in the rest</em></div><div class="chat chatmessage-roseybear"><strong style="color:hsl(307,65%,41%)"><small>☆</small><span class="username" data-name="Roseybear">Roseybear</span>:</strong> <em>thank you</em></div><div class="spacer battle-history"><br></div><div class="battle-history"><small>Accelgor forfeited.</small><br></div><div class="spacer battle-history"><br></div><div class="battle-history"><strong>Roseybear</strong> won the battle!<br></div></div><div class="inner-preempt"></div></div></div>
</div>
<script>
let daily = Math.floor(Date.now()/1000/60/60/24);document.write('<script src="https://play.pokemonshowdown.com/js/replay-embed.js?version'+daily+'"></'+'script>');
</script>
