<!DOCTYPE html>
<meta charset="utf-8" />
<!-- version 1 -->
<title>RU replay: alasou vs. Juan1996</title>
<style>
html,body {font-family:Verdana, sans-serif;font-size:10pt;margin:0;padding:0;}body{padding:12px 0;} .battle-log {font-family:Verdana, sans-serif;font-size:10pt;} .battle-log-inline {border:1px solid #AAAAAA;background:#EEF2F5;color:black;max-width:640px;margin:0 auto 80px;padding-bottom:5px;} .battle-log .inner {padding:4px 8px 0px 8px;} .battle-log .inner-preempt {padding:0 8px 4px 8px;} .battle-log .inner-after {margin-top:0.5em;} .battle-log h2 {margin:0.5em -8px;padding:4px 8px;border:1px solid #AAAAAA;background:#E0E7EA;border-left:0;border-right:0;font-family:Verdana, sans-serif;font-size:13pt;} .battle-log .chat {vertical-align:middle;padding:3px 0 3px 0;font-size:8pt;} .battle-log .chat strong {color:#40576A;} .battle-log .chat em {padding:1px 4px 1px 3px;color:#000000;font-style:normal;} .chat.mine {background:rgba(0,0,0,0.05);margin-left:-8px;margin-right:-8px;padding-left:8px;padding-right:8px;} .spoiler {color:#BBBBBB;background:#BBBBBB;padding:0px 3px;} .spoiler:hover, .spoiler:active, .spoiler-shown {color:#000000;background:#E2E2E2;padding:0px 3px;} .spoiler a {color:#BBBBBB;} .spoiler:hover a, .spoiler:active a, .spoiler-shown a {color:#2288CC;} .chat code, .chat .spoiler:hover code, .chat .spoiler:active code, .chat .spoiler-shown code {border:1px solid #C0C0C0;background:#EEEEEE;color:black;padding:0 2px;} .chat .spoiler code {border:1px solid #CCCCCC;background:#CCCCCC;color:#CCCCCC;} .battle-log .rated {padding:3px 4px;} .battle-log .rated strong {color:white;background:#89A;padding:1px 4px;border-radius:4px;} .spacer {margin-top:0.5em;} .message-announce {background:#6688AA;color:white;padding:1px 4px 2px;} .message-announce a, .broadcast-green a, .broadcast-blue a, .broadcast-red a {color:#DDEEFF;} .broadcast-green {background-color:#559955;color:white;padding:2px 4px;} .broadcast-blue {background-color:#6688AA;color:white;padding:2px 4px;} .infobox {border:1px solid #6688AA;padding:2px 4px;} .infobox-limited {max-height:200px;overflow:auto;overflow-x:hidden;} .broadcast-red {background-color:#AA5544;color:white;padding:2px 4px;} .message-learn-canlearn {font-weight:bold;color:#228822;text-decoration:underline;} .message-learn-cannotlearn {font-weight:bold;color:#CC2222;text-decoration:underline;} .message-effect-weak {font-weight:bold;color:#CC2222;} .message-effect-resist {font-weight:bold;color:#6688AA;} .message-effect-immune {font-weight:bold;color:#666666;} .message-learn-list {margin-top:0;margin-bottom:0;} .message-throttle-notice, .message-error {color:#992222;} .message-overflow, .chat small.message-overflow {font-size:0pt;} .message-overflow::before {font-size:9pt;content:'...';} .subtle {color:#3A4A66;}
</style>
<div class="wrapper replay-wrapper" style="max-width:1180px;margin:0 auto">
<input type="hidden" name="replayid" value="ru-505416718" />
<div class="battle"></div><div class="battle-log"></div><div class="replay-controls"></div><div class="replay-controls-2"></div>
<h1 style="font-weight:normal;text-align:center"><strong>RU</strong><br /><a href="http://pokemonshowdown.com/users/alasou" class="subtle" target="_blank">alasou</a> vs. <a href="http://pokemonshowdown.com/users/juan1996" class="subtle" target="_blank">Juan1996</a></h1>
<script type="text/plain" class="battle-log-data">|j|alasou
|j|Juan1996
|player|p1|alasou|2
|player|p2|Juan1996|52
|gametype|singles
|gen|6
|tier|RU
|rated
|seed|28839,43996,2033,49563
|rule|Sleep Clause Mod: Limit one foe put to sleep
|rule|Species Clause: Limit one of each Pokémon
|rule|OHKO Clause: OHKO moves are banned
|rule|Moody Clause: Moody is banned
|rule|Evasion Moves Clause: Evasion moves are banned
|rule|Endless Battle Clause: Forcing endless battles is banned
|rule|HP Percentage Mod: HP is shown in percentages
|clearpoke
|poke|p1|Houndoom, M, shiny|item
|poke|p1|Venusaur, M, shiny|item
|poke|p1|Alomomola, M|item
|poke|p1|Druddigon, M, shiny|item
|poke|p1|Escavalier, M|item
|poke|p1|Aromatisse, M|item
|poke|p2|Medicham, M|item
|poke|p2|Flygon, F|item
|poke|p2|Typhlosion, M|item
|poke|p2|Qwilfish, M|item
|poke|p2|Cofagrigus, M|item
|poke|p2|Banette, M|item
|rule|Swagger Clause: Swagger is banned
|rule|Baton Pass Clause: Limit one Baton Passer, can't pass Spe and other stats simultaneously
|teampreview
|choice|team 4, team 2, team 3, team 1, team 5, team 6|team 3, team 2, team 1, team 4, team 5, team 6
|
|start
|switch|p1a: Druddigon|Druddigon, M, shiny|358\/358
|switch|p2a: Typhlosion|Typhlosion, M|297\/297
|turn|1
|choice|move glare|switch 5
|
|switch|p2a: Cofagrigus|Cofagrigus, M|320\/320
|move|p1a: Druddigon|Glare|p2a: Cofagrigus
|-status|p2a: Cofagrigus|par
|
|upkeep
|turn|2
|choice|switch 5|move willowisp
|
|switch|p1a: Escavalier|Escavalier, M|343\/343
|move|p2a: Cofagrigus|Will-O-Wisp|p1a: Escavalier
|-status|p1a: Escavalier|brn
|
|-damage|p1a: Escavalier|301\/343 brn|[from] brn
|upkeep
|turn|3
|choice|move pursuit|switch 5
|
|-activate|p2a: Cofagrigus|move: Pursuit
|move|p1a: Escavalier|Pursuit|p2a: Cofagrigus|[from]Pursuit
|-supereffective|p2a: Cofagrigus
|-crit|p2a: Cofagrigus
|-damage|p2a: Cofagrigus|208\/320 par
|-activate|p2a: Cofagrigus|ability: Mummy|Overcoat|[of] p1a: Escavalier
|switch|p2a: Typhlosion|Typhlosion, M|297\/297
|
|-damage|p1a: Escavalier|259\/343 brn|[from] brn
|upkeep
|turn|4
|choice|switch 5|move eruption
|
|switch|p1a: Druddigon|Druddigon, M, shiny|358\/358
|move|p2a: Typhlosion|Eruption|p1a: Druddigon
|-resisted|p1a: Druddigon
|-damage|p1a: Druddigon|181\/358
|-damage|p2a: Typhlosion|268\/297|[from] item: Life Orb
|
|upkeep
|turn|5
|choice|move stealthrock|switch 5
|
|switch|p2a: Cofagrigus|Cofagrigus, M|208\/320 par
|move|p1a: Druddigon|Stealth Rock|p2a: Cofagrigus
|-sidestart|p2: Juan1996|move: Stealth Rock
|
|-heal|p2a: Cofagrigus|228\/320 par|[from] item: Leftovers
|upkeep
|turn|6
|choice|switch 5|move willowisp
|
|switch|p1a: Escavalier|Escavalier, M|259\/343 brn
|cant|p2a: Cofagrigus|par
|
|-heal|p2a: Cofagrigus|248\/320 par|[from] item: Leftovers
|-damage|p1a: Escavalier|217\/343 brn|[from] brn
|upkeep
|turn|7
|choice|move pursuit|move calmmind
|
|move|p1a: Escavalier|Pursuit|p2a: Cofagrigus
|-supereffective|p2a: Cofagrigus
|-damage|p2a: Cofagrigus|209\/320 par
|-activate|p2a: Cofagrigus|ability: Mummy|Overcoat|[of] p1a: Escavalier
|cant|p2a: Cofagrigus|par
|
|-heal|p2a: Cofagrigus|229\/320 par|[from] item: Leftovers
|-damage|p1a: Escavalier|175\/343 brn|[from] brn
|upkeep
|turn|8
|choice|move ironhead|move calmmind
|
|move|p1a: Escavalier|Iron Head|p2a: Cofagrigus
|-damage|p2a: Cofagrigus|173\/320 par
|cant|p2a: Cofagrigus|flinch
|
|-heal|p2a: Cofagrigus|193\/320 par|[from] item: Leftovers
|-damage|p1a: Escavalier|133\/343 brn|[from] brn
|upkeep
|turn|9
|choice|move ironhead|move calmmind
|
|move|p1a: Escavalier|Iron Head|p2a: Cofagrigus
|-crit|p2a: Cofagrigus
|-damage|p2a: Cofagrigus|104\/320 par
|move|p2a: Cofagrigus|Calm Mind|p2a: Cofagrigus
|-boost|p2a: Cofagrigus|spa|1
|-boost|p2a: Cofagrigus|spd|1
|
|-heal|p2a: Cofagrigus|124\/320 par|[from] item: Leftovers
|-damage|p1a: Escavalier|91\/343 brn|[from] brn
|upkeep
|turn|10
|choice|move ironhead|move shadowball
|
|move|p1a: Escavalier|Iron Head|p2a: Cofagrigus
|-damage|p2a: Cofagrigus|67\/320 par
|move|p2a: Cofagrigus|Shadow Ball|p1a: Escavalier
|-damage|p1a: Escavalier|0 fnt
|faint|p1a: Escavalier
|
|-heal|p2a: Cofagrigus|87\/320 par|[from] item: Leftovers
|upkeep
|choice|switch 2|
|
|switch|p1a: Venusaur|Venusaur, M, shiny|301\/301
|turn|11
|choice|move leafstorm|move shadowball
|
|move|p1a: Venusaur|Leaf Storm|p2a: Cofagrigus
|-damage|p2a: Cofagrigus|0 fnt
|-unboost|p1a: Venusaur|spa|2
|-damage|p1a: Venusaur|271\/301|[from] item: Life Orb
|faint|p2a: Cofagrigus
|
|upkeep
|choice||switch 5
|
|switch|p2a: Typhlosion|Typhlosion, M|268\/297
|-damage|p2a: Typhlosion|194\/297|[from] Stealth Rock
|turn|12
|choice|switch 5|move eruption
|
|switch|p1a: Druddigon|Druddigon, M, shiny|181\/358
|move|p2a: Typhlosion|Eruption|p1a: Druddigon
|-resisted|p1a: Druddigon
|-damage|p1a: Druddigon|73\/358
|-damage|p2a: Typhlosion|165\/297|[from] item: Life Orb
|
|upkeep
|turn|13
|choice|move glare|move eruption
|
|move|p2a: Typhlosion|Eruption|p1a: Druddigon
|-resisted|p1a: Druddigon
|-damage|p1a: Druddigon|0 fnt
|-damage|p2a: Typhlosion|136\/297|[from] item: Life Orb
|faint|p1a: Druddigon
|
|upkeep
|choice|switch 4|
|
|switch|p1a: Houndoom|Houndoom, M, shiny|291\/291
|turn|14
|choice|move nastyplot|move earthquake
|
|move|p2a: Typhlosion|Earthquake|p1a: Houndoom
|-supereffective|p1a: Houndoom
|-crit|p1a: Houndoom
|-damage|p1a: Houndoom|0 fnt
|-damage|p2a: Typhlosion|107\/297|[from] item: Life Orb
|faint|p1a: Houndoom
|
|upkeep
|choice|switch 3|
|
|switch|p1a: Alomomola|Alomomola, M|501\/501
|turn|15
|choice|move scald|switch 6
|
|switch|p2a: Banette|Banette, M|331\/331
|-damage|p2a: Banette|290\/331|[from] Stealth Rock
|move|p1a: Alomomola|Scald|p2a: Banette
|-damage|p2a: Banette|218\/331
|
|upkeep
|turn|16
|choice|switch 6|move thunderwave mega
|
|switch|p1a: Aromatisse|Aromatisse, M|406\/406
|detailschange|p2a: Banette|Banette-Mega, M
|-mega|p2a: Banette|Banette|Banettite
|move|p2a: Banette|Thunder Wave|p1a: Aromatisse
|-status|p1a: Aromatisse|par
|
|upkeep
|turn|17
|choice|move moonblast|switch 4
|
|switch|p2a: Qwilfish|Qwilfish, M|271\/271
|-damage|p2a: Qwilfish|238\/271|[from] Stealth Rock
|-ability|p2a: Qwilfish|Intimidate|boost
|-unboost|p1a: Aromatisse|atk|1
|cant|p1a: Aromatisse|par
|
|upkeep
|turn|18
|choice|switch 5|move poisonjab
|
|switch|p1a: Venusaur|Venusaur, M, shiny|271\/301
|move|p2a: Qwilfish|Poison Jab|p1a: Venusaur
|-damage|p1a: Venusaur|83\/301
|-damage|p2a: Qwilfish|211\/271|[from] item: Life Orb
|
|upkeep
|turn|19
|choice|move sleeppowder|move poisonjab
|
|move|p2a: Qwilfish|Poison Jab|p1a: Venusaur
|-damage|p1a: Venusaur|0 fnt
|-damage|p2a: Qwilfish|184\/271|[from] item: Life Orb
|faint|p1a: Venusaur
|
|upkeep
|choice|switch 6|
|
|switch|p1a: Alomomola|Alomomola, M|501\/501
|turn|20
|choice|move knockoff|switch 3
|
|switch|p2a: Medicham|Medicham, M|323\/323
|-damage|p2a: Medicham|303\/323|[from] Stealth Rock
|move|p1a: Alomomola|Knock Off|p2a: Medicham
|-damage|p2a: Medicham|229\/323
|-enditem|p2a: Medicham|Choice Band|[from] move: Knock Off|[of] p1a: Alomomola
|
|upkeep
|turn|21
|choice|switch 5|move psychocut
|
|switch|p1a: Aromatisse|Aromatisse, M|406\/406 par
|move|p2a: Medicham|Psycho Cut|p1a: Aromatisse
|-damage|p1a: Aromatisse|252\/406 par
|
|-heal|p1a: Aromatisse|277\/406 par|[from] item: Leftovers
|upkeep
|turn|22
|choice|move moonblast|move bulletpunch
|
|move|p2a: Medicham|Bullet Punch|p1a: Aromatisse
|-supereffective|p1a: Aromatisse
|-damage|p1a: Aromatisse|163\/406 par
|move|p1a: Aromatisse|Moonblast|p2a: Medicham
|-supereffective|p2a: Medicham
|-damage|p2a: Medicham|0 fnt
|faint|p2a: Medicham
|
|-heal|p1a: Aromatisse|188\/406 par|[from] item: Leftovers
|upkeep
|choice||switch 3
|
|switch|p2a: Qwilfish|Qwilfish, M|184\/271
|-damage|p2a: Qwilfish|151\/271|[from] Stealth Rock
|-ability|p2a: Qwilfish|Intimidate|boost
|-unboost|p1a: Aromatisse|atk|1
|turn|23
|choice|switch 5|move poisonjab
|
|switch|p1a: Alomomola|Alomomola, M|501\/501
|move|p2a: Qwilfish|Poison Jab|p1a: Alomomola
|-damage|p1a: Alomomola|372\/501
|-damage|p2a: Qwilfish|124\/271|[from] item: Life Orb
|
|-heal|p1a: Alomomola|403\/501|[from] item: Leftovers
|upkeep
|turn|24
|choice|move knockoff|switch 4
|
|switch|p2a: Banette|Banette-Mega, M|218\/331
|-damage|p2a: Banette|177\/331|[from] Stealth Rock
|move|p1a: Alomomola|Knock Off|p2a: Banette
|-supereffective|p2a: Banette
|-damage|p2a: Banette|85\/331
|
|-heal|p1a: Alomomola|434\/501|[from] item: Leftovers
|upkeep
|turn|25
|choice|switch 5|move knockoff
|
|switch|p1a: Aromatisse|Aromatisse, M|188\/406 par
|move|p2a: Banette|Knock Off|p1a: Aromatisse
|-resisted|p1a: Aromatisse
|-damage|p1a: Aromatisse|116\/406 par
|-enditem|p1a: Aromatisse|Leftovers|[from] move: Knock Off|[of] p2a: Banette
|
|upkeep
|turn|26
|choice|move wish|move shadowclaw
|
|move|p2a: Banette|Shadow Claw|p1a: Aromatisse
|-damage|p1a: Aromatisse|0 fnt
|faint|p1a: Aromatisse
|
|upkeep
|choice|switch 5|
|
|switch|p1a: Alomomola|Alomomola, M|501\/501
|turn|27
|choice|move knockoff|move thunderwave
|
|move|p2a: Banette|Thunder Wave|p1a: Alomomola
|-status|p1a: Alomomola|par
|move|p1a: Alomomola|Knock Off|p2a: Banette
|-supereffective|p2a: Banette
|-damage|p2a: Banette|0 fnt
|faint|p2a: Banette
|
|upkeep
|choice||switch 4
|
|switch|p2a: Qwilfish|Qwilfish, M|124\/271
|-damage|p2a: Qwilfish|91\/271|[from] Stealth Rock
|-ability|p2a: Qwilfish|Intimidate|boost
|-unboost|p1a: Alomomola|atk|1
|turn|28
|choice|move knockoff|move explosion
|
|move|p2a: Qwilfish|Explosion|p1a: Alomomola
|-damage|p1a: Alomomola|210\/501 par
|faint|p2a: Qwilfish
|move|p1a: Alomomola|Knock Off|p2: Qwilfish|[notarget]
|-notarget
|
|-heal|p1a: Alomomola|241\/501 par|[from] item: Leftovers
|upkeep
|choice||switch 6
|
|switch|p2a: Typhlosion|Typhlosion, M|107\/297
|-damage|p2a: Typhlosion|33\/297|[from] Stealth Rock
|turn|29
|choice|move wish|move thunderpunch
|
|move|p2a: Typhlosion|Thunder Punch|p1a: Alomomola
|-supereffective|p1a: Alomomola
|-damage|p1a: Alomomola|121\/501 par
|-damage|p2a: Typhlosion|4\/297|[from] item: Life Orb
|move|p1a: Alomomola|Wish|p1a: Alomomola
|
|-heal|p1a: Alomomola|152\/501 par|[from] item: Leftovers
|upkeep
|turn|30
|choice|move protect|move thunderpunch
|
|cant|p1a: Alomomola|par
|move|p2a: Typhlosion|Thunder Punch|p1a: Alomomola
|-supereffective|p1a: Alomomola
|-damage|p1a: Alomomola|22\/501 par
|-damage|p2a: Typhlosion|0 fnt|[from] item: Life Orb
|faint|p2a: Typhlosion
|
|-heal|p1a: Alomomola|272\/501 par|[from] move: Wish|[wisher] Alomomola
|-heal|p1a: Alomomola|303\/501 par|[from] item: Leftovers
|upkeep
|choice||switch 2
|
|switch|p2a: Flygon|Flygon, F|301\/301
|-damage|p2a: Flygon|283\/301|[from] Stealth Rock
|turn|31
|choice|move scald|move dragonclaw
|
|move|p2a: Flygon|Dragon Claw|p1a: Alomomola
|-damage|p1a: Alomomola|201\/501 par
|move|p1a: Alomomola|Scald|p2a: Flygon
|-damage|p2a: Flygon|228\/301
|
|-heal|p1a: Alomomola|232\/501 par|[from] item: Leftovers
|upkeep
|turn|32
|choice|move wish|move dragonclaw
|
|move|p2a: Flygon|Dragon Claw|p1a: Alomomola
|-damage|p1a: Alomomola|121\/501 par
|move|p1a: Alomomola|Wish|p1a: Alomomola
|
|-heal|p1a: Alomomola|152\/501 par|[from] item: Leftovers
|upkeep
|turn|33
|choice|move scald|move dragonclaw
|
|move|p2a: Flygon|Dragon Claw|p1a: Alomomola
|-damage|p1a: Alomomola|34\/501 par
|move|p1a: Alomomola|Scald|p2a: Flygon
|-damage|p2a: Flygon|170\/301
|
|-heal|p1a: Alomomola|284\/501 par|[from] move: Wish|[wisher] Alomomola
|-heal|p1a: Alomomola|315\/501 par|[from] item: Leftovers
|upkeep
|turn|34
|choice|move scald|move dragonclaw
|
|move|p2a: Flygon|Dragon Claw|p1a: Alomomola
|-damage|p1a: Alomomola|207\/501 par
|cant|p1a: Alomomola|par
|
|-heal|p1a: Alomomola|238\/501 par|[from] item: Leftovers
|upkeep
|turn|35
|choice|move wish|move dragonclaw
|
|move|p2a: Flygon|Dragon Claw|p1a: Alomomola
|-damage|p1a: Alomomola|123\/501 par
|move|p1a: Alomomola|Wish|p1a: Alomomola
|
|-heal|p1a: Alomomola|154\/501 par|[from] item: Leftovers
|upkeep
|turn|36
|choice|move scald|move dragonclaw
|
|move|p2a: Flygon|Dragon Claw|p1a: Alomomola
|-damage|p1a: Alomomola|39\/501 par
|move|p1a: Alomomola|Scald|p2a: Flygon
|-damage|p2a: Flygon|116\/301
|
|-heal|p1a: Alomomola|289\/501 par|[from] move: Wish|[wisher] Alomomola
|-heal|p1a: Alomomola|320\/501 par|[from] item: Leftovers
|upkeep
|turn|37
|choice|move scald|move dragonclaw
|
|move|p2a: Flygon|Dragon Claw|p1a: Alomomola
|-damage|p1a: Alomomola|217\/501 par
|move|p1a: Alomomola|Scald|p2a: Flygon
|-damage|p2a: Flygon|62\/301
|
|-heal|p1a: Alomomola|248\/501 par|[from] item: Leftovers
|upkeep
|turn|38
|choice|move wish|move dragonclaw
|
|move|p2a: Flygon|Dragon Claw|p1a: Alomomola
|-damage|p1a: Alomomola|134\/501 par
|cant|p1a: Alomomola|par
|
|-heal|p1a: Alomomola|165\/501 par|[from] item: Leftovers
|upkeep
|turn|39
|choice|move wish|move dragonclaw
|
|move|p2a: Flygon|Dragon Claw|p1a: Alomomola
|-damage|p1a: Alomomola|51\/501 par
|cant|p1a: Alomomola|par
|
|-heal|p1a: Alomomola|82\/501 par|[from] item: Leftovers
|upkeep
|turn|40
|choice|move protect|move dragonclaw
|
|cant|p1a: Alomomola|par
|move|p2a: Flygon|Dragon Claw|p1a: Alomomola
|-damage|p1a: Alomomola|0 fnt
|faint|p1a: Alomomola
|
|win|Juan1996
|player|p1
|player|p2
|c|★alasou|gg
|raw|alasou's rating: 1298 &rarr; <strong>1260<\/strong><br \/>(-38 for losing)
|raw|Juan1996's rating: 1088 &rarr; <strong>1129<\/strong><br \/>(+41 for winning)
|c|★Juan1996|gg</script>
</div>
<div class="battle-log battle-log-inline"><div class="inner"><div class="battle-options"></div><div class="inner"><div class="chat"><small>alasou joined.</small></div><div class="chat"><small>Juan1996 joined.</small></div><div class=""><small>Format:</small> <br><strong>RU</strong></div><div class="rated"><strong>Rated battle</strong></div><div class=""><small><em>Sleep Clause Mod:</em> Limit one foe put to sleep</small></div><div class=""><small><em>Species Clause:</em> Limit one of each Pokémon</small></div><div class=""><small><em>OHKO Clause:</em> OHKO moves are banned</small></div><div class=""><small><em>Moody Clause:</em> Moody is banned</small></div><div class=""><small><em>Evasion Moves Clause:</em> Evasion moves are banned</small></div><div class=""><small><em>Endless Battle Clause:</em> Forcing endless battles is banned</small></div><div class=""><small><em>HP Percentage Mod:</em> HP is shown in percentages</small></div><div class=""><small><em>Swagger Clause:</em> Swagger is banned</small></div><div class=""><small><em>Baton Pass Clause:</em> Limit one Baton Passer, can't pass Spe and other stats simultaneously</small></div><div class="chat battle-history"><strong>alasou's team:</strong> <em style="color:#445566;display:block;">Houndoom / Venusaur / Alomomola / Druddigon / Escavalier / Aromatisse</em></div><div class="chat battle-history"><strong>Juan1996's team:</strong> <em style="color:#445566;display:block;">Medicham / Flygon / Typhlosion / Qwilfish / Cofagrigus / Banette</em></div><div class="spacer battle-history"><br></div><div class="battle-history">Battle started between alasou and Juan1996!<br></div><div class="spacer battle-history"><br></div><div class="battle-history">Go! <strong>Druddigon</strong>!<br></div><div class="spacer battle-history"><br></div><div class="battle-history">Juan1996 sent out <strong>Typhlosion</strong>!<br></div><div class="spacer battle-history"><br></div><h2 class="battle-history">Turn 1</h2><div class="spacer battle-history"><br></div><div class="battle-history">Juan1996 withdrew Typhlosion!<br></div><div class="battle-history">Juan1996 sent out <strong>Cofagrigus</strong>!<br></div><div class="spacer battle-history"><br></div><div class="battle-history">Druddigon used <strong>Glare</strong>!<br></div><div class="battle-history"><small>The opposing Cofagrigus is paralyzed! It may be unable to move!</small><br></div><div class="spacer battle-history"><br></div><h2 class="battle-history">Turn 2</h2><div class="spacer battle-history"><br></div><div class="battle-history">Druddigon, come back!<br></div><div class="battle-history">Go! <strong>Escavalier</strong>!<br></div><div class="spacer battle-history"><br></div><div class="battle-history">The opposing Cofagrigus used <strong>Will-O-Wisp</strong>!<br></div><div class="battle-history"><small>Escavalier was burned!</small><br></div><div class="spacer battle-history"><br></div><div class="battle-history"><small>Escavalier was hurt by its burn!</small><br></div><div class="spacer battle-history"><br></div><h2 class="battle-history">Turn 3</h2><div class="spacer battle-history"><br></div><div class="battle-history"><small>(The opposing Cofagrigus is being withdrawn...)</small><br></div><div class="spacer battle-history"><br></div><div class="battle-history">Escavalier used <strong>Pursuit</strong>!<br></div><div class="battle-history"><small>It's super effective!</small><br></div><div class="battle-history"><small>A critical hit!</small><br></div><div class="battle-history"><small>(The opposing Cofagrigus lost <abbr title="−112/320">35%</abbr> of its health!)</small><br></div><div class="battle-history"><small>[The opposing Cofagrigus's Mummy]</small><br><small>[Escavalier's Overcoat]</small><br><small>[Escavalier's Mummy]</small><br><small>Escavalier's Ability became Mummy!</small><br></div><div class="spacer battle-history"><br></div><div class="battle-history">Juan1996 withdrew Cofagrigus!<br></div><div class="battle-history">Juan1996 sent out <strong>Typhlosion</strong>!<br></div><div class="spacer battle-history"><br></div><div class="battle-history"><small>Escavalier was hurt by its burn!</small><br></div><div class="spacer battle-history"><br></div><h2 class="battle-history">Turn 4</h2><div class="spacer battle-history"><br></div><div class="battle-history">Escavalier, come back!<br></div><div class="battle-history">Go! <strong>Druddigon</strong>!<br></div><div class="spacer battle-history"><br></div><div class="battle-history">The opposing Typhlosion used <strong>Eruption</strong>!<br></div><div class="battle-history"><small>It's not very effective...</small><br></div><div class="battle-history"><small>(Druddigon lost <abbr title="−177/358">49.4%</abbr> of its health!)</small><br></div><div class="battle-history"><small>The opposing Typhlosion lost some of its HP!</small><br></div><div class="spacer battle-history"><br></div><h2 class="battle-history">Turn 5</h2><div class="spacer battle-history"><br></div><div class="battle-history">Juan1996 withdrew Typhlosion!<br></div><div class="battle-history">Juan1996 sent out <strong>Cofagrigus</strong>!<br></div><div class="spacer battle-history"><br></div><div class="battle-history">Druddigon used <strong>Stealth Rock</strong>!<br></div><div class="battle-history"><small>Pointed stones float in the air around the opposing team!</small><br></div><div class="spacer battle-history"><br></div><div class="battle-history"><small>The opposing Cofagrigus restored a little HP using its Leftovers!</small><br></div><div class="spacer battle-history"><br></div><h2 class="battle-history">Turn 6</h2><div class="spacer battle-history"><br></div><div class="battle-history">Druddigon, come back!<br></div><div class="battle-history">Go! <strong>Escavalier</strong>!<br></div><div class="spacer battle-history"><br></div><div class="battle-history">The opposing Cofagrigus is paralyzed! It can't move!<br></div><div class="spacer battle-history"><br></div><div class="battle-history"><small>The opposing Cofagrigus restored a little HP using its Leftovers!</small><br></div><div class="battle-history"><small>Escavalier was hurt by its burn!</small><br></div><div class="spacer battle-history"><br></div><h2 class="battle-history">Turn 7</h2><div class="spacer battle-history"><br></div><div class="battle-history">Escavalier used <strong>Pursuit</strong>!<br></div><div class="battle-history"><small>It's super effective!</small><br></div><div class="battle-history"><small>(The opposing Cofagrigus lost <abbr title="−39/320">12.2%</abbr> of its health!)</small><br></div><div class="battle-history"><small>[The opposing Cofagrigus's Mummy]</small><br><small>[Escavalier's Overcoat]</small><br><small>[Escavalier's Mummy]</small><br><small>Escavalier's Ability became Mummy!</small><br></div><div class="spacer battle-history"><br></div><div class="battle-history">The opposing Cofagrigus is paralyzed! It can't move!<br></div><div class="spacer battle-history"><br></div><div class="battle-history"><small>The opposing Cofagrigus restored a little HP using its Leftovers!</small><br></div><div class="battle-history"><small>Escavalier was hurt by its burn!</small><br></div><div class="spacer battle-history"><br></div><h2 class="battle-history">Turn 8</h2><div class="spacer battle-history"><br></div><div class="battle-history">Escavalier used <strong>Iron Head</strong>!<br></div><div class="battle-history"><small>(The opposing Cofagrigus lost <abbr title="−56/320">17.5%</abbr> of its health!)</small><br></div><div class="spacer battle-history"><br></div><div class="battle-history">The opposing Cofagrigus flinched and couldn't move!<br></div><div class="spacer battle-history"><br></div><div class="battle-history"><small>The opposing Cofagrigus restored a little HP using its Leftovers!</small><br></div><div class="battle-history"><small>Escavalier was hurt by its burn!</small><br></div><div class="spacer battle-history"><br></div><h2 class="battle-history">Turn 9</h2><div class="spacer battle-history"><br></div><div class="battle-history">Escavalier used <strong>Iron Head</strong>!<br></div><div class="battle-history"><small>A critical hit!</small><br></div><div class="battle-history"><small>(The opposing Cofagrigus lost <abbr title="−89/320">27.8%</abbr> of its health!)</small><br></div><div class="spacer battle-history"><br></div><div class="battle-history">The opposing Cofagrigus used <strong>Calm Mind</strong>!<br></div><div class="battle-history"><small>The opposing Cofagrigus's Special Attack rose!</small><br></div><div class="battle-history"><small>The opposing Cofagrigus's Special Defense rose!</small><br></div><div class="spacer battle-history"><br></div><div class="battle-history"><small>The opposing Cofagrigus restored a little HP using its Leftovers!</small><br></div><div class="battle-history"><small>Escavalier was hurt by its burn!</small><br></div><div class="spacer battle-history"><br></div><h2 class="battle-history">Turn 10</h2><div class="spacer battle-history"><br></div><div class="battle-history">Escavalier used <strong>Iron Head</strong>!<br></div><div class="battle-history"><small>(The opposing Cofagrigus lost <abbr title="−57/320">17.8%</abbr> of its health!)</small><br></div><div class="spacer battle-history"><br></div><div class="battle-history">The opposing Cofagrigus used <strong>Shadow Ball</strong>!<br></div><div class="battle-history"><small>(Escavalier lost <abbr title="−91/343">26.5%</abbr> of its health!)</small><br></div><div class="spacer battle-history"><br></div><div class="battle-history">Escavalier fainted!<br></div><div class="spacer battle-history"><br></div><div class="battle-history"><small>The opposing Cofagrigus restored a little HP using its Leftovers!</small><br></div><div class="spacer battle-history"><br></div><div class="battle-history">Go! <strong>Venusaur</strong>!<br></div><div class="spacer battle-history"><br></div><h2 class="battle-history">Turn 11</h2><div class="spacer battle-history"><br></div><div class="battle-history">Venusaur used <strong>Leaf Storm</strong>!<br></div><div class="battle-history"><small>(The opposing Cofagrigus lost <abbr title="−87/320">27.2%</abbr> of its health!)</small><br></div><div class="battle-history"><small>Venusaur's Special Attack fell harshly!</small><br></div><div class="battle-history"><small>Venusaur lost some of its HP!</small><br></div><div class="spacer battle-history"><br></div><div class="battle-history">The opposing Cofagrigus fainted!<br></div><div class="spacer battle-history"><br></div><div class="battle-history">Juan1996 sent out <strong>Typhlosion</strong>!<br></div><div class="battle-history"><small>Pointed stones dug into the opposing Typhlosion!</small><br></div><div class="spacer battle-history"><br></div><h2 class="battle-history">Turn 12</h2><div class="spacer battle-history"><br></div><div class="battle-history">Venusaur, come back!<br></div><div class="battle-history">Go! <strong>Druddigon</strong>!<br></div><div class="spacer battle-history"><br></div><div class="battle-history">The opposing Typhlosion used <strong>Eruption</strong>!<br></div><div class="battle-history"><small>It's not very effective...</small><br></div><div class="battle-history"><small>(Druddigon lost <abbr title="−108/358">30.2%</abbr> of its health!)</small><br></div><div class="battle-history"><small>The opposing Typhlosion lost some of its HP!</small><br></div><div class="spacer battle-history"><br></div><h2 class="battle-history">Turn 13</h2><div class="spacer battle-history"><br></div><div class="battle-history">The opposing Typhlosion used <strong>Eruption</strong>!<br></div><div class="battle-history"><small>It's not very effective...</small><br></div><div class="battle-history"><small>(Druddigon lost <abbr title="−73/358">20.4%</abbr> of its health!)</small><br></div><div class="battle-history"><small>The opposing Typhlosion lost some of its HP!</small><br></div><div class="spacer battle-history"><br></div><div class="battle-history">Druddigon fainted!<br></div><div class="spacer battle-history"><br></div><div class="battle-history">Go! <strong>Houndoom</strong>!<br></div><div class="spacer battle-history"><br></div><h2 class="battle-history">Turn 14</h2><div class="spacer battle-history"><br></div><div class="battle-history">The opposing Typhlosion used <strong>Earthquake</strong>!<br></div><div class="battle-history"><small>It's super effective!</small><br></div><div class="battle-history"><small>A critical hit!</small><br></div><div class="battle-history"><small>(Houndoom lost <abbr title="−291/291">100%</abbr> of its health!)</small><br></div><div class="battle-history"><small>The opposing Typhlosion lost some of its HP!</small><br></div><div class="spacer battle-history"><br></div><div class="battle-history">Houndoom fainted!<br></div><div class="spacer battle-history"><br></div><div class="battle-history">Go! <strong>Alomomola</strong>!<br></div><div class="spacer battle-history"><br></div><h2 class="battle-history">Turn 15</h2><div class="spacer battle-history"><br></div><div class="battle-history">Juan1996 withdrew Typhlosion!<br></div><div class="battle-history">Juan1996 sent out <strong>Banette</strong>!<br></div><div class="battle-history"><small>Pointed stones dug into the opposing Banette!</small><br></div><div class="spacer battle-history"><br></div><div class="battle-history">Alomomola used <strong>Scald</strong>!<br></div><div class="battle-history"><small>(The opposing Banette lost <abbr title="−72/331">21.8%</abbr> of its health!)</small><br></div><div class="spacer battle-history"><br></div><h2 class="battle-history">Turn 16</h2><div class="spacer battle-history"><br></div><div class="battle-history">Alomomola, come back!<br></div><div class="battle-history">Go! <strong>Aromatisse</strong>!<br></div><div class="spacer battle-history"><br></div><div class="battle-history"><small>The opposing Banette's Banettite is reacting to Juan1996's Mega Bracelet!</small><br>The opposing Banette has Mega Evolved into Mega Banette!<br></div><div class="spacer battle-history"><br></div><div class="battle-history">The opposing Banette used <strong>Thunder Wave</strong>!<br></div><div class="battle-history"><small>Aromatisse is paralyzed! It may be unable to move!</small><br></div><div class="spacer battle-history"><br></div><h2 class="battle-history">Turn 17</h2><div class="spacer battle-history"><br></div><div class="battle-history">Juan1996 withdrew Banette!<br></div><div class="battle-history">Juan1996 sent out <strong>Qwilfish</strong>!<br></div><div class="battle-history"><small>Pointed stones dug into the opposing Qwilfish!</small><br></div><div class="battle-history"><small>[The opposing Qwilfish's Intimidate]</small><br></div><div class="battle-history"><small>Aromatisse's Attack fell!</small><br></div><div class="spacer battle-history"><br></div><div class="battle-history">Aromatisse is paralyzed! It can't move!<br></div><div class="spacer battle-history"><br></div><h2 class="battle-history">Turn 18</h2><div class="spacer battle-history"><br></div><div class="battle-history">Aromatisse, come back!<br></div><div class="battle-history">Go! <strong>Venusaur</strong>!<br></div><div class="spacer battle-history"><br></div><div class="battle-history">The opposing Qwilfish used <strong>Poison Jab</strong>!<br></div><div class="battle-history"><small>(Venusaur lost <abbr title="−188/301">62.5%</abbr> of its health!)</small><br></div><div class="battle-history"><small>The opposing Qwilfish lost some of its HP!</small><br></div><div class="spacer battle-history"><br></div><h2 class="battle-history">Turn 19</h2><div class="spacer battle-history"><br></div><div class="battle-history">The opposing Qwilfish used <strong>Poison Jab</strong>!<br></div><div class="battle-history"><small>(Venusaur lost <abbr title="−83/301">27.6%</abbr> of its health!)</small><br></div><div class="battle-history"><small>The opposing Qwilfish lost some of its HP!</small><br></div><div class="spacer battle-history"><br></div><div class="battle-history">Venusaur fainted!<br></div><div class="spacer battle-history"><br></div><div class="battle-history">Go! <strong>Alomomola</strong>!<br></div><div class="spacer battle-history"><br></div><h2 class="battle-history">Turn 20</h2><div class="spacer battle-history"><br></div><div class="battle-history">Juan1996 withdrew Qwilfish!<br></div><div class="battle-history">Juan1996 sent out <strong>Medicham</strong>!<br></div><div class="battle-history"><small>Pointed stones dug into the opposing Medicham!</small><br></div><div class="spacer battle-history"><br></div><div class="battle-history">Alomomola used <strong>Knock Off</strong>!<br></div><div class="battle-history"><small>(The opposing Medicham lost <abbr title="−74/323">22.9%</abbr> of its health!)</small><br></div><div class="battle-history"><small>Alomomola knocked off the opposing Medicham's Choice Band!</small><br></div><div class="spacer battle-history"><br></div><h2 class="battle-history">Turn 21</h2><div class="spacer battle-history"><br></div><div class="battle-history">Alomomola, come back!<br></div><div class="battle-history">Go! <strong>Aromatisse</strong>!<br></div><div class="spacer battle-history"><br></div><div class="battle-history">The opposing Medicham used <strong>Psycho Cut</strong>!<br></div><div class="battle-history"><small>(Aromatisse lost <abbr title="−154/406">37.9%</abbr> of its health!)</small><br></div><div class="spacer battle-history"><br></div><div class="battle-history"><small>Aromatisse restored a little HP using its Leftovers!</small><br></div><div class="spacer battle-history"><br></div><h2 class="battle-history">Turn 22</h2><div class="spacer battle-history"><br></div><div class="battle-history">The opposing Medicham used <strong>Bullet Punch</strong>!<br></div><div class="battle-history"><small>It's super effective!</small><br></div><div class="battle-history"><small>(Aromatisse lost <abbr title="−114/406">28.1%</abbr> of its health!)</small><br></div><div class="spacer battle-history"><br></div><div class="battle-history">Aromatisse used <strong>Moonblast</strong>!<br></div><div class="battle-history"><small>It's super effective!</small><br></div><div class="battle-history"><small>(The opposing Medicham lost <abbr title="−229/323">70.9%</abbr> of its health!)</small><br></div><div class="spacer battle-history"><br></div><div class="battle-history">The opposing Medicham fainted!<br></div><div class="spacer battle-history"><br></div><div class="battle-history"><small>Aromatisse restored a little HP using its Leftovers!</small><br></div><div class="spacer battle-history"><br></div><div class="battle-history">Juan1996 sent out <strong>Qwilfish</strong>!<br></div><div class="battle-history"><small>Pointed stones dug into the opposing Qwilfish!</small><br></div><div class="battle-history"><small>[The opposing Qwilfish's Intimidate]</small><br></div><div class="battle-history"><small>Aromatisse's Attack fell!</small><br></div><div class="spacer battle-history"><br></div><h2 class="battle-history">Turn 23</h2><div class="spacer battle-history"><br></div><div class="battle-history">Aromatisse, come back!<br></div><div class="battle-history">Go! <strong>Alomomola</strong>!<br></div><div class="spacer battle-history"><br></div><div class="battle-history">The opposing Qwilfish used <strong>Poison Jab</strong>!<br></div><div class="battle-history"><small>(Alomomola lost <abbr title="−129/501">25.7%</abbr> of its health!)</small><br></div><div class="battle-history"><small>The opposing Qwilfish lost some of its HP!</small><br></div><div class="spacer battle-history"><br></div><div class="battle-history"><small>Alomomola restored a little HP using its Leftovers!</small><br></div><div class="spacer battle-history"><br></div><h2 class="battle-history">Turn 24</h2><div class="spacer battle-history"><br></div><div class="battle-history">Juan1996 withdrew Qwilfish!<br></div><div class="battle-history">Juan1996 sent out Banette (<strong>Banette-Mega</strong>)!<br></div><div class="battle-history"><small>Pointed stones dug into the opposing Banette!</small><br></div><div class="spacer battle-history"><br></div><div class="battle-history">Alomomola used <strong>Knock Off</strong>!<br></div><div class="battle-history"><small>It's super effective!</small><br></div><div class="battle-history"><small>(The opposing Banette lost <abbr title="−92/331">27.8%</abbr> of its health!)</small><br></div><div class="spacer battle-history"><br></div><div class="battle-history"><small>Alomomola restored a little HP using its Leftovers!</small><br></div><div class="spacer battle-history"><br></div><h2 class="battle-history">Turn 25</h2><div class="spacer battle-history"><br></div><div class="battle-history">Alomomola, come back!<br></div><div class="battle-history">Go! <strong>Aromatisse</strong>!<br></div><div class="spacer battle-history"><br></div><div class="battle-history">The opposing Banette used <strong>Knock Off</strong>!<br></div><div class="battle-history"><small>It's not very effective...</small><br></div><div class="battle-history"><small>(Aromatisse lost <abbr title="−72/406">17.7%</abbr> of its health!)</small><br></div><div class="battle-history"><small>The opposing Banette knocked off Aromatisse's Leftovers!</small><br></div><div class="spacer battle-history"><br></div><h2 class="battle-history">Turn 26</h2><div class="spacer battle-history"><br></div><div class="battle-history">The opposing Banette used <strong>Shadow Claw</strong>!<br></div><div class="battle-history"><small>(Aromatisse lost <abbr title="−116/406">28.6%</abbr> of its health!)</small><br></div><div class="spacer battle-history"><br></div><div class="battle-history">Aromatisse fainted!<br></div><div class="spacer battle-history"><br></div><div class="battle-history">Go! <strong>Alomomola</strong>!<br></div><div class="spacer battle-history"><br></div><h2 class="battle-history">Turn 27</h2><div class="spacer battle-history"><br></div><div class="battle-history">The opposing Banette used <strong>Thunder Wave</strong>!<br></div><div class="battle-history"><small>Alomomola is paralyzed! It may be unable to move!</small><br></div><div class="spacer battle-history"><br></div><div class="battle-history">Alomomola used <strong>Knock Off</strong>!<br></div><div class="battle-history"><small>It's super effective!</small><br></div><div class="battle-history"><small>(The opposing Banette lost <abbr title="−85/331">25.7%</abbr> of its health!)</small><br></div><div class="spacer battle-history"><br></div><div class="battle-history">The opposing Banette fainted!<br></div><div class="spacer battle-history"><br></div><div class="battle-history">Juan1996 sent out <strong>Qwilfish</strong>!<br></div><div class="battle-history"><small>Pointed stones dug into the opposing Qwilfish!</small><br></div><div class="battle-history"><small>[The opposing Qwilfish's Intimidate]</small><br></div><div class="battle-history"><small>Alomomola's Attack fell!</small><br></div><div class="spacer battle-history"><br></div><h2 class="battle-history">Turn 28</h2><div class="spacer battle-history"><br></div><div class="battle-history">The opposing Qwilfish used <strong>Explosion</strong>!<br></div><div class="battle-history"><small>(Alomomola lost <abbr title="−291/501">58.1%</abbr> of its health!)</small><br></div><div class="spacer battle-history"><br></div><div class="battle-history">The opposing Qwilfish fainted!<br></div><div class="battle-history">Alomomola used <strong>Knock Off</strong>!<br></div><div class="battle-history"><small>But there was no target...</small><br></div><div class="spacer battle-history"><br></div><div class="battle-history"><small>Alomomola restored a little HP using its Leftovers!</small><br></div><div class="spacer battle-history"><br></div><div class="battle-history">Juan1996 sent out <strong>Typhlosion</strong>!<br></div><div class="battle-history"><small>Pointed stones dug into the opposing Typhlosion!</small><br></div><div class="spacer battle-history"><br></div><h2 class="battle-history">Turn 29</h2><div class="spacer battle-history"><br></div><div class="battle-history">The opposing Typhlosion used <strong>Thunder Punch</strong>!<br></div><div class="battle-history"><small>It's super effective!</small><br></div><div class="battle-history"><small>(Alomomola lost <abbr title="−120/501">24.0%</abbr> of its health!)</small><br></div><div class="battle-history"><small>The opposing Typhlosion lost some of its HP!</small><br></div><div class="spacer battle-history"><br></div><div class="battle-history">Alomomola used <strong>Wish</strong>!<br></div><div class="spacer battle-history"><br></div><div class="battle-history"><small>Alomomola restored a little HP using its Leftovers!</small><br></div><div class="spacer battle-history"><br></div><h2 class="battle-history">Turn 30</h2><div class="spacer battle-history"><br></div><div class="battle-history">Alomomola is paralyzed! It can't move!<br></div><div class="spacer battle-history"><br></div><div class="battle-history">The opposing Typhlosion used <strong>Thunder Punch</strong>!<br></div><div class="battle-history"><small>It's super effective!</small><br></div><div class="battle-history"><small>(Alomomola lost <abbr title="−130/501">25.9%</abbr> of its health!)</small><br></div><div class="battle-history"><small>The opposing Typhlosion lost some of its HP!</small><br></div><div class="spacer battle-history"><br></div><div class="battle-history">The opposing Typhlosion fainted!<br></div><div class="spacer battle-history"><br></div><div class="battle-history"><small>Alomomola's wish came true!</small><br></div><div class="battle-history"><small>Alomomola restored a little HP using its Leftovers!</small><br></div><div class="spacer battle-history"><br></div><div class="battle-history">Juan1996 sent out <strong>Flygon</strong>!<br></div><div class="battle-history"><small>Pointed stones dug into the opposing Flygon!</small><br></div><div class="spacer battle-history"><br></div><h2 class="battle-history">Turn 31</h2><div class="spacer battle-history"><br></div><div class="battle-history">The opposing Flygon used <strong>Dragon Claw</strong>!<br></div><div class="battle-history"><small>(Alomomola lost <abbr title="−102/501">20.4%</abbr> of its health!)</small><br></div><div class="spacer battle-history"><br></div><div class="battle-history">Alomomola used <strong>Scald</strong>!<br></div><div class="battle-history"><small>(The opposing Flygon lost <abbr title="−55/301">18.3%</abbr> of its health!)</small><br></div><div class="spacer battle-history"><br></div><div class="battle-history"><small>Alomomola restored a little HP using its Leftovers!</small><br></div><div class="spacer battle-history"><br></div><h2 class="battle-history">Turn 32</h2><div class="spacer battle-history"><br></div><div class="battle-history">The opposing Flygon used <strong>Dragon Claw</strong>!<br></div><div class="battle-history"><small>(Alomomola lost <abbr title="−111/501">22.2%</abbr> of its health!)</small><br></div><div class="spacer battle-history"><br></div><div class="battle-history">Alomomola used <strong>Wish</strong>!<br></div><div class="spacer battle-history"><br></div><div class="battle-history"><small>Alomomola restored a little HP using its Leftovers!</small><br></div><div class="spacer battle-history"><br></div><h2 class="battle-history">Turn 33</h2><div class="spacer battle-history"><br></div><div class="battle-history">The opposing Flygon used <strong>Dragon Claw</strong>!<br></div><div class="battle-history"><small>(Alomomola lost <abbr title="−118/501">23.6%</abbr> of its health!)</small><br></div><div class="spacer battle-history"><br></div><div class="battle-history">Alomomola used <strong>Scald</strong>!<br></div><div class="battle-history"><small>(The opposing Flygon lost <abbr title="−58/301">19.3%</abbr> of its health!)</small><br></div><div class="spacer battle-history"><br></div><div class="battle-history"><small>Alomomola's wish came true!</small><br></div><div class="battle-history"><small>Alomomola restored a little HP using its Leftovers!</small><br></div><div class="spacer battle-history"><br></div><h2 class="battle-history">Turn 34</h2><div class="spacer battle-history"><br></div><div class="battle-history">The opposing Flygon used <strong>Dragon Claw</strong>!<br></div><div class="battle-history"><small>(Alomomola lost <abbr title="−108/501">21.6%</abbr> of its health!)</small><br></div><div class="spacer battle-history"><br></div><div class="battle-history">Alomomola is paralyzed! It can't move!<br></div><div class="spacer battle-history"><br></div><div class="battle-history"><small>Alomomola restored a little HP using its Leftovers!</small><br></div><div class="spacer battle-history"><br></div><h2 class="battle-history">Turn 35</h2><div class="spacer battle-history"><br></div><div class="battle-history">The opposing Flygon used <strong>Dragon Claw</strong>!<br></div><div class="battle-history"><small>(Alomomola lost <abbr title="−115/501">23.0%</abbr> of its health!)</small><br></div><div class="spacer battle-history"><br></div><div class="battle-history">Alomomola used <strong>Wish</strong>!<br></div><div class="spacer battle-history"><br></div><div class="battle-history"><small>Alomomola restored a little HP using its Leftovers!</small><br></div><div class="spacer battle-history"><br></div><h2 class="battle-history">Turn 36</h2><div class="spacer battle-history"><br></div><div class="battle-history">The opposing Flygon used <strong>Dragon Claw</strong>!<br></div><div class="battle-history"><small>(Alomomola lost <abbr title="−115/501">23.0%</abbr> of its health!)</small><br></div><div class="spacer battle-history"><br></div><div class="battle-history">Alomomola used <strong>Scald</strong>!<br></div><div class="battle-history"><small>(The opposing Flygon lost <abbr title="−54/301">17.9%</abbr> of its health!)</small><br></div><div class="spacer battle-history"><br></div><div class="battle-history"><small>Alomomola's wish came true!</small><br></div><div class="battle-history"><small>Alomomola restored a little HP using its Leftovers!</small><br></div><div class="spacer battle-history"><br></div><h2 class="battle-history">Turn 37</h2><div class="spacer battle-history"><br></div><div class="battle-history">The opposing Flygon used <strong>Dragon Claw</strong>!<br></div><div class="battle-history"><small>(Alomomola lost <abbr title="−103/501">20.6%</abbr> of its health!)</small><br></div><div class="spacer battle-history"><br></div><div class="battle-history">Alomomola used <strong>Scald</strong>!<br></div><div class="battle-history"><small>(The opposing Flygon lost <abbr title="−54/301">17.9%</abbr> of its health!)</small><br></div><div class="spacer battle-history"><br></div><div class="battle-history"><small>Alomomola restored a little HP using its Leftovers!</small><br></div><div class="spacer battle-history"><br></div><h2 class="battle-history">Turn 38</h2><div class="spacer battle-history"><br></div><div class="battle-history">The opposing Flygon used <strong>Dragon Claw</strong>!<br></div><div class="battle-history"><small>(Alomomola lost <abbr title="−114/501">22.8%</abbr> of its health!)</small><br></div><div class="spacer battle-history"><br></div><div class="battle-history">Alomomola is paralyzed! It can't move!<br></div><div class="spacer battle-history"><br></div><div class="battle-history"><small>Alomomola restored a little HP using its Leftovers!</small><br></div><div class="spacer battle-history"><br></div><h2 class="battle-history">Turn 39</h2><div class="spacer battle-history"><br></div><div class="battle-history">The opposing Flygon used <strong>Dragon Claw</strong>!<br></div><div class="battle-history"><small>(Alomomola lost <abbr title="−114/501">22.8%</abbr> of its health!)</small><br></div><div class="spacer battle-history"><br></div><div class="battle-history">Alomomola is paralyzed! It can't move!<br></div><div class="spacer battle-history"><br></div><div class="battle-history"><small>Alomomola restored a little HP using its Leftovers!</small><br></div><div class="spacer battle-history"><br></div><h2 class="battle-history">Turn 40</h2><div class="spacer battle-history"><br></div><div class="battle-history">Alomomola is paralyzed! It can't move!<br></div><div class="spacer battle-history"><br></div><div class="battle-history">The opposing Flygon used <strong>Dragon Claw</strong>!<br></div><div class="battle-history"><small>(Alomomola lost <abbr title="−82/501">16.4%</abbr> of its health!)</small><br></div><div class="spacer battle-history"><br></div><div class="battle-history">Alomomola fainted!<br></div><div class="spacer battle-history"><br></div><div class="battle-history"><strong>Juan1996</strong> won the battle!<br></div><div class="chat chatmessage-alasou"><strong style="color:hsl(85,75%,30%)"><small>★</small><span class="username" data-name="alasou">alasou</span>:</strong> <em>gg</em></div><div class="chat">alasou's rating: 1298 → <strong>1260</strong><br>(-38 for losing)</div><div class="chat">Juan1996's rating: 1088 → <strong>1129</strong><br>(+41 for winning)</div><div class="chat chatmessage-juan1996"><strong style="color:hsl(73,47%,43.03312863061476%)"><small>★</small><span class="username" data-name="Juan1996">Juan1996</span>:</strong> <em>gg</em></div></div><div class="inner-preempt"></div></div></div>
</div>
<script>
let daily = Math.floor(Date.now()/1000/60/60/24);document.write('<script src="https://play.pokemonshowdown.com/js/replay-embed.js?version'+daily+'"></'+'script>');
</script>
