<!DOCTYPE html>
<meta charset="utf-8" />
<!-- version 1 -->
<title>RU replay: blazemaster01 vs. ivannuno10</title>
<style>
html,body {font-family:Verdana, sans-serif;font-size:10pt;margin:0;padding:0;}body{padding:12px 0;} .battle-log {font-family:Verdana, sans-serif;font-size:10pt;} .battle-log-inline {border:1px solid #AAAAAA;background:#EEF2F5;color:black;max-width:640px;margin:0 auto 80px;padding-bottom:5px;} .battle-log .inner {padding:4px 8px 0px 8px;} .battle-log .inner-preempt {padding:0 8px 4px 8px;} .battle-log .inner-after {margin-top:0.5em;} .battle-log h2 {margin:0.5em -8px;padding:4px 8px;border:1px solid #AAAAAA;background:#E0E7EA;border-left:0;border-right:0;font-family:Verdana, sans-serif;font-size:13pt;} .battle-log .chat {vertical-align:middle;padding:3px 0 3px 0;font-size:8pt;} .battle-log .chat strong {color:#40576A;} .battle-log .chat em {padding:1px 4px 1px 3px;color:#000000;font-style:normal;} .chat.mine {background:rgba(0,0,0,0.05);margin-left:-8px;margin-right:-8px;padding-left:8px;padding-right:8px;} .spoiler {color:#BBBBBB;background:#BBBBBB;padding:0px 3px;} .spoiler:hover, .spoiler:active, .spoiler-shown {color:#000000;background:#E2E2E2;padding:0px 3px;} .spoiler a {color:#BBBBBB;} .spoiler:hover a, .spoiler:active a, .spoiler-shown a {color:#2288CC;} .chat code, .chat .spoiler:hover code, .chat .spoiler:active code, .chat .spoiler-shown code {border:1px solid #C0C0C0;background:#EEEEEE;color:black;padding:0 2px;} .chat .spoiler code {border:1px solid #CCCCCC;background:#CCCCCC;color:#CCCCCC;} .battle-log .rated {padding:3px 4px;} .battle-log .rated strong {color:white;background:#89A;padding:1px 4px;border-radius:4px;} .spacer {margin-top:0.5em;} .message-announce {background:#6688AA;color:white;padding:1px 4px 2px;} .message-announce a, .broadcast-green a, .broadcast-blue a, .broadcast-red a {color:#DDEEFF;} .broadcast-green {background-color:#559955;color:white;padding:2px 4px;} .broadcast-blue {background-color:#6688AA;color:white;padding:2px 4px;} .infobox {border:1px solid #6688AA;padding:2px 4px;} .infobox-limited {max-height:200px;overflow:auto;overflow-x:hidden;} .broadcast-red {background-color:#AA5544;color:white;padding:2px 4px;} .message-learn-canlearn {font-weight:bold;color:#228822;text-decoration:underline;} .message-learn-cannotlearn {font-weight:bold;color:#CC2222;text-decoration:underline;} .message-effect-weak {font-weight:bold;color:#CC2222;} .message-effect-resist {font-weight:bold;color:#6688AA;} .message-effect-immune {font-weight:bold;color:#666666;} .message-learn-list {margin-top:0;margin-bottom:0;} .message-throttle-notice, .message-error {color:#992222;} .message-overflow, .chat small.message-overflow {font-size:0pt;} .message-overflow::before {font-size:9pt;content:'...';} .subtle {color:#3A4A66;}
</style>
<div class="wrapper replay-wrapper" style="max-width:1180px;margin:0 auto">
<input type="hidden" name="replayid" value="ru-541920110" />
<div class="battle"></div><div class="battle-log"></div><div class="replay-controls"></div><div class="replay-controls-2"></div>
<h1 style="font-weight:normal;text-align:center"><strong>RU</strong><br /><a href="http://pokemonshowdown.com/users/blazemaster01" class="subtle" target="_blank">blazemaster01</a> vs. <a href="http://pokemonshowdown.com/users/ivannuno10" class="subtle" target="_blank">ivannuno10</a></h1>
<script type="text/plain" class="battle-log-data">|j|blazemaster01
|j|ivannuno10
|player|p1|blazemaster01|2
|player|p2|ivannuno10|155
|gametype|singles
|gen|6
|tier|RU
|seed|58308,17245,11087,16107
|rule|Sleep Clause Mod: Limit one foe put to sleep
|rule|Species Clause: Limit one of each Pokémon
|rule|OHKO Clause: OHKO moves are banned
|rule|Moody Clause: Moody is banned
|rule|Evasion Moves Clause: Evasion moves are banned
|rule|Endless Battle Clause: Forcing endless battles is banned
|rule|HP Percentage Mod: HP is shown in percentages
|clearpoke
|poke|p1|Alomomola, F|item
|poke|p1|Registeel, shiny|item
|poke|p1|Flygon, M|item
|poke|p1|Braviary, M|item
|poke|p1|Granbull, M|item
|poke|p1|Drapion, F, shiny|item
|poke|p2|Seismitoad, F|item
|poke|p2|Lapras, F|item
|poke|p2|Huntail, F|item
|poke|p2|Blastoise, F|item
|poke|p2|Malamar, F|item
|poke|p2|Jellicent, F|item
|rule|Swagger Clause: Swagger is banned
|rule|Baton Pass Clause: Limit one Baton Passer, can't pass Spe and other stats simultaneously
|teampreview
|choice|team 2, team 1, team 3, team 4, team 5, team 6|team 3, team 2, team 1, team 4, team 5, team 6
|
|start
|switch|p1a: Registeel|Registeel, shiny|364\/364
|switch|p2a: Huntail|Huntail, F|251\/251
|turn|1
|c|☆blazemaster01|glhf
|choice|move stealthrock|move shellsmash
|
|move|p2a: Huntail|Shell Smash|p2a: Huntail
|-unboost|p2a: Huntail|def|1
|-unboost|p2a: Huntail|spd|1
|-boost|p2a: Huntail|atk|2
|-boost|p2a: Huntail|spa|2
|-boost|p2a: Huntail|spe|2
|move|p1a: Registeel|Stealth Rock|p2a: Huntail
|-sidestart|p2: ivannuno10|move: Stealth Rock
|
|upkeep
|turn|2
|choice|move thunderwave|move surf
|
|move|p2a: Huntail|Surf|p1a: Registeel
|-damage|p1a: Registeel|247\/364
|move|p1a: Registeel|Thunder Wave|p2a: Huntail
|-status|p2a: Huntail|par
|
|-heal|p1a: Registeel|269\/364|[from] item: Leftovers
|upkeep
|turn|3
|choice|move seismictoss|move surf
|
|move|p1a: Registeel|Seismic Toss|p2a: Huntail
|-damage|p2a: Huntail|151\/251 par
|move|p2a: Huntail|Surf|p1a: Registeel
|-damage|p1a: Registeel|149\/364
|
|-heal|p1a: Registeel|171\/364|[from] item: Leftovers
|upkeep
|turn|4
|choice|move seismictoss|move surf
|
|move|p1a: Registeel|Seismic Toss|p2a: Huntail
|-damage|p2a: Huntail|51\/251 par
|move|p2a: Huntail|Surf|p1a: Registeel
|-damage|p1a: Registeel|57\/364
|
|-heal|p1a: Registeel|79\/364|[from] item: Leftovers
|upkeep
|turn|5
|j|ksasAltAlt
|choice|move seismictoss|move suckerpunch
|
|cant|p2a: Huntail|par
|move|p1a: Registeel|Seismic Toss|p2a: Huntail
|-damage|p2a: Huntail|0 fnt
|faint|p2a: Huntail
|
|-heal|p1a: Registeel|101\/364|[from] item: Leftovers
|upkeep
|l|ksasAltAlt
|j|hitmonlee 007
|choice||switch 5
|
|switch|p2a: Malamar|Malamar, F|376\/376
|-damage|p2a: Malamar|329\/376|[from] Stealth Rock
|turn|6
|choice|move thunderwave|move superpower
|
|move|p2a: Malamar|Superpower|p1a: Registeel
|-supereffective|p1a: Registeel
|-damage|p1a: Registeel|0 fnt
|-boost|p2a: Malamar|atk|1
|-boost|p2a: Malamar|def|1
|faint|p1a: Registeel
|
|upkeep
|choice|switch 5|
|
|switch|p1a: Granbull|Granbull, M|384\/384
|-ability|p1a: Granbull|Intimidate|boost
|-boost|p2a: Malamar|atk|1
|turn|7
|choice|move playrough|switch 6
|
|switch|p2a: Jellicent|Jellicent, F|404\/404
|-damage|p2a: Jellicent|354\/404|[from] Stealth Rock
|move|p1a: Granbull|Play Rough|p2a: Jellicent
|-damage|p2a: Jellicent|197\/404
|
|upkeep
|turn|8
|choice|move playrough|move sludgebomb
|
|move|p2a: Jellicent|Sludge Bomb|p1a: Granbull
|-supereffective|p1a: Granbull
|-damage|p1a: Granbull|134\/384
|-damage|p2a: Jellicent|157\/404|[from] item: Life Orb
|move|p1a: Granbull|Play Rough|p2a: Jellicent
|-damage|p2a: Jellicent|0 fnt
|faint|p2a: Jellicent
|
|-heal|p1a: Granbull|158\/384|[from] item: Leftovers
|upkeep
|choice||switch 2
|
|switch|p2a: Lapras|Lapras, F|463\/463
|-damage|p2a: Lapras|348\/463|[from] Stealth Rock
|turn|9
|choice|move playrough|move dragondance
|
|move|p2a: Lapras|Dragon Dance|p2a: Lapras
|-boost|p2a: Lapras|atk|1
|-boost|p2a: Lapras|spe|1
|move|p1a: Granbull|Play Rough|p2a: Lapras
|-damage|p2a: Lapras|210\/463
|-unboost|p2a: Lapras|atk|1
|
|-heal|p2a: Lapras|238\/463|[from] item: Leftovers
|-heal|p1a: Granbull|182\/384|[from] item: Leftovers
|upkeep
|turn|10
|choice|move playrough|move waterfall
|
|move|p2a: Lapras|Waterfall|p1a: Granbull
|-damage|p1a: Granbull|106\/384
|move|p1a: Granbull|Play Rough|p2a: Lapras|[miss]
|-miss|p1a: Granbull|p2a: Lapras
|
|-heal|p2a: Lapras|266\/463|[from] item: Leftovers
|-heal|p1a: Granbull|130\/384|[from] item: Leftovers
|upkeep
|turn|11
|j|kodpjfapo
|choice|move playrough|move waterfall
|
|move|p2a: Lapras|Waterfall|p1a: Granbull
|-damage|p1a: Granbull|61\/384
|move|p1a: Granbull|Play Rough|p2a: Lapras
|-damage|p2a: Lapras|115\/463
|
|-heal|p2a: Lapras|143\/463|[from] item: Leftovers
|-heal|p1a: Granbull|85\/384|[from] item: Leftovers
|upkeep
|turn|12
|choice|move playrough|move waterfall
|
|move|p2a: Lapras|Waterfall|p1a: Granbull
|-damage|p1a: Granbull|15\/384
|move|p1a: Granbull|Play Rough|p2a: Lapras
|-damage|p2a: Lapras|0 fnt
|faint|p2a: Lapras
|
|-heal|p1a: Granbull|39\/384|[from] item: Leftovers
|upkeep
|j|Parkzy-YouTube
|choice||switch 6
|
|switch|p2a: Malamar|Malamar, F|329\/376
|-damage|p2a: Malamar|282\/376|[from] Stealth Rock
|turn|13
|c| Parkzy-YouTube|Hahaha Ive got the exact same team blaze
|choice|move playrough|move superpower
|
|move|p2a: Malamar|Superpower|p1a: Granbull
|-resisted|p1a: Granbull
|-damage|p1a: Granbull|0 fnt
|-boost|p2a: Malamar|atk|1
|-boost|p2a: Malamar|def|1
|faint|p1a: Granbull
|
|upkeep
|choice|switch 6|
|
|switch|p1a: Drapion|Drapion, F, shiny|281\/281
|turn|14
|choice|move knockoff|move superpower
|
|move|p1a: Drapion|Knock Off|p2a: Malamar
|-damage|p2a: Malamar|168\/376
|-damage|p1a: Drapion|235\/281|[from] item: Rocky Helmet|[of] p2a: Malamar
|-enditem|p2a: Malamar|Rocky Helmet|[from] move: Knock Off|[of] p1a: Drapion
|move|p2a: Malamar|Superpower|p1a: Drapion
|-damage|p1a: Drapion|113\/281
|-boost|p2a: Malamar|atk|1
|-boost|p2a: Malamar|def|1
|
|upkeep
|turn|15
|choice|move knockoff|move superpower
|
|move|p1a: Drapion|Knock Off|p2a: Malamar
|-crit|p2a: Malamar
|-damage|p2a: Malamar|0 fnt
|faint|p2a: Malamar
|
|upkeep
|choice||switch 3
|
|switch|p2a: Seismitoad|Seismitoad, F|414\/414
|-damage|p2a: Seismitoad|389\/414|[from] Stealth Rock
|turn|16
|choice|move knockoff|move raindance
|
|move|p1a: Drapion|Knock Off|p2a: Seismitoad
|-damage|p2a: Seismitoad|196\/414
|-enditem|p2a: Seismitoad|Leftovers|[from] move: Knock Off|[of] p1a: Drapion
|move|p2a: Seismitoad|Rain Dance|p2a: Seismitoad
|-weather|RainDance
|
|-weather|RainDance|[upkeep]
|upkeep
|turn|17
|choice|move knockoff|move scald
|
|move|p2a: Seismitoad|Scald|p1a: Drapion
|-damage|p1a: Drapion|0 fnt
|faint|p1a: Drapion
|
|-weather|RainDance|[upkeep]
|upkeep
|choice|switch 2|
|
|switch|p1a: Alomomola|Alomomola, F|497\/497
|turn|18
|choice|move toxic|move drainpunch
|
|move|p2a: Seismitoad|Drain Punch|p1a: Alomomola
|-damage|p1a: Alomomola|444\/497
|-heal|p2a: Seismitoad|223\/414|[from] drain|[of] p1a: Alomomola
|move|p1a: Alomomola|Toxic|p2a: Seismitoad
|-status|p2a: Seismitoad|tox
|
|-weather|RainDance|[upkeep]
|-heal|p1a: Alomomola|475\/497|[from] item: Leftovers
|-damage|p2a: Seismitoad|198\/414 tox|[from] psn
|upkeep
|turn|19
|choice|move wish|move earthquake
|
|move|p2a: Seismitoad|Earthquake|p1a: Alomomola
|-damage|p1a: Alomomola|367\/497
|move|p1a: Alomomola|Wish|p1a: Alomomola
|
|-weather|RainDance|[upkeep]
|-heal|p1a: Alomomola|398\/497|[from] item: Leftovers
|-damage|p2a: Seismitoad|148\/414 tox|[from] psn
|upkeep
|turn|20
|choice|move protect|move scald
|
|move|p1a: Alomomola|Protect|p1a: Alomomola
|-singleturn|p1a: Alomomola|Protect
|move|p2a: Seismitoad|Scald|p1a: Alomomola
|-activate|p1a: Alomomola|move: Protect
|
|-weather|none
|-heal|p1a: Alomomola|497\/497|[from] move: Wish|[wisher] Alomomola
|-damage|p2a: Seismitoad|73\/414 tox|[from] psn
|upkeep
|turn|21
|l|kodpjfapo
|c|☆blazemaster01|gg
|choice|move wish|move scald
|
|move|p2a: Seismitoad|Scald|p1a: Alomomola
|-resisted|p1a: Alomomola
|-damage|p1a: Alomomola|448\/497
|move|p1a: Alomomola|Wish|p1a: Alomomola
|
|-heal|p1a: Alomomola|479\/497|[from] item: Leftovers
|-damage|p2a: Seismitoad|0 fnt|[from] psn
|upkeep
|faint|p2a: Seismitoad
|choice||switch 4
|
|switch|p2a: Blastoise|Blastoise, F|362\/362
|-damage|p2a: Blastoise|317\/362|[from] Stealth Rock
|turn|22
|choice|move toxic|move dragonpulse
|
|move|p2a: Blastoise|Dragon Pulse|p1a: Alomomola
|-damage|p1a: Alomomola|409\/497
|move|p1a: Alomomola|Toxic|p2a: Blastoise|[miss]
|-miss|p1a: Alomomola|p2a: Blastoise
|
|-heal|p1a: Alomomola|497\/497|[from] move: Wish|[wisher] Alomomola
|upkeep
|turn|23
|choice|move toxic|move aurasphere
|
|move|p2a: Blastoise|Aura Sphere|p1a: Alomomola
|-damage|p1a: Alomomola|425\/497
|move|p1a: Alomomola|Toxic|p2a: Blastoise
|-status|p2a: Blastoise|tox
|
|-heal|p1a: Alomomola|456\/497|[from] item: Leftovers
|-damage|p2a: Blastoise|295\/362 tox|[from] psn
|upkeep
|turn|24
|choice|move wish|move earthquake
|
|move|p2a: Blastoise|Earthquake|p1a: Alomomola
|-damage|p1a: Alomomola|392\/497
|move|p1a: Alomomola|Wish|p1a: Alomomola
|
|-heal|p1a: Alomomola|423\/497|[from] item: Leftovers
|-damage|p2a: Blastoise|251\/362 tox|[from] psn
|upkeep
|turn|25
|choice|move protect|move waterspout
|
|move|p1a: Alomomola|Protect|p1a: Alomomola
|-singleturn|p1a: Alomomola|Protect
|move|p2a: Blastoise|Water Spout|p1a: Alomomola
|-activate|p1a: Alomomola|move: Protect
|
|-heal|p1a: Alomomola|497\/497|[from] move: Wish|[wisher] Alomomola
|-damage|p2a: Blastoise|185\/362 tox|[from] psn
|upkeep
|turn|26
|c| Parkzy-YouTube|do u know about special and physical split....
|choice|move wish|move waterspout
|
|move|p2a: Blastoise|Water Spout|p1a: Alomomola
|-resisted|p1a: Alomomola
|-damage|p1a: Alomomola|446\/497
|move|p1a: Alomomola|Wish|p1a: Alomomola
|
|-heal|p1a: Alomomola|477\/497|[from] item: Leftovers
|-damage|p2a: Blastoise|97\/362 tox|[from] psn
|upkeep
|-enditem|p2a: Blastoise|Sitrus Berry|[eat]
|-heal|p2a: Blastoise|187\/362 tox|[from] item: Sitrus Berry
|turn|27
|c| Parkzy-YouTube|ivan...
|c|☆blazemaster01|XD
|choice|move wish|move earthquake
|
|move|p2a: Blastoise|Earthquake|p1a: Alomomola
|-crit|p1a: Alomomola
|-damage|p1a: Alomomola|377\/497
|move|p1a: Alomomola|Wish|p1a: Alomomola
|-fail|p1a: Alomomola
|
|-heal|p1a: Alomomola|497\/497|[from] move: Wish|[wisher] Alomomola
|-damage|p2a: Blastoise|77\/362 tox|[from] psn
|upkeep
|turn|28
|choice|switch 4|move earthquake
|
|switch|p1a: Braviary|Braviary, M|404\/404
|move|p2a: Blastoise|Earthquake|p1a: Braviary
|-immune|p1a: Braviary|[msg]
|
|-damage|p2a: Blastoise|0 fnt|[from] psn
|upkeep
|faint|p2a: Blastoise
|
|win|blazemaster01
|player|p1
|player|p2
|c|☆blazemaster01|gg
|l|ivannuno10
|l|Parkzy-YouTube</script>
</div>
<div class="battle-log battle-log-inline"><div class="inner"><div class="battle-options"></div><div class="inner"><div class="chat"><small>blazemaster01 joined.</small></div><div class="chat"><small>ivannuno10 joined.</small></div><div class=""><small>Format:</small> <br><strong>RU</strong></div><div class=""><small><em>Sleep Clause Mod:</em> Limit one foe put to sleep</small></div><div class=""><small><em>Species Clause:</em> Limit one of each Pokémon</small></div><div class=""><small><em>OHKO Clause:</em> OHKO moves are banned</small></div><div class=""><small><em>Moody Clause:</em> Moody is banned</small></div><div class=""><small><em>Evasion Moves Clause:</em> Evasion moves are banned</small></div><div class=""><small><em>Endless Battle Clause:</em> Forcing endless battles is banned</small></div><div class=""><small><em>HP Percentage Mod:</em> HP is shown in percentages</small></div><div class=""><small><em>Swagger Clause:</em> Swagger is banned</small></div><div class=""><small><em>Baton Pass Clause:</em> Limit one Baton Passer, can't pass Spe and other stats simultaneously</small></div><div class="chat battle-history"><strong>blazemaster01's team:</strong> <em style="color:#445566;display:block;">Alomomola / Registeel / Flygon / Braviary / Granbull / Drapion</em></div><div class="chat battle-history"><strong>ivannuno10's team:</strong> <em style="color:#445566;display:block;">Seismitoad / Lapras / Huntail / Blastoise / Malamar / Jellicent</em></div><div class="spacer battle-history"><br></div><div class="battle-history">Battle started between blazemaster01 and ivannuno10!<br></div><div class="spacer battle-history"><br></div><div class="battle-history">Go! <strong>Registeel</strong>!<br></div><div class="spacer battle-history"><br></div><div class="battle-history">ivannuno10 sent out <strong>Huntail</strong>!<br></div><div class="spacer battle-history"><br></div><h2 class="battle-history">Turn 1</h2><div class="chat chatmessage-blazemaster01"><strong style="color:hsl(219,81%,53.02966675471964%)"><small>☆</small><span class="username" data-name="blazemaster01">blazemaster01</span>:</strong> <em>glhf</em></div><div class="spacer battle-history"><br></div><div class="battle-history">The opposing Huntail used <strong>Shell Smash</strong>!<br></div><div class="battle-history"><small>The opposing Huntail's Defense fell!</small><br></div><div class="battle-history"><small>The opposing Huntail's Special Defense fell!</small><br></div><div class="battle-history"><small>The opposing Huntail's Attack rose sharply!</small><br></div><div class="battle-history"><small>The opposing Huntail's Special Attack rose sharply!</small><br></div><div class="battle-history"><small>The opposing Huntail's Speed rose sharply!</small><br></div><div class="spacer battle-history"><br></div><div class="battle-history">Registeel used <strong>Stealth Rock</strong>!<br></div><div class="battle-history"><small>Pointed stones float in the air around the opposing team!</small><br></div><div class="spacer battle-history"><br></div><h2 class="battle-history">Turn 2</h2><div class="spacer battle-history"><br></div><div class="battle-history">The opposing Huntail used <strong>Surf</strong>!<br></div><div class="battle-history"><small>(Registeel lost <abbr title="−117/364">32.1%</abbr> of its health!)</small><br></div><div class="spacer battle-history"><br></div><div class="battle-history">Registeel used <strong>Thunder Wave</strong>!<br></div><div class="battle-history"><small>The opposing Huntail is paralyzed! It may be unable to move!</small><br></div><div class="spacer battle-history"><br></div><div class="battle-history"><small>Registeel restored a little HP using its Leftovers!</small><br></div><div class="spacer battle-history"><br></div><h2 class="battle-history">Turn 3</h2><div class="spacer battle-history"><br></div><div class="battle-history">Registeel used <strong>Seismic Toss</strong>!<br></div><div class="battle-history"><small>(The opposing Huntail lost <abbr title="−100/251">39.8%</abbr> of its health!)</small><br></div><div class="spacer battle-history"><br></div><div class="battle-history">The opposing Huntail used <strong>Surf</strong>!<br></div><div class="battle-history"><small>(Registeel lost <abbr title="−120/364">33.0%</abbr> of its health!)</small><br></div><div class="spacer battle-history"><br></div><div class="battle-history"><small>Registeel restored a little HP using its Leftovers!</small><br></div><div class="spacer battle-history"><br></div><h2 class="battle-history">Turn 4</h2><div class="spacer battle-history"><br></div><div class="battle-history">Registeel used <strong>Seismic Toss</strong>!<br></div><div class="battle-history"><small>(The opposing Huntail lost <abbr title="−100/251">39.8%</abbr> of its health!)</small><br></div><div class="spacer battle-history"><br></div><div class="battle-history">The opposing Huntail used <strong>Surf</strong>!<br></div><div class="battle-history"><small>(Registeel lost <abbr title="−114/364">31.3%</abbr> of its health!)</small><br></div><div class="spacer battle-history"><br></div><div class="battle-history"><small>Registeel restored a little HP using its Leftovers!</small><br></div><div class="spacer battle-history"><br></div><h2 class="battle-history">Turn 5</h2><div class="chat"><small>ksasAltAlt joined.</small></div><div class="spacer battle-history"><br></div><div class="battle-history">The opposing Huntail is paralyzed! It can't move!<br></div><div class="spacer battle-history"><br></div><div class="battle-history">Registeel used <strong>Seismic Toss</strong>!<br></div><div class="battle-history"><small>(The opposing Huntail lost <abbr title="−51/251">20.3%</abbr> of its health!)</small><br></div><div class="spacer battle-history"><br></div><div class="battle-history">The opposing Huntail fainted!<br></div><div class="spacer battle-history"><br></div><div class="battle-history"><small>Registeel restored a little HP using its Leftovers!</small><br></div><div class="chat"><small>ksasAltAlt left.</small></div><div class="chat"><small>hitmonlee 007 joined.</small></div><div class="spacer battle-history"><br></div><div class="battle-history">ivannuno10 sent out <strong>Malamar</strong>!<br></div><div class="battle-history"><small>Pointed stones dug into the opposing Malamar!</small><br></div><div class="spacer battle-history"><br></div><h2 class="battle-history">Turn 6</h2><div class="spacer battle-history"><br></div><div class="battle-history">The opposing Malamar used <strong>Superpower</strong>!<br></div><div class="battle-history"><small>It's super effective!</small><br></div><div class="battle-history"><small>(Registeel lost <abbr title="−101/364">27.7%</abbr> of its health!)</small><br></div><div class="battle-history"><small>The opposing Malamar's Attack rose!</small><br></div><div class="battle-history"><small>The opposing Malamar's Defense rose!</small><br></div><div class="spacer battle-history"><br></div><div class="battle-history">Registeel fainted!<br></div><div class="spacer battle-history"><br></div><div class="battle-history">Go! <strong>Granbull</strong>!<br></div><div class="battle-history"><small>[Granbull's Intimidate]</small><br></div><div class="battle-history"><small>The opposing Malamar's Attack rose!</small><br></div><div class="spacer battle-history"><br></div><h2 class="battle-history">Turn 7</h2><div class="spacer battle-history"><br></div><div class="battle-history">ivannuno10 withdrew Malamar!<br></div><div class="battle-history">ivannuno10 sent out <strong>Jellicent</strong>!<br></div><div class="battle-history"><small>Pointed stones dug into the opposing Jellicent!</small><br></div><div class="spacer battle-history"><br></div><div class="battle-history">Granbull used <strong>Play Rough</strong>!<br></div><div class="battle-history"><small>(The opposing Jellicent lost <abbr title="−157/404">38.9%</abbr> of its health!)</small><br></div><div class="spacer battle-history"><br></div><h2 class="battle-history">Turn 8</h2><div class="spacer battle-history"><br></div><div class="battle-history">The opposing Jellicent used <strong>Sludge Bomb</strong>!<br></div><div class="battle-history"><small>It's super effective!</small><br></div><div class="battle-history"><small>(Granbull lost <abbr title="−250/384">65.1%</abbr> of its health!)</small><br></div><div class="battle-history"><small>The opposing Jellicent lost some of its HP!</small><br></div><div class="spacer battle-history"><br></div><div class="battle-history">Granbull used <strong>Play Rough</strong>!<br></div><div class="battle-history"><small>(The opposing Jellicent lost <abbr title="−157/404">38.9%</abbr> of its health!)</small><br></div><div class="spacer battle-history"><br></div><div class="battle-history">The opposing Jellicent fainted!<br></div><div class="spacer battle-history"><br></div><div class="battle-history"><small>Granbull restored a little HP using its Leftovers!</small><br></div><div class="spacer battle-history"><br></div><div class="battle-history">ivannuno10 sent out <strong>Lapras</strong>!<br></div><div class="battle-history"><small>Pointed stones dug into the opposing Lapras!</small><br></div><div class="spacer battle-history"><br></div><h2 class="battle-history">Turn 9</h2><div class="spacer battle-history"><br></div><div class="battle-history">The opposing Lapras used <strong>Dragon Dance</strong>!<br></div><div class="battle-history"><small>The opposing Lapras's Attack rose!</small><br></div><div class="battle-history"><small>The opposing Lapras's Speed rose!</small><br></div><div class="spacer battle-history"><br></div><div class="battle-history">Granbull used <strong>Play Rough</strong>!<br></div><div class="battle-history"><small>(The opposing Lapras lost <abbr title="−138/463">29.8%</abbr> of its health!)</small><br></div><div class="battle-history"><small>The opposing Lapras's Attack fell!</small><br></div><div class="spacer battle-history"><br></div><div class="battle-history"><small>The opposing Lapras restored a little HP using its Leftovers!</small><br></div><div class="battle-history"><small>Granbull restored a little HP using its Leftovers!</small><br></div><div class="spacer battle-history"><br></div><h2 class="battle-history">Turn 10</h2><div class="spacer battle-history"><br></div><div class="battle-history">The opposing Lapras used <strong>Waterfall</strong>!<br></div><div class="battle-history"><small>(Granbull lost <abbr title="−76/384">19.8%</abbr> of its health!)</small><br></div><div class="spacer battle-history"><br></div><div class="battle-history">Granbull used <strong>Play Rough</strong>!<br></div><div class="battle-history"><small>The opposing Lapras avoided the attack!</small><br></div><div class="spacer battle-history"><br></div><div class="battle-history"><small>The opposing Lapras restored a little HP using its Leftovers!</small><br></div><div class="battle-history"><small>Granbull restored a little HP using its Leftovers!</small><br></div><div class="spacer battle-history"><br></div><h2 class="battle-history">Turn 11</h2><div class="chat"><small>kodpjfapo joined.</small></div><div class="spacer battle-history"><br></div><div class="battle-history">The opposing Lapras used <strong>Waterfall</strong>!<br></div><div class="battle-history"><small>(Granbull lost <abbr title="−69/384">18.0%</abbr> of its health!)</small><br></div><div class="spacer battle-history"><br></div><div class="battle-history">Granbull used <strong>Play Rough</strong>!<br></div><div class="battle-history"><small>(The opposing Lapras lost <abbr title="−151/463">32.6%</abbr> of its health!)</small><br></div><div class="spacer battle-history"><br></div><div class="battle-history"><small>The opposing Lapras restored a little HP using its Leftovers!</small><br></div><div class="battle-history"><small>Granbull restored a little HP using its Leftovers!</small><br></div><div class="spacer battle-history"><br></div><h2 class="battle-history">Turn 12</h2><div class="spacer battle-history"><br></div><div class="battle-history">The opposing Lapras used <strong>Waterfall</strong>!<br></div><div class="battle-history"><small>(Granbull lost <abbr title="−70/384">18.2%</abbr> of its health!)</small><br></div><div class="spacer battle-history"><br></div><div class="battle-history">Granbull used <strong>Play Rough</strong>!<br></div><div class="battle-history"><small>(The opposing Lapras lost <abbr title="−143/463">30.9%</abbr> of its health!)</small><br></div><div class="spacer battle-history"><br></div><div class="battle-history">The opposing Lapras fainted!<br></div><div class="spacer battle-history"><br></div><div class="battle-history"><small>Granbull restored a little HP using its Leftovers!</small><br></div><div class="chat"><small>Parkzy-YouTube joined.</small></div><div class="spacer battle-history"><br></div><div class="battle-history">ivannuno10 sent out <strong>Malamar</strong>!<br></div><div class="battle-history"><small>Pointed stones dug into the opposing Malamar!</small><br></div><div class="spacer battle-history"><br></div><h2 class="battle-history">Turn 13</h2><div class="chat chatmessage-parkzyyoutube"><strong style="color:hsl(112,88%,30%)"><small> </small><span class="username" data-name="Parkzy-YouTube">Parkzy-YouTube</span>:</strong> <em>Hahaha Ive got the exact same team blaze</em></div><div class="spacer battle-history"><br></div><div class="battle-history">The opposing Malamar used <strong>Superpower</strong>!<br></div><div class="battle-history"><small>It's not very effective...</small><br></div><div class="battle-history"><small>(Granbull lost <abbr title="−39/384">10.2%</abbr> of its health!)</small><br></div><div class="battle-history"><small>The opposing Malamar's Attack rose!</small><br></div><div class="battle-history"><small>The opposing Malamar's Defense rose!</small><br></div><div class="spacer battle-history"><br></div><div class="battle-history">Granbull fainted!<br></div><div class="spacer battle-history"><br></div><div class="battle-history">Go! <strong>Drapion</strong>!<br></div><div class="spacer battle-history"><br></div><h2 class="battle-history">Turn 14</h2><div class="spacer battle-history"><br></div><div class="battle-history">Drapion used <strong>Knock Off</strong>!<br></div><div class="battle-history"><small>(The opposing Malamar lost <abbr title="−114/376">30.3%</abbr> of its health!)</small><br></div><div class="battle-history"><small>Drapion was hurt by the Rocky Helmet!</small><br></div><div class="battle-history"><small>Drapion knocked off the opposing Malamar's Rocky Helmet!</small><br></div><div class="spacer battle-history"><br></div><div class="battle-history">The opposing Malamar used <strong>Superpower</strong>!<br></div><div class="battle-history"><small>(Drapion lost <abbr title="−122/281">43.4%</abbr> of its health!)</small><br></div><div class="battle-history"><small>The opposing Malamar's Attack rose!</small><br></div><div class="battle-history"><small>The opposing Malamar's Defense rose!</small><br></div><div class="spacer battle-history"><br></div><h2 class="battle-history">Turn 15</h2><div class="spacer battle-history"><br></div><div class="battle-history">Drapion used <strong>Knock Off</strong>!<br></div><div class="battle-history"><small>A critical hit!</small><br></div><div class="battle-history"><small>(The opposing Malamar lost <abbr title="−168/376">44.7%</abbr> of its health!)</small><br></div><div class="spacer battle-history"><br></div><div class="battle-history">The opposing Malamar fainted!<br></div><div class="spacer battle-history"><br></div><div class="battle-history">ivannuno10 sent out <strong>Seismitoad</strong>!<br></div><div class="battle-history"><small>Pointed stones dug into the opposing Seismitoad!</small><br></div><div class="spacer battle-history"><br></div><h2 class="battle-history">Turn 16</h2><div class="spacer battle-history"><br></div><div class="battle-history">Drapion used <strong>Knock Off</strong>!<br></div><div class="battle-history"><small>(The opposing Seismitoad lost <abbr title="−193/414">46.6%</abbr> of its health!)</small><br></div><div class="battle-history"><small>Drapion knocked off the opposing Seismitoad's Leftovers!</small><br></div><div class="spacer battle-history"><br></div><div class="battle-history">The opposing Seismitoad used <strong>Rain Dance</strong>!<br></div><div class="battle-history"><small>It started to rain!</small><br></div><div class="spacer battle-history"><br></div><div class="battle-history"><small>(Rain continues to fall!)</small><br></div><div class="spacer battle-history"><br></div><h2 class="battle-history">Turn 17</h2><div class="spacer battle-history"><br></div><div class="battle-history">The opposing Seismitoad used <strong>Scald</strong>!<br></div><div class="battle-history"><small>(Drapion lost <abbr title="−113/281">40.2%</abbr> of its health!)</small><br></div><div class="spacer battle-history"><br></div><div class="battle-history">Drapion fainted!<br></div><div class="spacer battle-history"><br></div><div class="battle-history"><small>(Rain continues to fall!)</small><br></div><div class="spacer battle-history"><br></div><div class="battle-history">Go! <strong>Alomomola</strong>!<br></div><div class="spacer battle-history"><br></div><h2 class="battle-history">Turn 18</h2><div class="spacer battle-history"><br></div><div class="battle-history">The opposing Seismitoad used <strong>Drain Punch</strong>!<br></div><div class="battle-history"><small>(Alomomola lost <abbr title="−53/497">10.7%</abbr> of its health!)</small><br></div><div class="battle-history"><small>Alomomola had its energy drained!</small><br></div><div class="spacer battle-history"><br></div><div class="battle-history">Alomomola used <strong>Toxic</strong>!<br></div><div class="battle-history"><small>The opposing Seismitoad was badly poisoned!</small><br></div><div class="spacer battle-history"><br></div><div class="battle-history"><small>(Rain continues to fall!)</small><br></div><div class="battle-history"><small>Alomomola restored a little HP using its Leftovers!</small><br></div><div class="battle-history"><small>The opposing Seismitoad was hurt by poison!</small><br></div><div class="spacer battle-history"><br></div><h2 class="battle-history">Turn 19</h2><div class="spacer battle-history"><br></div><div class="battle-history">The opposing Seismitoad used <strong>Earthquake</strong>!<br></div><div class="battle-history"><small>(Alomomola lost <abbr title="−108/497">21.7%</abbr> of its health!)</small><br></div><div class="spacer battle-history"><br></div><div class="battle-history">Alomomola used <strong>Wish</strong>!<br></div><div class="spacer battle-history"><br></div><div class="battle-history"><small>(Rain continues to fall!)</small><br></div><div class="battle-history"><small>Alomomola restored a little HP using its Leftovers!</small><br></div><div class="battle-history"><small>The opposing Seismitoad was hurt by poison!</small><br></div><div class="spacer battle-history"><br></div><h2 class="battle-history">Turn 20</h2><div class="spacer battle-history"><br></div><div class="battle-history">Alomomola used <strong>Protect</strong>!<br></div><div class="battle-history"><small>Alomomola protected itself!</small><br></div><div class="spacer battle-history"><br></div><div class="battle-history">The opposing Seismitoad used <strong>Scald</strong>!<br></div><div class="battle-history"><small>Alomomola protected itself!</small><br></div><div class="spacer battle-history"><br></div><div class="battle-history"><small>The rain stopped.</small><br></div><div class="battle-history"><small>Alomomola's wish came true!</small><br></div><div class="battle-history"><small>The opposing Seismitoad was hurt by poison!</small><br></div><div class="spacer battle-history"><br></div><h2 class="battle-history">Turn 21</h2><div class="chat"><small>kodpjfapo left.</small></div><div class="chat chatmessage-blazemaster01"><strong style="color:hsl(219,81%,53.02966675471964%)"><small>☆</small><span class="username" data-name="blazemaster01">blazemaster01</span>:</strong> <em>gg</em></div><div class="spacer battle-history"><br></div><div class="battle-history">The opposing Seismitoad used <strong>Scald</strong>!<br></div><div class="battle-history"><small>It's not very effective...</small><br></div><div class="battle-history"><small>(Alomomola lost <abbr title="−49/497">9.9%</abbr> of its health!)</small><br></div><div class="spacer battle-history"><br></div><div class="battle-history">Alomomola used <strong>Wish</strong>!<br></div><div class="spacer battle-history"><br></div><div class="battle-history"><small>Alomomola restored a little HP using its Leftovers!</small><br></div><div class="battle-history"><small>The opposing Seismitoad was hurt by poison!</small><br></div><div class="spacer battle-history"><br></div><div class="battle-history">The opposing Seismitoad fainted!<br></div><div class="spacer battle-history"><br></div><div class="battle-history">ivannuno10 sent out <strong>Blastoise</strong>!<br></div><div class="battle-history"><small>Pointed stones dug into the opposing Blastoise!</small><br></div><div class="spacer battle-history"><br></div><h2 class="battle-history">Turn 22</h2><div class="spacer battle-history"><br></div><div class="battle-history">The opposing Blastoise used <strong>Dragon Pulse</strong>!<br></div><div class="battle-history"><small>(Alomomola lost <abbr title="−70/497">14.1%</abbr> of its health!)</small><br></div><div class="spacer battle-history"><br></div><div class="battle-history">Alomomola used <strong>Toxic</strong>!<br></div><div class="battle-history"><small>The opposing Blastoise avoided the attack!</small><br></div><div class="spacer battle-history"><br></div><div class="battle-history"><small>Alomomola's wish came true!</small><br></div><div class="spacer battle-history"><br></div><h2 class="battle-history">Turn 23</h2><div class="spacer battle-history"><br></div><div class="battle-history">The opposing Blastoise used <strong>Aura Sphere</strong>!<br></div><div class="battle-history"><small>(Alomomola lost <abbr title="−72/497">14.5%</abbr> of its health!)</small><br></div><div class="spacer battle-history"><br></div><div class="battle-history">Alomomola used <strong>Toxic</strong>!<br></div><div class="battle-history"><small>The opposing Blastoise was badly poisoned!</small><br></div><div class="spacer battle-history"><br></div><div class="battle-history"><small>Alomomola restored a little HP using its Leftovers!</small><br></div><div class="battle-history"><small>The opposing Blastoise was hurt by poison!</small><br></div><div class="spacer battle-history"><br></div><h2 class="battle-history">Turn 24</h2><div class="spacer battle-history"><br></div><div class="battle-history">The opposing Blastoise used <strong>Earthquake</strong>!<br></div><div class="battle-history"><small>(Alomomola lost <abbr title="−64/497">12.9%</abbr> of its health!)</small><br></div><div class="spacer battle-history"><br></div><div class="battle-history">Alomomola used <strong>Wish</strong>!<br></div><div class="spacer battle-history"><br></div><div class="battle-history"><small>Alomomola restored a little HP using its Leftovers!</small><br></div><div class="battle-history"><small>The opposing Blastoise was hurt by poison!</small><br></div><div class="spacer battle-history"><br></div><h2 class="battle-history">Turn 25</h2><div class="spacer battle-history"><br></div><div class="battle-history">Alomomola used <strong>Protect</strong>!<br></div><div class="battle-history"><small>Alomomola protected itself!</small><br></div><div class="spacer battle-history"><br></div><div class="battle-history">The opposing Blastoise used <strong>Water Spout</strong>!<br></div><div class="battle-history"><small>Alomomola protected itself!</small><br></div><div class="spacer battle-history"><br></div><div class="battle-history"><small>Alomomola's wish came true!</small><br></div><div class="battle-history"><small>The opposing Blastoise was hurt by poison!</small><br></div><div class="spacer battle-history"><br></div><h2 class="battle-history">Turn 26</h2><div class="chat chatmessage-parkzyyoutube"><strong style="color:hsl(112,88%,30%)"><small> </small><span class="username" data-name="Parkzy-YouTube">Parkzy-YouTube</span>:</strong> <em>do u know about special and physical split....</em></div><div class="spacer battle-history"><br></div><div class="battle-history">The opposing Blastoise used <strong>Water Spout</strong>!<br></div><div class="battle-history"><small>It's not very effective...</small><br></div><div class="battle-history"><small>(Alomomola lost <abbr title="−51/497">10.3%</abbr> of its health!)</small><br></div><div class="spacer battle-history"><br></div><div class="battle-history">Alomomola used <strong>Wish</strong>!<br></div><div class="spacer battle-history"><br></div><div class="battle-history"><small>Alomomola restored a little HP using its Leftovers!</small><br></div><div class="battle-history"><small>The opposing Blastoise was hurt by poison!</small><br></div><div class="spacer battle-history"><br></div><div class="battle-history"><small>The opposing Blastoise ate its Sitrus Berry!</small><br></div><div class="battle-history"><small>The opposing Blastoise restored HP using its Sitrus Berry!</small><br></div><div class="spacer battle-history"><br></div><h2 class="battle-history">Turn 27</h2><div class="chat chatmessage-parkzyyoutube"><strong style="color:hsl(112,88%,30%)"><small> </small><span class="username" data-name="Parkzy-YouTube">Parkzy-YouTube</span>:</strong> <em>ivan...</em></div><div class="chat chatmessage-blazemaster01"><strong style="color:hsl(219,81%,53.02966675471964%)"><small>☆</small><span class="username" data-name="blazemaster01">blazemaster01</span>:</strong> <em>XD</em></div><div class="spacer battle-history"><br></div><div class="battle-history">The opposing Blastoise used <strong>Earthquake</strong>!<br></div><div class="battle-history"><small>A critical hit!</small><br></div><div class="battle-history"><small>(Alomomola lost <abbr title="−100/497">20.1%</abbr> of its health!)</small><br></div><div class="spacer battle-history"><br></div><div class="battle-history">Alomomola used <strong>Wish</strong>!<br></div><div class="battle-history"><small>But it failed!</small><br></div><div class="spacer battle-history"><br></div><div class="battle-history"><small>Alomomola's wish came true!</small><br></div><div class="battle-history"><small>The opposing Blastoise was hurt by poison!</small><br></div><div class="spacer battle-history"><br></div><h2 class="battle-history">Turn 28</h2><div class="spacer battle-history"><br></div><div class="battle-history">Alomomola, come back!<br></div><div class="battle-history">Go! <strong>Braviary</strong>!<br></div><div class="spacer battle-history"><br></div><div class="battle-history">The opposing Blastoise used <strong>Earthquake</strong>!<br></div><div class="battle-history"><small>It doesn't affect Braviary...</small><br></div><div class="spacer battle-history"><br></div><div class="battle-history"><small>The opposing Blastoise was hurt by poison!</small><br></div><div class="spacer battle-history"><br></div><div class="battle-history">The opposing Blastoise fainted!<br></div><div class="spacer battle-history"><br></div><div class="battle-history"><strong>blazemaster01</strong> won the battle!<br></div><div class="chat chatmessage-blazemaster01"><strong style="color:hsl(219,81%,53.02966675471964%)"><small>☆</small><span class="username" data-name="blazemaster01">blazemaster01</span>:</strong> <em>gg</em></div><div class="chat"><small>ivannuno10 left.</small></div><div class="chat"><small>Parkzy-YouTube left.</small></div></div><div class="inner-preempt"></div></div></div>
</div>
<script>
let daily = Math.floor(Date.now()/1000/60/60/24);document.write('<script src="https://play.pokemonshowdown.com/js/replay-embed.js?version'+daily+'"></'+'script>');
</script>
