<!DOCTYPE html>
<meta charset="utf-8" />
<!-- version 1 -->
<title>RU replay: Coconut vs. Ajna</title>
<style>
html,body {font-family:Verdana, sans-serif;font-size:10pt;margin:0;padding:0;}body{padding:12px 0;} .battle-log {font-family:Verdana, sans-serif;font-size:10pt;} .battle-log-inline {border:1px solid #AAAAAA;background:#EEF2F5;color:black;max-width:640px;margin:0 auto 80px;padding-bottom:5px;} .battle-log .inner {padding:4px 8px 0px 8px;} .battle-log .inner-preempt {padding:0 8px 4px 8px;} .battle-log .inner-after {margin-top:0.5em;} .battle-log h2 {margin:0.5em -8px;padding:4px 8px;border:1px solid #AAAAAA;background:#E0E7EA;border-left:0;border-right:0;font-family:Verdana, sans-serif;font-size:13pt;} .battle-log .chat {vertical-align:middle;padding:3px 0 3px 0;font-size:8pt;} .battle-log .chat strong {color:#40576A;} .battle-log .chat em {padding:1px 4px 1px 3px;color:#000000;font-style:normal;} .chat.mine {background:rgba(0,0,0,0.05);margin-left:-8px;margin-right:-8px;padding-left:8px;padding-right:8px;} .spoiler {color:#BBBBBB;background:#BBBBBB;padding:0px 3px;} .spoiler:hover, .spoiler:active, .spoiler-shown {color:#000000;background:#E2E2E2;padding:0px 3px;} .spoiler a {color:#BBBBBB;} .spoiler:hover a, .spoiler:active a, .spoiler-shown a {color:#2288CC;} .chat code, .chat .spoiler:hover code, .chat .spoiler:active code, .chat .spoiler-shown code {border:1px solid #C0C0C0;background:#EEEEEE;color:black;padding:0 2px;} .chat .spoiler code {border:1px solid #CCCCCC;background:#CCCCCC;color:#CCCCCC;} .battle-log .rated {padding:3px 4px;} .battle-log .rated strong {color:white;background:#89A;padding:1px 4px;border-radius:4px;} .spacer {margin-top:0.5em;} .message-announce {background:#6688AA;color:white;padding:1px 4px 2px;} .message-announce a, .broadcast-green a, .broadcast-blue a, .broadcast-red a {color:#DDEEFF;} .broadcast-green {background-color:#559955;color:white;padding:2px 4px;} .broadcast-blue {background-color:#6688AA;color:white;padding:2px 4px;} .infobox {border:1px solid #6688AA;padding:2px 4px;} .infobox-limited {max-height:200px;overflow:auto;overflow-x:hidden;} .broadcast-red {background-color:#AA5544;color:white;padding:2px 4px;} .message-learn-canlearn {font-weight:bold;color:#228822;text-decoration:underline;} .message-learn-cannotlearn {font-weight:bold;color:#CC2222;text-decoration:underline;} .message-effect-weak {font-weight:bold;color:#CC2222;} .message-effect-resist {font-weight:bold;color:#6688AA;} .message-effect-immune {font-weight:bold;color:#666666;} .message-learn-list {margin-top:0;margin-bottom:0;} .message-throttle-notice, .message-error {color:#992222;} .message-overflow, .chat small.message-overflow {font-size:0pt;} .message-overflow::before {font-size:9pt;content:'...';} .subtle {color:#3A4A66;}
</style>
<div class="wrapper replay-wrapper" style="max-width:1180px;margin:0 auto">
<input type="hidden" name="replayid" value="ru-488969876" />
<div class="battle"></div><div class="battle-log"></div><div class="replay-controls"></div><div class="replay-controls-2"></div>
<h1 style="font-weight:normal;text-align:center"><strong>RU</strong><br /><a href="http://pokemonshowdown.com/users/coconut" class="subtle" target="_blank">Coconut</a> vs. <a href="http://pokemonshowdown.com/users/ajna" class="subtle" target="_blank">Ajna</a></h1>
<script type="text/plain" class="battle-log-data">|j|Coconut
|j|Ajna
|player|p1|Coconut|95
|player|p2|Ajna|115
|gametype|singles
|gen|6
|tier|RU
|seed|65214,24272,56806,29882
|rule|Sleep Clause Mod: Limit one foe put to sleep
|rule|Species Clause: Limit one of each Pokémon
|rule|OHKO Clause: OHKO moves are banned
|rule|Moody Clause: Moody is banned
|rule|Evasion Moves Clause: Evasion moves are banned
|rule|Endless Battle Clause: Forcing endless battles is banned
|rule|HP Percentage Mod: HP is shown in percentages
|clearpoke
|poke|p1|Drapion, F, shiny|item
|poke|p1|Flygon, F|item
|poke|p1|Altaria, F|item
|poke|p1|Alomomola, F|item
|poke|p1|Uxie|item
|poke|p1|Registeel|item
|poke|p2|Registeel|item
|poke|p2|Flygon, M|item
|poke|p2|Slowking, M|item
|poke|p2|Venusaur, F|item
|poke|p2|Drapion, F|item
|poke|p2|Emboar, F|item
|rule|Swagger Clause: Swagger is banned
|rule|Baton Pass Clause: Limit one Baton Passer, can't pass Spe and other stats simultaneously
|teampreview
|j|Syl♥ie Lyyneheym
|c|+Syl♥ie Lyyneheym|GO COCONUT
|choice|team 2, team 1, team 3, team 4, team 5, team 6|team 5, team 2, team 3, team 4, team 1, team 6
|
|start
|switch|p1a: Flygon|Flygon, F|364\/364
|switch|p2a: Drapion|Drapion, F|281\/281
|turn|1
|choice|move uturn|switch 2
|
|switch|p2a: Flygon|Flygon, M|329\/329
|move|p1a: Flygon|U-turn|p2a: Flygon
|-damage|p2a: Flygon|265\/329
|choice|switch 4|
|
|switch|p1a: Alomomola|Alomomola, F|501\/501
|
|-heal|p2a: Flygon|285\/329|[from] item: Leftovers
|turn|2
|choice|switch 5|move uturn
|
|switch|p1a: Uxie|Uxie|353\/353
|move|p2a: Flygon|U-turn|p1a: Uxie
|-supereffective|p1a: Uxie
|-damage|p1a: Uxie|281\/353
|choice||switch 5
|
|switch|p2a: Registeel|Registeel|363\/363
|
|-heal|p1a: Uxie|303\/353|[from] item: Leftovers
|turn|3
|j|Omfuga
|choice|switch 4|move stealthrock
|
|switch|p1a: Flygon|Flygon, F|364\/364
|move|p2a: Registeel|Stealth Rock|p1a: Flygon
|-sidestart|p1: Coconut|move: Stealth Rock
|
|turn|4
|choice|move defog|move toxic
|
|move|p1a: Flygon|Defog|p2a: Registeel
|-fail|p2a: Registeel|unboost|[from] ability: Clear Body|[of] p2a: Registeel
|-sideend|p1: Coconut|Stealth Rock|[from] move: Defog|[of] p1a: Flygon
|move|p2a: Registeel|Toxic|p1a: Flygon
|-status|p1a: Flygon|tox
|
|-damage|p1a: Flygon|342\/364 tox|[from] psn
|turn|5
|choice|move uturn|switch 5
|
|switch|p2a: Flygon|Flygon, M|285\/329
|move|p1a: Flygon|U-turn|p2a: Flygon
|-damage|p2a: Flygon|217\/329
|choice|switch 5|
|
|switch|p1a: Alomomola|Alomomola, F|501\/501
|
|-heal|p2a: Flygon|237\/329|[from] item: Leftovers
|turn|6
|choice|move scald|move uturn
|
|move|p2a: Flygon|U-turn|p1a: Alomomola
|-damage|p1a: Alomomola|448\/501
|choice||switch 4
|
|switch|p2a: Venusaur|Venusaur, F|361\/361
|move|p1a: Alomomola|Scald|p2a: Venusaur
|-resisted|p2a: Venusaur
|-damage|p2a: Venusaur|337\/361
|
|-heal|p2a: Venusaur|359\/361|[from] item: Black Sludge
|-heal|p1a: Alomomola|479\/501|[from] item: Leftovers
|turn|7
|choice|move protect|move leechseed
|
|move|p1a: Alomomola|Protect|p1a: Alomomola
|-singleturn|p1a: Alomomola|Protect
|move|p2a: Venusaur|Leech Seed|p1a: Alomomola
|-activate|p1a: Alomomola|move: Protect
|
|-heal|p2a: Venusaur|361\/361|[from] item: Black Sludge
|-heal|p1a: Alomomola|501\/501|[from] item: Leftovers
|turn|8
|choice|switch 6|move gigadrain
|
|switch|p1a: Registeel|Registeel|364\/364
|move|p2a: Venusaur|Giga Drain|p1a: Registeel
|-resisted|p1a: Registeel
|-crit|p1a: Registeel
|-damage|p1a: Registeel|329\/364
|
|-heal|p1a: Registeel|351\/364|[from] item: Leftovers
|turn|9
|choice|move stealthrock|move leechseed
|
|move|p2a: Venusaur|Leech Seed|p1a: Registeel
|-start|p1a: Registeel|move: Leech Seed
|move|p1a: Registeel|Stealth Rock|p2a: Venusaur
|-sidestart|p2: Ajna|move: Stealth Rock
|
|-heal|p1a: Registeel|364\/364|[from] item: Leftovers
|-damage|p1a: Registeel|319\/364|[from] Leech Seed|[of] p2a: Venusaur
|turn|10
|choice|switch 3|move sludgebomb
|
|switch|p1a: Altaria|Altaria, F|353\/353
|move|p2a: Venusaur|Sludge Bomb|p1a: Altaria
|-damage|p1a: Altaria|257\/353
|
|-heal|p1a: Altaria|279\/353|[from] item: Leftovers
|turn|11
|choice|move toxic|move sludgebomb
|
|move|p2a: Venusaur|Sludge Bomb|p1a: Altaria
|-crit|p1a: Altaria
|-damage|p1a: Altaria|123\/353
|move|p1a: Altaria|Toxic|p2a: Venusaur
|-immune|p2a: Venusaur|[msg]
|
|-heal|p1a: Altaria|145\/353|[from] item: Leftovers
|turn|12
|choice|move roost|move sludgebomb
|
|move|p2a: Venusaur|Sludge Bomb|p1a: Altaria
|-damage|p1a: Altaria|31\/353
|-status|p1a: Altaria|psn
|move|p1a: Altaria|Roost|p1a: Altaria
|-heal|p1a: Altaria|208\/353 psn
|
|-heal|p1a: Altaria|230\/353 psn|[from] item: Leftovers
|-damage|p1a: Altaria|186\/353 psn|[from] psn
|turn|13
|choice|move roost|move sludgebomb
|
|move|p2a: Venusaur|Sludge Bomb|p1a: Altaria
|-damage|p1a: Altaria|74\/353 psn
|move|p1a: Altaria|Roost|p1a: Altaria
|-heal|p1a: Altaria|251\/353 psn
|
|-heal|p1a: Altaria|273\/353 psn|[from] item: Leftovers
|-damage|p1a: Altaria|229\/353 psn|[from] psn
|turn|14
|choice|move roost|move leechseed
|
|move|p2a: Venusaur|Leech Seed|p1a: Altaria
|-start|p1a: Altaria|move: Leech Seed
|move|p1a: Altaria|Roost|p1a: Altaria
|-heal|p1a: Altaria|353\/353 psn
|
|-damage|p1a: Altaria|309\/353 psn|[from] Leech Seed|[of] p2a: Venusaur
|-damage|p1a: Altaria|265\/353 psn|[from] psn
|turn|15
|choice|move flamethrower|move sludgebomb
|
|move|p2a: Venusaur|Sludge Bomb|p1a: Altaria
|-damage|p1a: Altaria|160\/353 psn
|move|p1a: Altaria|Flamethrower|p2a: Venusaur
|-supereffective|p2a: Venusaur
|-damage|p2a: Venusaur|251\/361
|
|-heal|p2a: Venusaur|273\/361|[from] item: Black Sludge
|-heal|p1a: Altaria|182\/353 psn|[from] item: Leftovers
|-damage|p1a: Altaria|138\/353 psn|[from] Leech Seed|[of] p2a: Venusaur
|-heal|p2a: Venusaur|317\/361|[silent]
|-damage|p1a: Altaria|94\/353 psn|[from] psn
|turn|16
|choice|switch 3|move sludgebomb
|
|-curestatus|p1a: Altaria|psn|[from] ability: Natural Cure
|switch|p1a: Registeel|Registeel|319\/364
|move|p2a: Venusaur|Sludge Bomb|p1a: Registeel
|-immune|p1a: Registeel|[msg]
|
|-heal|p2a: Venusaur|339\/361|[from] item: Black Sludge
|-heal|p1a: Registeel|341\/364|[from] item: Leftovers
|turn|17
|choice|move seismictoss|move leechseed
|
|move|p2a: Venusaur|Leech Seed|p1a: Registeel
|-start|p1a: Registeel|move: Leech Seed
|move|p1a: Registeel|Seismic Toss|p2a: Venusaur
|-damage|p2a: Venusaur|239\/361
|
|-heal|p2a: Venusaur|261\/361|[from] item: Black Sludge
|-heal|p1a: Registeel|363\/364|[from] item: Leftovers
|-damage|p1a: Registeel|318\/364|[from] Leech Seed|[of] p2a: Venusaur
|-heal|p2a: Venusaur|306\/361|[silent]
|turn|18
|choice|switch 4|switch 5
|
|switch|p2a: Registeel|Registeel|363\/363
|-damage|p2a: Registeel|341\/363|[from] Stealth Rock
|switch|p1a: Uxie|Uxie|303\/353
|
|-heal|p1a: Uxie|325\/353|[from] item: Leftovers
|-heal|p2a: Registeel|363\/363|[from] item: Leftovers
|turn|19
|choice|move healbell|move toxic
|
|move|p1a: Uxie|Heal Bell|p1a: Uxie
|-activate|p1a: Uxie|move: Heal Bell
|-curestatus|p1: Flygon|tox|[msg]
|move|p2a: Registeel|Toxic|p1a: Uxie
|-status|p1a: Uxie|tox
|
|-heal|p1a: Uxie|347\/353 tox|[from] item: Leftovers
|-damage|p1a: Uxie|325\/353 tox|[from] psn
|turn|20
|choice|move uturn|move toxic
|
|move|p1a: Uxie|U-turn|p2a: Registeel
|-resisted|p2a: Registeel
|-damage|p2a: Registeel|348\/363
|choice|switch 5|
|
|switch|p1a: Flygon|Flygon, F|342\/364
|move|p2a: Registeel|Toxic|p1a: Flygon
|-status|p1a: Flygon|tox
|
|-heal|p1a: Flygon|364\/364 tox|[from] item: Leftovers
|-heal|p2a: Registeel|363\/363|[from] item: Leftovers
|-damage|p1a: Flygon|342\/364 tox|[from] psn
|turn|21
|choice|move earthquake|move stealthrock
|
|move|p1a: Flygon|Earthquake|p2a: Registeel
|-supereffective|p2a: Registeel
|-damage|p2a: Registeel|193\/363
|move|p2a: Registeel|Stealth Rock|p1a: Flygon
|-sidestart|p1: Coconut|move: Stealth Rock
|
|-heal|p1a: Flygon|364\/364 tox|[from] item: Leftovers
|-heal|p2a: Registeel|215\/363|[from] item: Leftovers
|-damage|p1a: Flygon|320\/364 tox|[from] psn
|turn|22
|choice|move earthquake|switch 4
|
|switch|p2a: Flygon|Flygon, M|237\/329
|-damage|p2a: Flygon|217\/329|[from] Stealth Rock
|move|p1a: Flygon|Earthquake|p2a: Flygon
|-immune|p2a: Flygon|[msg]|[from] ability: Levitate
|
|-heal|p1a: Flygon|342\/364 tox|[from] item: Leftovers
|-heal|p2a: Flygon|237\/329|[from] item: Leftovers
|-damage|p1a: Flygon|276\/364 tox|[from] psn
|turn|23
|choice|move uturn|move roost
|
|move|p1a: Flygon|U-turn|p2a: Flygon
|-damage|p2a: Flygon|168\/329
|choice|switch 5|
|
|switch|p1a: Uxie|Uxie|325\/353 tox
|-damage|p1a: Uxie|281\/353 tox|[from] Stealth Rock
|move|p2a: Flygon|Roost|p2a: Flygon
|-heal|p2a: Flygon|329\/329
|
|-heal|p1a: Uxie|303\/353 tox|[from] item: Leftovers
|-damage|p1a: Uxie|281\/353 tox|[from] psn
|turn|24
|choice|move healbell|move uturn
|
|move|p2a: Flygon|U-turn|p1a: Uxie
|-supereffective|p1a: Uxie
|-damage|p1a: Uxie|203\/353 tox
|j|trash
|choice||switch 2
|
|switch|p2a: Drapion|Drapion, F|281\/281
|-damage|p2a: Drapion|246\/281|[from] Stealth Rock
|move|p1a: Uxie|Heal Bell|p1a: Uxie
|-activate|p1a: Uxie|move: Heal Bell
|-curestatus|p1a: Uxie|tox|[msg]
|-curestatus|p1: Flygon|tox|[msg]
|
|-heal|p1a: Uxie|225\/353|[from] item: Leftovers
|turn|25
|choice|move uturn|move knockoff
|
|move|p2a: Drapion|Knock Off|p1a: Uxie
|-supereffective|p1a: Uxie
|-damage|p1a: Uxie|61\/353
|-enditem|p1a: Uxie|Leftovers|[from] move: Knock Off|[of] p2a: Drapion
|move|p1a: Uxie|U-turn|p2a: Drapion
|-damage|p2a: Drapion|210\/281
|choice|switch 6|
|
|switch|p1a: Alomomola|Alomomola, F|501\/501
|-damage|p1a: Alomomola|439\/501|[from] Stealth Rock
|
|-heal|p1a: Alomomola|470\/501|[from] item: Leftovers
|turn|26
|choice|move scald|move knockoff
|
|move|p2a: Drapion|Knock Off|p1a: Alomomola
|-crit|p1a: Alomomola
|-damage|p1a: Alomomola|295\/501
|-enditem|p1a: Alomomola|Leftovers|[from] move: Knock Off|[of] p2a: Drapion
|move|p1a: Alomomola|Scald|p2a: Drapion
|-damage|p2a: Drapion|147\/281
|-status|p2a: Drapion|brn
|
|-damage|p2a: Drapion|112\/281 brn|[from] brn
|turn|27
|j|Ranbu No Memes
|choice|move wish|switch 5
|
|switch|p2a: Venusaur|Venusaur, F|306\/361
|-damage|p2a: Venusaur|261\/361|[from] Stealth Rock
|move|p1a: Alomomola|Wish|p1a: Alomomola
|
|-heal|p2a: Venusaur|283\/361|[from] item: Black Sludge
|turn|28
|choice|switch 4|move gigadrain
|
|switch|p1a: Registeel|Registeel|318\/364
|-damage|p1a: Registeel|296\/364|[from] Stealth Rock
|move|p2a: Venusaur|Giga Drain|p1a: Registeel
|-resisted|p1a: Registeel
|-damage|p1a: Registeel|270\/364
|-heal|p2a: Venusaur|296\/361|[from] drain|[of] p1a: Registeel
|
|-heal|p1a: Registeel|364\/364|[from] move: Wish|[wisher] Alomomola
|-heal|p2a: Venusaur|318\/361|[from] item: Black Sludge
|turn|29
|choice|move protect|move leechseed
|
|move|p1a: Registeel|Protect|p1a: Registeel
|-singleturn|p1a: Registeel|Protect
|move|p2a: Venusaur|Leech Seed|p1a: Registeel
|-activate|p1a: Registeel|move: Protect
|
|-heal|p2a: Venusaur|340\/361|[from] item: Black Sludge
|turn|30
|choice|move protect|move leechseed
|
|move|p1a: Registeel|Protect|p1a: Registeel
|-singleturn|p1a: Registeel|Protect
|move|p2a: Venusaur|Leech Seed|p1a: Registeel
|-activate|p1a: Registeel|move: Protect
|
|-heal|p2a: Venusaur|361\/361|[from] item: Black Sludge
|turn|31
|choice|move seismictoss|move leechseed
|
|move|p2a: Venusaur|Leech Seed|p1a: Registeel
|-start|p1a: Registeel|move: Leech Seed
|move|p1a: Registeel|Seismic Toss|p2a: Venusaur
|-damage|p2a: Venusaur|261\/361
|
|-heal|p2a: Venusaur|283\/361|[from] item: Black Sludge
|-damage|p1a: Registeel|319\/364|[from] Leech Seed|[of] p2a: Venusaur
|-heal|p2a: Venusaur|328\/361|[silent]
|turn|32
|choice|switch 2|move gigadrain
|
|switch|p1a: Drapion|Drapion, F, shiny|281\/281
|-damage|p1a: Drapion|246\/281|[from] Stealth Rock
|move|p2a: Venusaur|Giga Drain|p1a: Drapion
|-resisted|p1a: Drapion
|-crit|p1a: Drapion
|-damage|p1a: Drapion|167\/281
|-heal|p2a: Venusaur|361\/361|[from] drain|[of] p1a: Drapion
|
|turn|33
|choice|switch 2|move sludgebomb
|
|switch|p1a: Registeel|Registeel|319\/364
|-damage|p1a: Registeel|297\/364|[from] Stealth Rock
|move|p2a: Venusaur|Sludge Bomb|p1a: Registeel
|-immune|p1a: Registeel|[msg]
|
|-heal|p1a: Registeel|319\/364|[from] item: Leftovers
|turn|34
|choice|move protect|switch 2
|
|switch|p2a: Flygon|Flygon, M|329\/329
|-damage|p2a: Flygon|309\/329|[from] Stealth Rock
|move|p1a: Registeel|Protect|p1a: Registeel
|-fail|p1a: Registeel
|
|-heal|p2a: Flygon|329\/329|[from] item: Leftovers
|-heal|p1a: Registeel|341\/364|[from] item: Leftovers
|turn|35
|choice|move toxic|move uturn
|
|move|p2a: Flygon|U-turn|p1a: Registeel
|-resisted|p1a: Registeel
|-crit|p1a: Registeel
|-damage|p1a: Registeel|306\/364
|choice||switch 2
|
|switch|p2a: Venusaur|Venusaur, F|361\/361
|-damage|p2a: Venusaur|316\/361|[from] Stealth Rock
|move|p1a: Registeel|Toxic|p2a: Venusaur
|-immune|p2a: Venusaur|[msg]
|
|-heal|p2a: Venusaur|338\/361|[from] item: Black Sludge
|-heal|p1a: Registeel|328\/364|[from] item: Leftovers
|turn|36
|choice|move protect|move gigadrain
|
|move|p1a: Registeel|Protect|p1a: Registeel
|-singleturn|p1a: Registeel|Protect
|move|p2a: Venusaur|Giga Drain|p1a: Registeel
|-activate|p1a: Registeel|move: Protect
|
|-heal|p2a: Venusaur|360\/361|[from] item: Black Sludge
|-heal|p1a: Registeel|350\/364|[from] item: Leftovers
|turn|37
|choice|move toxic|move leechseed
|
|move|p2a: Venusaur|Leech Seed|p1a: Registeel
|-start|p1a: Registeel|move: Leech Seed
|move|p1a: Registeel|Toxic|p2a: Venusaur
|-immune|p2a: Venusaur|[msg]
|
|-heal|p2a: Venusaur|361\/361|[from] item: Black Sludge
|-heal|p1a: Registeel|364\/364|[from] item: Leftovers
|-damage|p1a: Registeel|319\/364|[from] Leech Seed|[of] p2a: Venusaur
|turn|38
|j|laxus
|j|Aphrod1te ❄️
|choice|switch 5|switch 3
|
|switch|p2a: Slowking|Slowking, M|389\/389
|-damage|p2a: Slowking|341\/389|[from] Stealth Rock
|switch|p1a: Flygon|Flygon, F|276\/364
|-damage|p1a: Flygon|254\/364|[from] Stealth Rock
|
|-heal|p1a: Flygon|276\/364|[from] item: Leftovers
|-heal|p2a: Slowking|365\/389|[from] item: Leftovers
|turn|39
|choice|move uturn|move scald
|
|move|p1a: Flygon|U-turn|p2a: Slowking
|-supereffective|p2a: Slowking
|-damage|p2a: Slowking|257\/389
|choice|switch 3|
|
|switch|p1a: Altaria|Altaria, F|94\/353
|-damage|p1a: Altaria|6\/353|[from] Stealth Rock
|move|p2a: Slowking|Scald|p1a: Altaria
|-resisted|p1a: Altaria
|-damage|p1a: Altaria|0 fnt
|faint|p1a: Altaria
|
|-heal|p2a: Slowking|281\/389|[from] item: Leftovers
|l|laxus
|choice|switch 4|
|
|switch|p1a: Alomomola|Alomomola, F|462\/501
|-damage|p1a: Alomomola|400\/501|[from] Stealth Rock
|turn|40
|choice|switch 2|move nastyplot
|
|switch|p1a: Drapion|Drapion, F, shiny|167\/281
|-damage|p1a: Drapion|132\/281|[from] Stealth Rock
|move|p2a: Slowking|Nasty Plot|p2a: Slowking
|-boost|p2a: Slowking|spa|2
|
|-heal|p2a: Slowking|305\/389|[from] item: Leftovers
|turn|41
|choice|move knockoff|switch 2
|
|switch|p2a: Flygon|Flygon, M|329\/329
|-damage|p2a: Flygon|309\/329|[from] Stealth Rock
|move|p1a: Drapion|Knock Off|p2a: Flygon
|-damage|p2a: Flygon|140\/329
|-enditem|p2a: Flygon|Leftovers|[from] move: Knock Off|[of] p1a: Drapion
|
|turn|42
|choice|switch 2|move roost
|
|switch|p1a: Alomomola|Alomomola, F|501\/501
|-damage|p1a: Alomomola|439\/501|[from] Stealth Rock
|move|p2a: Flygon|Roost|p2a: Flygon
|-heal|p2a: Flygon|305\/329
|
|turn|43
|choice|move wish|move uturn
|
|move|p2a: Flygon|U-turn|p1a: Alomomola
|-damage|p1a: Alomomola|387\/501
|choice||switch 5
|
|switch|p2a: Drapion|Drapion, F|112\/281 brn
|-damage|p2a: Drapion|77\/281 brn|[from] Stealth Rock
|move|p1a: Alomomola|Wish|p1a: Alomomola
|
|-damage|p2a: Drapion|42\/281 brn|[from] brn
|turn|44
|choice|switch 2|move knockoff
|
|switch|p1a: Drapion|Drapion, F, shiny|132\/281
|-damage|p1a: Drapion|97\/281|[from] Stealth Rock
|move|p2a: Drapion|Knock Off|p1a: Drapion
|-resisted|p1a: Drapion
|-damage|p1a: Drapion|63\/281
|-enditem|p1a: Drapion|Choice Scarf|[from] move: Knock Off|[of] p2a: Drapion
|
|-heal|p1a: Drapion|281\/281|[from] move: Wish|[wisher] Alomomola
|-damage|p2a: Drapion|7\/281 brn|[from] brn
|turn|45
|choice|switch 2|move knockoff
|
|switch|p1a: Alomomola|Alomomola, F|501\/501
|-damage|p1a: Alomomola|439\/501|[from] Stealth Rock
|move|p2a: Drapion|Knock Off|p1a: Alomomola
|-damage|p1a: Alomomola|400\/501
|
|-damage|p2a: Drapion|0 fnt|[from] brn
|faint|p2a: Drapion
|choice||switch 2
|
|switch|p2a: Slowking|Slowking, M|389\/389
|-damage|p2a: Slowking|341\/389|[from] Stealth Rock
|turn|46
|choice|switch 2|move nastyplot
|
|switch|p1a: Drapion|Drapion, F, shiny|281\/281
|-damage|p1a: Drapion|246\/281|[from] Stealth Rock
|move|p2a: Slowking|Nasty Plot|p2a: Slowking
|-boost|p2a: Slowking|spa|2
|
|-heal|p2a: Slowking|365\/389|[from] item: Leftovers
|turn|47
|l|Ranbu No Memes
|choice|move knockoff|move scald
|
|move|p1a: Drapion|Knock Off|p2a: Slowking
|-supereffective|p2a: Slowking
|-damage|p2a: Slowking|65\/389
|-enditem|p2a: Slowking|Leftovers|[from] move: Knock Off|[of] p1a: Drapion
|move|p2a: Slowking|Scald|p1a: Drapion
|-damage|p1a: Drapion|0 fnt
|faint|p1a: Drapion
|
|l|Aphrod1te ❄️
|choice|switch 3|
|
|switch|p1a: Flygon|Flygon, F|276\/364
|-damage|p1a: Flygon|254\/364|[from] Stealth Rock
|turn|48
|choice|move earthquake|switch 5
|
|switch|p2a: Flygon|Flygon, M|305\/329
|-damage|p2a: Flygon|285\/329|[from] Stealth Rock
|move|p1a: Flygon|Earthquake|p2a: Flygon
|-immune|p2a: Flygon|[msg]|[from] ability: Levitate
|
|-heal|p1a: Flygon|276\/364|[from] item: Leftovers
|turn|49
|choice|move defog|move uturn
|
|move|p1a: Flygon|Defog|p2a: Flygon
|-unboost|p2a: Flygon|evasion|1
|-sideend|p2: Ajna|Stealth Rock|[from] move: Defog|[of] p2a: Flygon
|-sideend|p1: Coconut|Stealth Rock|[from] move: Defog|[of] p1a: Flygon
|move|p2a: Flygon|U-turn|p1a: Flygon
|-damage|p1a: Flygon|206\/364
|choice||switch 5
|
|switch|p2a: Slowking|Slowking, M|194\/389
|
|-heal|p1a: Flygon|228\/364|[from] item: Leftovers
|turn|50
|choice|move uturn|switch 3
|
|switch|p2a: Venusaur|Venusaur, F|361\/361
|move|p1a: Flygon|U-turn|p2a: Venusaur
|-crit|p2a: Venusaur
|-damage|p2a: Venusaur|290\/361
|choice|switch 5|
|
|switch|p1a: Registeel|Registeel|319\/364
|
|-heal|p2a: Venusaur|312\/361|[from] item: Black Sludge
|-heal|p1a: Registeel|341\/364|[from] item: Leftovers
|turn|51
|l|Omfuga
|choice|move stealthrock|move leechseed
|
|move|p2a: Venusaur|Leech Seed|p1a: Registeel
|-start|p1a: Registeel|move: Leech Seed
|move|p1a: Registeel|Stealth Rock|p2a: Venusaur
|-sidestart|p2: Ajna|move: Stealth Rock
|
|-heal|p2a: Venusaur|334\/361|[from] item: Black Sludge
|-heal|p1a: Registeel|363\/364|[from] item: Leftovers
|-damage|p1a: Registeel|318\/364|[from] Leech Seed|[of] p2a: Venusaur
|-heal|p2a: Venusaur|361\/361|[silent]
|turn|52
|choice|move toxic|switch 4
|
|switch|p2a: Registeel|Registeel|215\/363
|-damage|p2a: Registeel|193\/363|[from] Stealth Rock
|move|p1a: Registeel|Toxic|p2a: Registeel
|-immune|p2a: Registeel|[msg]
|
|-heal|p2a: Registeel|215\/363|[from] item: Leftovers
|-heal|p1a: Registeel|340\/364|[from] item: Leftovers
|-damage|p1a: Registeel|295\/364|[from] Leech Seed|[of] p2a: Registeel
|-heal|p2a: Registeel|260\/363|[silent]
|turn|53
|choice|switch 2|move stealthrock
|
|switch|p1a: Alomomola|Alomomola, F|501\/501
|move|p2a: Registeel|Stealth Rock|p1a: Alomomola
|-sidestart|p1: Coconut|move: Stealth Rock
|
|-heal|p2a: Registeel|282\/363|[from] item: Leftovers
|turn|54
|choice|move wish|move toxic
|
|move|p1a: Alomomola|Wish|p1a: Alomomola
|move|p2a: Registeel|Toxic|p1a: Alomomola
|-status|p1a: Alomomola|tox
|
|-heal|p2a: Registeel|304\/363|[from] item: Leftovers
|-damage|p1a: Alomomola|470\/501 tox|[from] psn
|turn|55
|choice|switch 5|move seismictoss
|
|switch|p1a: Flygon|Flygon, F|228\/364
|-damage|p1a: Flygon|206\/364|[from] Stealth Rock
|move|p2a: Registeel|Seismic Toss|p1a: Flygon
|-damage|p1a: Flygon|106\/364
|
|-heal|p1a: Flygon|356\/364|[from] move: Wish|[wisher] Alomomola
|-heal|p1a: Flygon|364\/364|[from] item: Leftovers
|-heal|p2a: Registeel|326\/363|[from] item: Leftovers
|turn|56
|choice|move uturn|switch 5
|
|switch|p2a: Flygon|Flygon, M|285\/329
|-damage|p2a: Flygon|265\/329|[from] Stealth Rock
|move|p1a: Flygon|U-turn|p2a: Flygon
|-damage|p2a: Flygon|196\/329
|choice|switch 5|
|
|switch|p1a: Alomomola|Alomomola, F|501\/501 tox
|-damage|p1a: Alomomola|439\/501 tox|[from] Stealth Rock
|
|-damage|p1a: Alomomola|408\/501 tox|[from] psn
|turn|57
|choice|move wish|move uturn
|
|move|p2a: Flygon|U-turn|p1a: Alomomola
|-damage|p1a: Alomomola|352\/501 tox
|choice||switch 3
|
|switch|p2a: Slowking|Slowking, M|323\/389
|-damage|p2a: Slowking|275\/389|[from] Stealth Rock
|move|p1a: Alomomola|Wish|p1a: Alomomola
|
|-damage|p1a: Alomomola|290\/501 tox|[from] psn
|turn|58
|choice|switch 6|move psychic
|
|switch|p1a: Uxie|Uxie|61\/353
|-damage|p1a: Uxie|17\/353|[from] Stealth Rock
|move|p2a: Slowking|Psychic|p1a: Uxie
|-resisted|p1a: Uxie
|-damage|p1a: Uxie|0 fnt
|faint|p1a: Uxie
|
|choice|switch 2|
|
|switch|p1a: Registeel|Registeel|295\/364
|-damage|p1a: Registeel|273\/364|[from] Stealth Rock
|turn|59
|choice|move toxic|switch 4
|
|switch|p2a: Venusaur|Venusaur, F|361\/361
|-damage|p2a: Venusaur|316\/361|[from] Stealth Rock
|move|p1a: Registeel|Toxic|p2a: Venusaur
|-immune|p2a: Venusaur|[msg]
|
|-heal|p2a: Venusaur|338\/361|[from] item: Black Sludge
|-heal|p1a: Registeel|295\/364|[from] item: Leftovers
|turn|60
|choice|move protect|move gigadrain
|
|move|p1a: Registeel|Protect|p1a: Registeel
|-singleturn|p1a: Registeel|Protect
|move|p2a: Venusaur|Giga Drain|p1a: Registeel
|-activate|p1a: Registeel|move: Protect
|
|-heal|p2a: Venusaur|360\/361|[from] item: Black Sludge
|-heal|p1a: Registeel|317\/364|[from] item: Leftovers
|turn|61
|choice|switch 5|move leechseed
|
|switch|p1a: Flygon|Flygon, F|364\/364
|-damage|p1a: Flygon|342\/364|[from] Stealth Rock
|move|p2a: Venusaur|Leech Seed|p1a: Flygon
|-start|p1a: Flygon|move: Leech Seed
|
|-heal|p1a: Flygon|364\/364|[from] item: Leftovers
|-heal|p2a: Venusaur|361\/361|[from] item: Black Sludge
|-damage|p1a: Flygon|319\/364|[from] Leech Seed|[of] p2a: Venusaur
|turn|62
|choice|move uturn|move leechseed
|
|move|p1a: Flygon|U-turn|p2a: Venusaur
|-damage|p2a: Venusaur|315\/361
|choice|switch 5|
|
|switch|p1a: Registeel|Registeel|317\/364
|-damage|p1a: Registeel|295\/364|[from] Stealth Rock
|move|p2a: Venusaur|Leech Seed|p1a: Registeel
|-start|p1a: Registeel|move: Leech Seed
|
|-heal|p2a: Venusaur|337\/361|[from] item: Black Sludge
|-heal|p1a: Registeel|317\/364|[from] item: Leftovers
|-damage|p1a: Registeel|272\/364|[from] Leech Seed|[of] p2a: Venusaur
|-heal|p2a: Venusaur|361\/361|[silent]
|turn|63
|choice|switch 5|switch 5
|
|switch|p2a: Registeel|Registeel|326\/363
|-damage|p2a: Registeel|304\/363|[from] Stealth Rock
|switch|p1a: Flygon|Flygon, F|319\/364
|-damage|p1a: Flygon|297\/364|[from] Stealth Rock
|
|-heal|p1a: Flygon|319\/364|[from] item: Leftovers
|-heal|p2a: Registeel|326\/363|[from] item: Leftovers
|turn|64
|choice|switch 6|move toxic
|
|switch|p1a: Alomomola|Alomomola, F|457\/501 tox
|-damage|p1a: Alomomola|395\/501 tox|[from] Stealth Rock
|move|p2a: Registeel|Toxic|p1a: Alomomola
|-fail|p1a: Alomomola|tox
|
|-heal|p2a: Registeel|348\/363|[from] item: Leftovers
|-damage|p1a: Alomomola|364\/501 tox|[from] psn
|turn|65
|choice|move wish|move thunderbolt
|
|move|p1a: Alomomola|Wish|p1a: Alomomola
|move|p2a: Registeel|Thunderbolt|p1a: Alomomola
|-supereffective|p1a: Alomomola
|-damage|p1a: Alomomola|198\/501 tox
|
|-heal|p2a: Registeel|363\/363|[from] item: Leftovers
|-damage|p1a: Alomomola|136\/501 tox|[from] psn
|turn|66
|choice|switch 5|switch 6
|
|switch|p1a: Registeel|Registeel|272\/364
|-damage|p1a: Registeel|250\/364|[from] Stealth Rock
|switch|p2a: Emboar|Emboar, F|361\/361
|-damage|p2a: Emboar|316\/361|[from] Stealth Rock
|
|-heal|p1a: Registeel|364\/364|[from] move: Wish|[wisher] Alomomola
|turn|67
|choice|switch 6|move superpower
|
|switch|p1a: Flygon|Flygon, F|319\/364
|-damage|p1a: Flygon|297\/364|[from] Stealth Rock
|move|p2a: Emboar|Superpower|p1a: Flygon
|-damage|p1a: Flygon|24\/364
|-unboost|p2a: Emboar|atk|1
|-unboost|p2a: Emboar|def|1
|
|-heal|p1a: Flygon|46\/364|[from] item: Leftovers
|turn|68
|choice|move earthquake|switch 4
|
|switch|p2a: Slowking|Slowking, M|389\/389
|-damage|p2a: Slowking|341\/389|[from] Stealth Rock
|move|p1a: Flygon|Earthquake|p2a: Slowking
|-damage|p2a: Slowking|226\/389
|
|-heal|p1a: Flygon|68\/364|[from] item: Leftovers
|turn|69
|choice|move uturn|move scald
|
|move|p1a: Flygon|U-turn|p2a: Slowking
|-supereffective|p2a: Slowking
|-damage|p2a: Slowking|116\/389
|choice|switch 6|
|
|switch|p1a: Registeel|Registeel|364\/364
|-damage|p1a: Registeel|342\/364|[from] Stealth Rock
|move|p2a: Slowking|Scald|p1a: Registeel
|-damage|p1a: Registeel|276\/364
|
|-heal|p1a: Registeel|298\/364|[from] item: Leftovers
|turn|70
|choice|switch 6|switch 5
|
|switch|p1a: Flygon|Flygon, F|68\/364
|-damage|p1a: Flygon|46\/364|[from] Stealth Rock
|switch|p2a: Venusaur|Venusaur, F|361\/361
|-damage|p2a: Venusaur|316\/361|[from] Stealth Rock
|
|-heal|p1a: Flygon|68\/364|[from] item: Leftovers
|-heal|p2a: Venusaur|338\/361|[from] item: Black Sludge
|turn|71
|choice|move roost|move sludgebomb
|
|move|p1a: Flygon|Roost|p1a: Flygon
|-heal|p1a: Flygon|250\/364
|move|p2a: Venusaur|Sludge Bomb|p1a: Flygon
|-resisted|p1a: Flygon
|-damage|p1a: Flygon|189\/364
|
|-heal|p1a: Flygon|211\/364|[from] item: Leftovers
|-heal|p2a: Venusaur|360\/361|[from] item: Black Sludge
|turn|72
|choice|move uturn|move sludgebomb
|
|move|p1a: Flygon|U-turn|p2a: Venusaur
|-damage|p2a: Venusaur|313\/361
|choice|switch 6|
|
|switch|p1a: Registeel|Registeel|298\/364
|-damage|p1a: Registeel|276\/364|[from] Stealth Rock
|move|p2a: Venusaur|Sludge Bomb|p1a: Registeel
|-immune|p1a: Registeel|[msg]
|
|-heal|p2a: Venusaur|335\/361|[from] item: Black Sludge
|-heal|p1a: Registeel|298\/364|[from] item: Leftovers
|turn|73
|choice|move protect|switch 3
|
|switch|p2a: Flygon|Flygon, M|196\/329
|-damage|p2a: Flygon|176\/329|[from] Stealth Rock
|move|p1a: Registeel|Protect|p1a: Registeel
|-fail|p1a: Registeel
|
|-heal|p1a: Registeel|320\/364|[from] item: Leftovers
|turn|74
|choice|move toxic|move earthquake
|
|move|p2a: Flygon|Earthquake|p1a: Registeel
|-supereffective|p1a: Registeel
|-damage|p1a: Registeel|126\/364
|move|p1a: Registeel|Toxic|p2a: Flygon
|-status|p2a: Flygon|tox
|
|-heal|p1a: Registeel|148\/364|[from] item: Leftovers
|-damage|p2a: Flygon|156\/329 tox|[from] psn
|turn|75
|choice|switch 6|move roost
|
|switch|p1a: Flygon|Flygon, F|211\/364
|-damage|p1a: Flygon|189\/364|[from] Stealth Rock
|move|p2a: Flygon|Roost|p2a: Flygon
|-heal|p2a: Flygon|321\/329 tox
|
|-heal|p1a: Flygon|211\/364|[from] item: Leftovers
|-damage|p2a: Flygon|281\/329 tox|[from] psn
|turn|76
|choice|move roost|move uturn
|
|move|p2a: Flygon|U-turn|p1a: Flygon
|-damage|p1a: Flygon|131\/364
|choice||switch 3
|
|switch|p2a: Venusaur|Venusaur, F|335\/361
|-damage|p2a: Venusaur|290\/361|[from] Stealth Rock
|move|p1a: Flygon|Roost|p1a: Flygon
|-heal|p1a: Flygon|313\/364
|
|-heal|p1a: Flygon|335\/364|[from] item: Leftovers
|-heal|p2a: Venusaur|312\/361|[from] item: Black Sludge
|turn|77
|choice|move earthquake|move leechseed
|
|move|p1a: Flygon|Earthquake|p2a: Venusaur
|-damage|p2a: Venusaur|219\/361
|move|p2a: Venusaur|Leech Seed|p1a: Flygon|[miss]
|-miss|p2a: Venusaur|p1a: Flygon
|
|-heal|p1a: Flygon|357\/364|[from] item: Leftovers
|-heal|p2a: Venusaur|241\/361|[from] item: Black Sludge
|turn|78
|choice|move earthquake|move leechseed
|
|move|p1a: Flygon|Earthquake|p2a: Venusaur
|-damage|p2a: Venusaur|139\/361
|move|p2a: Venusaur|Leech Seed|p1a: Flygon
|-start|p1a: Flygon|move: Leech Seed
|
|-heal|p1a: Flygon|364\/364|[from] item: Leftovers
|-heal|p2a: Venusaur|161\/361|[from] item: Black Sludge
|-damage|p1a: Flygon|319\/364|[from] Leech Seed|[of] p2a: Venusaur
|-heal|p2a: Venusaur|206\/361|[silent]
|turn|79
|choice|move earthquake|move leechseed
|
|move|p1a: Flygon|Earthquake|p2a: Venusaur
|-damage|p2a: Venusaur|113\/361
|move|p2a: Venusaur|Leech Seed|p1a: Flygon
|-fail|p1a: Flygon
|
|-heal|p1a: Flygon|341\/364|[from] item: Leftovers
|-heal|p2a: Venusaur|135\/361|[from] item: Black Sludge
|-damage|p1a: Flygon|296\/364|[from] Leech Seed|[of] p2a: Venusaur
|-heal|p2a: Venusaur|180\/361|[silent]
|turn|80
|choice|move uturn|move synthesis
|
|move|p1a: Flygon|U-turn|p2a: Venusaur
|-damage|p2a: Venusaur|129\/361
|choice|switch 6|
|
|switch|p1a: Registeel|Registeel|148\/364
|-damage|p1a: Registeel|126\/364|[from] Stealth Rock
|move|p2a: Venusaur|Synthesis|p2a: Venusaur
|-heal|p2a: Venusaur|309\/361
|
|-heal|p2a: Venusaur|331\/361|[from] item: Black Sludge
|-heal|p1a: Registeel|148\/364|[from] item: Leftovers
|turn|81
|choice|move protect|switch 4
|
|switch|p2a: Emboar|Emboar, F|316\/361
|-damage|p2a: Emboar|271\/361|[from] Stealth Rock
|move|p1a: Registeel|Protect|p1a: Registeel
|-fail|p1a: Registeel
|
|-heal|p1a: Registeel|170\/364|[from] item: Leftovers
|turn|82
|choice|move protect|move superpower
|
|move|p1a: Registeel|Protect|p1a: Registeel
|-singleturn|p1a: Registeel|Protect
|move|p2a: Emboar|Superpower|p1a: Registeel
|-activate|p1a: Registeel|move: Protect
|
|-heal|p1a: Registeel|192\/364|[from] item: Leftovers
|turn|83
|choice|switch 5|move superpower
|
|switch|p1a: Alomomola|Alomomola, F|303\/501 tox
|-damage|p1a: Alomomola|241\/501 tox|[from] Stealth Rock
|move|p2a: Emboar|Superpower|p1a: Alomomola
|-damage|p1a: Alomomola|48\/501 tox
|-unboost|p2a: Emboar|atk|1
|-unboost|p2a: Emboar|def|1
|
|-damage|p1a: Alomomola|17\/501 tox|[from] psn
|turn|84
|choice|move wish|move superpower
|
|move|p2a: Emboar|Superpower|p1a: Alomomola
|-damage|p1a: Alomomola|0 fnt
|-unboost|p2a: Emboar|atk|1
|-unboost|p2a: Emboar|def|1
|faint|p1a: Alomomola
|
|choice|switch 6|
|
|switch|p1a: Flygon|Flygon, F|296\/364
|-damage|p1a: Flygon|274\/364|[from] Stealth Rock
|turn|85
|choice|move uturn|switch 4
|
|switch|p2a: Venusaur|Venusaur, F|331\/361
|-damage|p2a: Venusaur|286\/361|[from] Stealth Rock
|move|p1a: Flygon|U-turn|p2a: Venusaur
|-damage|p2a: Venusaur|239\/361
|choice|switch 5|
|
|switch|p1a: Registeel|Registeel|192\/364
|-damage|p1a: Registeel|170\/364|[from] Stealth Rock
|
|-heal|p2a: Venusaur|261\/361|[from] item: Black Sludge
|-heal|p1a: Registeel|192\/364|[from] item: Leftovers
|turn|86
|choice|switch 5|move sludgebomb
|
|switch|p1a: Flygon|Flygon, F|274\/364
|-damage|p1a: Flygon|252\/364|[from] Stealth Rock
|move|p2a: Venusaur|Sludge Bomb|p1a: Flygon
|-resisted|p1a: Flygon
|-damage|p1a: Flygon|184\/364
|
|-heal|p1a: Flygon|206\/364|[from] item: Leftovers
|-heal|p2a: Venusaur|283\/361|[from] item: Black Sludge
|turn|87
|choice|move roost|move gigadrain
|
|move|p1a: Flygon|Roost|p1a: Flygon
|-heal|p1a: Flygon|364\/364
|move|p2a: Venusaur|Giga Drain|p1a: Flygon
|-damage|p1a: Flygon|246\/364
|-heal|p2a: Venusaur|342\/361|[from] drain|[of] p1a: Flygon
|
|-heal|p1a: Flygon|268\/364|[from] item: Leftovers
|-heal|p2a: Venusaur|361\/361|[from] item: Black Sludge
|turn|88
|choice|move earthquake|move sludgebomb
|
|move|p1a: Flygon|Earthquake|p2a: Venusaur
|-damage|p2a: Venusaur|255\/361
|move|p2a: Venusaur|Sludge Bomb|p1a: Flygon
|-resisted|p1a: Flygon
|-damage|p1a: Flygon|200\/364
|
|-heal|p1a: Flygon|222\/364|[from] item: Leftovers
|-heal|p2a: Venusaur|277\/361|[from] item: Black Sludge
|turn|89
|choice|move roost|move sludgebomb
|
|move|p1a: Flygon|Roost|p1a: Flygon
|-heal|p1a: Flygon|364\/364
|move|p2a: Venusaur|Sludge Bomb|p1a: Flygon
|-resisted|p1a: Flygon
|-damage|p1a: Flygon|301\/364
|
|-heal|p1a: Flygon|323\/364|[from] item: Leftovers
|-heal|p2a: Venusaur|299\/361|[from] item: Black Sludge
|turn|90
|choice|switch 5|move leechseed
|
|switch|p1a: Registeel|Registeel|192\/364
|-damage|p1a: Registeel|170\/364|[from] Stealth Rock
|move|p2a: Venusaur|Leech Seed|p1a: Registeel
|-start|p1a: Registeel|move: Leech Seed
|
|-heal|p2a: Venusaur|321\/361|[from] item: Black Sludge
|-heal|p1a: Registeel|192\/364|[from] item: Leftovers
|-damage|p1a: Registeel|147\/364|[from] Leech Seed|[of] p2a: Venusaur
|-heal|p2a: Venusaur|361\/361|[silent]
|turn|91
|choice|move protect|move sludgebomb
|
|move|p1a: Registeel|Protect|p1a: Registeel
|-singleturn|p1a: Registeel|Protect
|move|p2a: Venusaur|Sludge Bomb|p1a: Registeel
|-immune|p1a: Registeel|[msg]
|
|-heal|p1a: Registeel|169\/364|[from] item: Leftovers
|-damage|p1a: Registeel|124\/364|[from] Leech Seed|[of] p2a: Venusaur
|turn|92
|choice|switch 5|move sludgebomb
|
|switch|p1a: Flygon|Flygon, F|323\/364
|-damage|p1a: Flygon|301\/364|[from] Stealth Rock
|move|p2a: Venusaur|Sludge Bomb|p1a: Flygon
|-resisted|p1a: Flygon
|-damage|p1a: Flygon|236\/364
|
|-heal|p1a: Flygon|258\/364|[from] item: Leftovers
|turn|93
|choice|move uturn|move sludgebomb
|
|move|p1a: Flygon|U-turn|p2a: Venusaur
|-damage|p2a: Venusaur|315\/361
|choice|switch 5|
|
|switch|p1a: Registeel|Registeel|124\/364
|-damage|p1a: Registeel|102\/364|[from] Stealth Rock
|move|p2a: Venusaur|Sludge Bomb|p1a: Registeel
|-immune|p1a: Registeel|[msg]
|
|-heal|p2a: Venusaur|337\/361|[from] item: Black Sludge
|-heal|p1a: Registeel|124\/364|[from] item: Leftovers
|turn|94
|choice|switch 5|switch 6
|
|switch|p2a: Registeel|Registeel|363\/363
|-damage|p2a: Registeel|341\/363|[from] Stealth Rock
|switch|p1a: Flygon|Flygon, F|258\/364
|-damage|p1a: Flygon|236\/364|[from] Stealth Rock
|
|-heal|p1a: Flygon|258\/364|[from] item: Leftovers
|-heal|p2a: Registeel|363\/363|[from] item: Leftovers
|turn|95
|choice|move uturn|move toxic
|
|move|p1a: Flygon|U-turn|p2a: Registeel
|-resisted|p2a: Registeel
|-crit|p2a: Registeel
|-damage|p2a: Registeel|336\/363
|choice|switch 5|
|
|switch|p1a: Registeel|Registeel|124\/364
|-damage|p1a: Registeel|102\/364|[from] Stealth Rock
|move|p2a: Registeel|Toxic|p1a: Registeel
|-immune|p1a: Registeel|[msg]
|
|-heal|p2a: Registeel|358\/363|[from] item: Leftovers
|-heal|p1a: Registeel|124\/364|[from] item: Leftovers
|turn|96
|choice|move protect|move seismictoss
|
|move|p1a: Registeel|Protect|p1a: Registeel
|-singleturn|p1a: Registeel|Protect
|move|p2a: Registeel|Seismic Toss|p1a: Registeel
|-activate|p1a: Registeel|move: Protect
|
|-heal|p2a: Registeel|363\/363|[from] item: Leftovers
|-heal|p1a: Registeel|146\/364|[from] item: Leftovers
|turn|97
|choice|move seismictoss|move seismictoss
|
|move|p2a: Registeel|Seismic Toss|p1a: Registeel
|-damage|p1a: Registeel|46\/364
|move|p1a: Registeel|Seismic Toss|p2a: Registeel
|-damage|p2a: Registeel|263\/363
|
|-heal|p1a: Registeel|68\/364|[from] item: Leftovers
|-heal|p2a: Registeel|285\/363|[from] item: Leftovers
|turn|98
|choice|switch 5|move seismictoss
|
|switch|p1a: Flygon|Flygon, F|258\/364
|-damage|p1a: Flygon|236\/364|[from] Stealth Rock
|move|p2a: Registeel|Seismic Toss|p1a: Flygon
|-damage|p1a: Flygon|136\/364
|
|-heal|p1a: Flygon|158\/364|[from] item: Leftovers
|-heal|p2a: Registeel|307\/363|[from] item: Leftovers
|turn|99
|choice|move earthquake|move toxic
|
|move|p1a: Flygon|Earthquake|p2a: Registeel
|-supereffective|p2a: Registeel
|-damage|p2a: Registeel|143\/363
|move|p2a: Registeel|Toxic|p1a: Flygon
|-status|p1a: Flygon|tox
|
|-heal|p1a: Flygon|180\/364 tox|[from] item: Leftovers
|-heal|p2a: Registeel|165\/363|[from] item: Leftovers
|-damage|p1a: Flygon|158\/364 tox|[from] psn
|turn|100
|choice|move earthquake|switch 3
|
|switch|p2a: Flygon|Flygon, M|281\/329 tox
|-damage|p2a: Flygon|261\/329 tox|[from] Stealth Rock
|move|p1a: Flygon|Earthquake|p2a: Flygon
|-immune|p2a: Flygon|[msg]|[from] ability: Levitate
|
|-heal|p1a: Flygon|180\/364 tox|[from] item: Leftovers
|-damage|p1a: Flygon|136\/364 tox|[from] psn
|-damage|p2a: Flygon|241\/329 tox|[from] psn
|turn|101
|choice|move uturn|move roost
|
|move|p2a: Flygon|Roost|p2a: Flygon
|-heal|p2a: Flygon|329\/329 tox
|move|p1a: Flygon|U-turn|p2a: Flygon
|-damage|p2a: Flygon|266\/329 tox
|choice|switch 5|
|
|switch|p1a: Registeel|Registeel|68\/364
|-damage|p1a: Registeel|46\/364|[from] Stealth Rock
|
|-heal|p1a: Registeel|68\/364|[from] item: Leftovers
|-damage|p2a: Flygon|226\/329 tox|[from] psn
|turn|102
|choice|switch 5|switch 4
|
|switch|p2a: Emboar|Emboar, F|271\/361
|-damage|p2a: Emboar|226\/361|[from] Stealth Rock
|switch|p1a: Flygon|Flygon, F|136\/364 tox
|-damage|p1a: Flygon|114\/364 tox|[from] Stealth Rock
|
|-heal|p1a: Flygon|136\/364 tox|[from] item: Leftovers
|-damage|p1a: Flygon|114\/364 tox|[from] psn
|turn|103
|choice|move roost|switch 6
|
|switch|p2a: Venusaur|Venusaur, F|337\/361
|-damage|p2a: Venusaur|292\/361|[from] Stealth Rock
|move|p1a: Flygon|Roost|p1a: Flygon
|-heal|p1a: Flygon|296\/364 tox
|
|-heal|p1a: Flygon|318\/364 tox|[from] item: Leftovers
|-heal|p2a: Venusaur|314\/361|[from] item: Black Sludge
|-damage|p1a: Flygon|274\/364 tox|[from] psn
|turn|104
|choice|switch 5|move gigadrain
|
|switch|p1a: Registeel|Registeel|68\/364
|-damage|p1a: Registeel|46\/364|[from] Stealth Rock
|move|p2a: Venusaur|Giga Drain|p1a: Registeel
|-resisted|p1a: Registeel
|-damage|p1a: Registeel|20\/364
|-heal|p2a: Venusaur|327\/361|[from] drain|[of] p1a: Registeel
|
|-heal|p2a: Venusaur|349\/361|[from] item: Black Sludge
|-heal|p1a: Registeel|42\/364|[from] item: Leftovers
|turn|105
|choice|move toxic|switch 6
|
|switch|p2a: Emboar|Emboar, F|226\/361
|-damage|p2a: Emboar|181\/361|[from] Stealth Rock
|move|p1a: Registeel|Toxic|p2a: Emboar
|-status|p2a: Emboar|tox
|
|-heal|p1a: Registeel|64\/364|[from] item: Leftovers
|-damage|p2a: Emboar|159\/361 tox|[from] psn
|turn|106
|choice|switch 5|move superpower
|
|switch|p1a: Flygon|Flygon, F|274\/364 tox
|-damage|p1a: Flygon|252\/364 tox|[from] Stealth Rock
|move|p2a: Emboar|Superpower|p1a: Flygon
|-damage|p1a: Flygon|0 fnt
|-unboost|p2a: Emboar|atk|1
|-unboost|p2a: Emboar|def|1
|faint|p1a: Flygon
|
|-damage|p2a: Emboar|115\/361 tox|[from] psn
|choice|switch 5|
|
|switch|p1a: Registeel|Registeel|64\/364
|-damage|p1a: Registeel|42\/364|[from] Stealth Rock
|turn|107
|choice|move protect|move superpower
|
|move|p1a: Registeel|Protect|p1a: Registeel
|-singleturn|p1a: Registeel|Protect
|move|p2a: Emboar|Superpower|p1a: Registeel
|-activate|p1a: Registeel|move: Protect
|
|-heal|p1a: Registeel|64\/364|[from] item: Leftovers
|-damage|p2a: Emboar|49\/361 tox|[from] psn
|turn|108
|choice|move protect|move superpower
|
|move|p1a: Registeel|Protect|p1a: Registeel
|-singleturn|p1a: Registeel|Protect
|move|p2a: Emboar|Superpower|p1a: Registeel
|-activate|p1a: Registeel|move: Protect
|
|-heal|p1a: Registeel|86\/364|[from] item: Leftovers
|-damage|p2a: Emboar|0 fnt|[from] psn
|faint|p2a: Emboar
|choice||switch 4
|
|switch|p2a: Flygon|Flygon, M|226\/329 tox
|-damage|p2a: Flygon|206\/329 tox|[from] Stealth Rock
|turn|109
|choice|move seismictoss|move earthquake
|
|move|p2a: Flygon|Earthquake|p1a: Registeel
|-supereffective|p1a: Registeel
|-damage|p1a: Registeel|0 fnt
|faint|p1a: Registeel
|
|win|Ajna
|player|p1
|player|p2</script>
</div>
<div class="battle-log battle-log-inline"><div class="inner"><div class="battle-options"></div><div class="inner"><div class="chat"><small>Coconut joined.</small></div><div class="chat"><small>Ajna joined.</small></div><div class=""><small>Format:</small> <br><strong>RU</strong></div><div class=""><small><em>Sleep Clause Mod:</em> Limit one foe put to sleep</small></div><div class=""><small><em>Species Clause:</em> Limit one of each Pokémon</small></div><div class=""><small><em>OHKO Clause:</em> OHKO moves are banned</small></div><div class=""><small><em>Moody Clause:</em> Moody is banned</small></div><div class=""><small><em>Evasion Moves Clause:</em> Evasion moves are banned</small></div><div class=""><small><em>Endless Battle Clause:</em> Forcing endless battles is banned</small></div><div class=""><small><em>HP Percentage Mod:</em> HP is shown in percentages</small></div><div class=""><small><em>Swagger Clause:</em> Swagger is banned</small></div><div class=""><small><em>Baton Pass Clause:</em> Limit one Baton Passer, can't pass Spe and other stats simultaneously</small></div><div class="chat battle-history"><strong>Coconut's team:</strong> <em style="color:#445566;display:block;">Drapion / Flygon / Altaria / Alomomola / Uxie / Registeel</em></div><div class="chat battle-history"><strong>Ajna's team:</strong> <em style="color:#445566;display:block;">Registeel / Flygon / Slowking / Venusaur / Drapion / Emboar</em></div><div class="chat"><small>Syl♥ie Lyyneheym joined.</small></div><div class="chat chatmessage-sylielyyneheym"><strong style="color:hsl(205,63%,49%)"><small>+</small><span class="username" data-name="Syl♥ie Lyyneheym">Syl♥ie Lyyneheym</span>:</strong> <em>GO COCONUT</em></div><div class="spacer battle-history"><br></div><div class="battle-history">Battle started between Coconut and Ajna!<br></div><div class="spacer battle-history"><br></div><div class="battle-history">Go! <strong>Flygon</strong>!<br></div><div class="spacer battle-history"><br></div><div class="battle-history">Ajna sent out <strong>Drapion</strong>!<br></div><div class="spacer battle-history"><br></div><h2 class="battle-history">Turn 1</h2><div class="spacer battle-history"><br></div><div class="battle-history">Ajna withdrew Drapion!<br></div><div class="battle-history">Ajna sent out <strong>Flygon</strong>!<br></div><div class="spacer battle-history"><br></div><div class="battle-history">Flygon used <strong>U-turn</strong>!<br></div><div class="battle-history"><small>(The opposing Flygon lost <abbr title="−64/329">19.5%</abbr> of its health!)</small><br></div><div class="spacer battle-history"><br></div><div class="battle-history">Flygon went back to Coconut!<br></div><div class="battle-history">Go! <strong>Alomomola</strong>!<br></div><div class="spacer battle-history"><br></div><div class="battle-history"><small>The opposing Flygon restored a little HP using its Leftovers!</small><br></div><div class="spacer battle-history"><br></div><h2 class="battle-history">Turn 2</h2><div class="spacer battle-history"><br></div><div class="battle-history">Alomomola, come back!<br></div><div class="battle-history">Go! <strong>Uxie</strong>!<br></div><div class="spacer battle-history"><br></div><div class="battle-history">The opposing Flygon used <strong>U-turn</strong>!<br></div><div class="battle-history"><small>It's super effective!</small><br></div><div class="battle-history"><small>(Uxie lost <abbr title="−72/353">20.4%</abbr> of its health!)</small><br></div><div class="spacer battle-history"><br></div><div class="battle-history">The opposing Flygon went back to Ajna!<br></div><div class="battle-history">Ajna sent out <strong>Registeel</strong>!<br></div><div class="spacer battle-history"><br></div><div class="battle-history"><small>Uxie restored a little HP using its Leftovers!</small><br></div><div class="spacer battle-history"><br></div><h2 class="battle-history">Turn 3</h2><div class="chat"><small>Omfuga joined.</small></div><div class="spacer battle-history"><br></div><div class="battle-history">Uxie, come back!<br></div><div class="battle-history">Go! <strong>Flygon</strong>!<br></div><div class="spacer battle-history"><br></div><div class="battle-history">The opposing Registeel used <strong>Stealth Rock</strong>!<br></div><div class="battle-history"><small>Pointed stones float in the air around your team!</small><br></div><div class="spacer battle-history"><br></div><h2 class="battle-history">Turn 4</h2><div class="spacer battle-history"><br></div><div class="battle-history">Flygon used <strong>Defog</strong>!<br></div><div class="battle-history"><small>[The opposing Registeel's Clear Body]</small><br><small>The opposing Registeel's stats were not lowered!</small><br></div><div class="battle-history"><small>The pointed stones disappeared from around your team!</small><br></div><div class="spacer battle-history"><br></div><div class="battle-history">The opposing Registeel used <strong>Toxic</strong>!<br></div><div class="battle-history"><small>Flygon was badly poisoned!</small><br></div><div class="spacer battle-history"><br></div><div class="battle-history"><small>Flygon was hurt by poison!</small><br></div><div class="spacer battle-history"><br></div><h2 class="battle-history">Turn 5</h2><div class="spacer battle-history"><br></div><div class="battle-history">Ajna withdrew Registeel!<br></div><div class="battle-history">Ajna sent out <strong>Flygon</strong>!<br></div><div class="spacer battle-history"><br></div><div class="battle-history">Flygon used <strong>U-turn</strong>!<br></div><div class="battle-history"><small>(The opposing Flygon lost <abbr title="−68/329">20.7%</abbr> of its health!)</small><br></div><div class="spacer battle-history"><br></div><div class="battle-history">Flygon went back to Coconut!<br></div><div class="battle-history">Go! <strong>Alomomola</strong>!<br></div><div class="spacer battle-history"><br></div><div class="battle-history"><small>The opposing Flygon restored a little HP using its Leftovers!</small><br></div><div class="spacer battle-history"><br></div><h2 class="battle-history">Turn 6</h2><div class="spacer battle-history"><br></div><div class="battle-history">The opposing Flygon used <strong>U-turn</strong>!<br></div><div class="battle-history"><small>(Alomomola lost <abbr title="−53/501">10.6%</abbr> of its health!)</small><br></div><div class="spacer battle-history"><br></div><div class="battle-history">The opposing Flygon went back to Ajna!<br></div><div class="battle-history">Ajna sent out <strong>Venusaur</strong>!<br></div><div class="spacer battle-history"><br></div><div class="battle-history">Alomomola used <strong>Scald</strong>!<br></div><div class="battle-history"><small>It's not very effective...</small><br></div><div class="battle-history"><small>(The opposing Venusaur lost <abbr title="−24/361">6.6%</abbr> of its health!)</small><br></div><div class="spacer battle-history"><br></div><div class="battle-history"><small>The opposing Venusaur restored a little HP using its Black Sludge!</small><br></div><div class="battle-history"><small>Alomomola restored a little HP using its Leftovers!</small><br></div><div class="spacer battle-history"><br></div><h2 class="battle-history">Turn 7</h2><div class="spacer battle-history"><br></div><div class="battle-history">Alomomola used <strong>Protect</strong>!<br></div><div class="battle-history"><small>Alomomola protected itself!</small><br></div><div class="spacer battle-history"><br></div><div class="battle-history">The opposing Venusaur used <strong>Leech Seed</strong>!<br></div><div class="battle-history"><small>Alomomola protected itself!</small><br></div><div class="spacer battle-history"><br></div><div class="battle-history"><small>The opposing Venusaur restored a little HP using its Black Sludge!</small><br></div><div class="battle-history"><small>Alomomola restored a little HP using its Leftovers!</small><br></div><div class="spacer battle-history"><br></div><h2 class="battle-history">Turn 8</h2><div class="spacer battle-history"><br></div><div class="battle-history">Alomomola, come back!<br></div><div class="battle-history">Go! <strong>Registeel</strong>!<br></div><div class="spacer battle-history"><br></div><div class="battle-history">The opposing Venusaur used <strong>Giga Drain</strong>!<br></div><div class="battle-history"><small>It's not very effective...</small><br></div><div class="battle-history"><small>A critical hit!</small><br></div><div class="battle-history"><small>(Registeel lost <abbr title="−35/364">9.6%</abbr> of its health!)</small><br></div><div class="spacer battle-history"><br></div><div class="battle-history"><small>Registeel restored a little HP using its Leftovers!</small><br></div><div class="spacer battle-history"><br></div><h2 class="battle-history">Turn 9</h2><div class="spacer battle-history"><br></div><div class="battle-history">The opposing Venusaur used <strong>Leech Seed</strong>!<br></div><div class="battle-history"><small>Registeel was seeded!</small><br></div><div class="spacer battle-history"><br></div><div class="battle-history">Registeel used <strong>Stealth Rock</strong>!<br></div><div class="battle-history"><small>Pointed stones float in the air around the opposing team!</small><br></div><div class="spacer battle-history"><br></div><div class="battle-history"><small>Registeel restored a little HP using its Leftovers!</small><br></div><div class="battle-history"><small>Registeel's health is sapped by Leech Seed!</small><br></div><div class="spacer battle-history"><br></div><h2 class="battle-history">Turn 10</h2><div class="spacer battle-history"><br></div><div class="battle-history">Registeel, come back!<br></div><div class="battle-history">Go! <strong>Altaria</strong>!<br></div><div class="spacer battle-history"><br></div><div class="battle-history">The opposing Venusaur used <strong>Sludge Bomb</strong>!<br></div><div class="battle-history"><small>(Altaria lost <abbr title="−96/353">27.2%</abbr> of its health!)</small><br></div><div class="spacer battle-history"><br></div><div class="battle-history"><small>Altaria restored a little HP using its Leftovers!</small><br></div><div class="spacer battle-history"><br></div><h2 class="battle-history">Turn 11</h2><div class="spacer battle-history"><br></div><div class="battle-history">The opposing Venusaur used <strong>Sludge Bomb</strong>!<br></div><div class="battle-history"><small>A critical hit!</small><br></div><div class="battle-history"><small>(Altaria lost <abbr title="−156/353">44.2%</abbr> of its health!)</small><br></div><div class="spacer battle-history"><br></div><div class="battle-history">Altaria used <strong>Toxic</strong>!<br></div><div class="battle-history"><small>It doesn't affect the opposing Venusaur...</small><br></div><div class="spacer battle-history"><br></div><div class="battle-history"><small>Altaria restored a little HP using its Leftovers!</small><br></div><div class="spacer battle-history"><br></div><h2 class="battle-history">Turn 12</h2><div class="spacer battle-history"><br></div><div class="battle-history">The opposing Venusaur used <strong>Sludge Bomb</strong>!<br></div><div class="battle-history"><small>(Altaria lost <abbr title="−114/353">32.3%</abbr> of its health!)</small><br></div><div class="battle-history"><small>Altaria was poisoned!</small><br></div><div class="spacer battle-history"><br></div><div class="battle-history">Altaria used <strong>Roost</strong>!<br></div><div class="battle-history"><small>Altaria restored its HP.</small><br></div><div class="spacer battle-history"><br></div><div class="battle-history"><small>Altaria restored a little HP using its Leftovers!</small><br></div><div class="battle-history"><small>Altaria was hurt by poison!</small><br></div><div class="spacer battle-history"><br></div><h2 class="battle-history">Turn 13</h2><div class="spacer battle-history"><br></div><div class="battle-history">The opposing Venusaur used <strong>Sludge Bomb</strong>!<br></div><div class="battle-history"><small>(Altaria lost <abbr title="−112/353">31.7%</abbr> of its health!)</small><br></div><div class="spacer battle-history"><br></div><div class="battle-history">Altaria used <strong>Roost</strong>!<br></div><div class="battle-history"><small>Altaria restored its HP.</small><br></div><div class="spacer battle-history"><br></div><div class="battle-history"><small>Altaria restored a little HP using its Leftovers!</small><br></div><div class="battle-history"><small>Altaria was hurt by poison!</small><br></div><div class="spacer battle-history"><br></div><h2 class="battle-history">Turn 14</h2><div class="spacer battle-history"><br></div><div class="battle-history">The opposing Venusaur used <strong>Leech Seed</strong>!<br></div><div class="battle-history"><small>Altaria was seeded!</small><br></div><div class="spacer battle-history"><br></div><div class="battle-history">Altaria used <strong>Roost</strong>!<br></div><div class="battle-history"><small>Altaria restored its HP.</small><br></div><div class="spacer battle-history"><br></div><div class="battle-history"><small>Altaria's health is sapped by Leech Seed!</small><br></div><div class="battle-history"><small>Altaria was hurt by poison!</small><br></div><div class="spacer battle-history"><br></div><h2 class="battle-history">Turn 15</h2><div class="spacer battle-history"><br></div><div class="battle-history">The opposing Venusaur used <strong>Sludge Bomb</strong>!<br></div><div class="battle-history"><small>(Altaria lost <abbr title="−105/353">29.7%</abbr> of its health!)</small><br></div><div class="spacer battle-history"><br></div><div class="battle-history">Altaria used <strong>Flamethrower</strong>!<br></div><div class="battle-history"><small>It's super effective!</small><br></div><div class="battle-history"><small>(The opposing Venusaur lost <abbr title="−110/361">30.5%</abbr> of its health!)</small><br></div><div class="spacer battle-history"><br></div><div class="battle-history"><small>The opposing Venusaur restored a little HP using its Black Sludge!</small><br></div><div class="battle-history"><small>Altaria restored a little HP using its Leftovers!</small><br></div><div class="battle-history"><small>Altaria's health is sapped by Leech Seed!</small><br></div><div class="battle-history"><small>Altaria was hurt by poison!</small><br></div><div class="spacer battle-history"><br></div><h2 class="battle-history">Turn 16</h2><div class="spacer battle-history"><br></div><div class="battle-history"><small>(Altaria is cured by its Natural Cure!)</small><br></div><div class="battle-history">Altaria, come back!<br></div><div class="battle-history">Go! <strong>Registeel</strong>!<br></div><div class="spacer battle-history"><br></div><div class="battle-history">The opposing Venusaur used <strong>Sludge Bomb</strong>!<br></div><div class="battle-history"><small>It doesn't affect Registeel...</small><br></div><div class="spacer battle-history"><br></div><div class="battle-history"><small>The opposing Venusaur restored a little HP using its Black Sludge!</small><br></div><div class="battle-history"><small>Registeel restored a little HP using its Leftovers!</small><br></div><div class="spacer battle-history"><br></div><h2 class="battle-history">Turn 17</h2><div class="spacer battle-history"><br></div><div class="battle-history">The opposing Venusaur used <strong>Leech Seed</strong>!<br></div><div class="battle-history"><small>Registeel was seeded!</small><br></div><div class="spacer battle-history"><br></div><div class="battle-history">Registeel used <strong>Seismic Toss</strong>!<br></div><div class="battle-history"><small>(The opposing Venusaur lost <abbr title="−100/361">27.7%</abbr> of its health!)</small><br></div><div class="spacer battle-history"><br></div><div class="battle-history"><small>The opposing Venusaur restored a little HP using its Black Sludge!</small><br></div><div class="battle-history"><small>Registeel restored a little HP using its Leftovers!</small><br></div><div class="battle-history"><small>Registeel's health is sapped by Leech Seed!</small><br></div><div class="spacer battle-history"><br></div><h2 class="battle-history">Turn 18</h2><div class="spacer battle-history"><br></div><div class="battle-history">Ajna withdrew Venusaur!<br></div><div class="battle-history">Ajna sent out <strong>Registeel</strong>!<br></div><div class="battle-history"><small>Pointed stones dug into the opposing Registeel!</small><br></div><div class="spacer battle-history"><br></div><div class="battle-history">Registeel, come back!<br></div><div class="battle-history">Go! <strong>Uxie</strong>!<br></div><div class="spacer battle-history"><br></div><div class="battle-history"><small>Uxie restored a little HP using its Leftovers!</small><br></div><div class="battle-history"><small>The opposing Registeel restored a little HP using its Leftovers!</small><br></div><div class="spacer battle-history"><br></div><h2 class="battle-history">Turn 19</h2><div class="spacer battle-history"><br></div><div class="battle-history">Uxie used <strong>Heal Bell</strong>!<br></div><div class="battle-history"><small>A bell chimed!</small><br></div><div class="battle-history"><small>Flygon was cured of its poisoning.</small><br></div><div class="spacer battle-history"><br></div><div class="battle-history">The opposing Registeel used <strong>Toxic</strong>!<br></div><div class="battle-history"><small>Uxie was badly poisoned!</small><br></div><div class="spacer battle-history"><br></div><div class="battle-history"><small>Uxie restored a little HP using its Leftovers!</small><br></div><div class="battle-history"><small>Uxie was hurt by poison!</small><br></div><div class="spacer battle-history"><br></div><h2 class="battle-history">Turn 20</h2><div class="spacer battle-history"><br></div><div class="battle-history">Uxie used <strong>U-turn</strong>!<br></div><div class="battle-history"><small>It's not very effective...</small><br></div><div class="battle-history"><small>(The opposing Registeel lost <abbr title="−15/363">4.1%</abbr> of its health!)</small><br></div><div class="spacer battle-history"><br></div><div class="battle-history">Uxie went back to Coconut!<br></div><div class="battle-history">Go! <strong>Flygon</strong>!<br></div><div class="spacer battle-history"><br></div><div class="battle-history">The opposing Registeel used <strong>Toxic</strong>!<br></div><div class="battle-history"><small>Flygon was badly poisoned!</small><br></div><div class="spacer battle-history"><br></div><div class="battle-history"><small>Flygon restored a little HP using its Leftovers!</small><br></div><div class="battle-history"><small>The opposing Registeel restored a little HP using its Leftovers!</small><br></div><div class="battle-history"><small>Flygon was hurt by poison!</small><br></div><div class="spacer battle-history"><br></div><h2 class="battle-history">Turn 21</h2><div class="spacer battle-history"><br></div><div class="battle-history">Flygon used <strong>Earthquake</strong>!<br></div><div class="battle-history"><small>It's super effective!</small><br></div><div class="battle-history"><small>(The opposing Registeel lost <abbr title="−170/363">46.8%</abbr> of its health!)</small><br></div><div class="spacer battle-history"><br></div><div class="battle-history">The opposing Registeel used <strong>Stealth Rock</strong>!<br></div><div class="battle-history"><small>Pointed stones float in the air around your team!</small><br></div><div class="spacer battle-history"><br></div><div class="battle-history"><small>Flygon restored a little HP using its Leftovers!</small><br></div><div class="battle-history"><small>The opposing Registeel restored a little HP using its Leftovers!</small><br></div><div class="battle-history"><small>Flygon was hurt by poison!</small><br></div><div class="spacer battle-history"><br></div><h2 class="battle-history">Turn 22</h2><div class="spacer battle-history"><br></div><div class="battle-history">Ajna withdrew Registeel!<br></div><div class="battle-history">Ajna sent out <strong>Flygon</strong>!<br></div><div class="battle-history"><small>Pointed stones dug into the opposing Flygon!</small><br></div><div class="spacer battle-history"><br></div><div class="battle-history">Flygon used <strong>Earthquake</strong>!<br></div><div class="battle-history"><small>[The opposing Flygon's Levitate]</small><br><small>It doesn't affect the opposing Flygon...</small><br></div><div class="spacer battle-history"><br></div><div class="battle-history"><small>Flygon restored a little HP using its Leftovers!</small><br></div><div class="battle-history"><small>The opposing Flygon restored a little HP using its Leftovers!</small><br></div><div class="battle-history"><small>Flygon was hurt by poison!</small><br></div><div class="spacer battle-history"><br></div><h2 class="battle-history">Turn 23</h2><div class="spacer battle-history"><br></div><div class="battle-history">Flygon used <strong>U-turn</strong>!<br></div><div class="battle-history"><small>(The opposing Flygon lost <abbr title="−69/329">21.0%</abbr> of its health!)</small><br></div><div class="spacer battle-history"><br></div><div class="battle-history">Flygon went back to Coconut!<br></div><div class="battle-history">Go! <strong>Uxie</strong>!<br></div><div class="battle-history"><small>Pointed stones dug into Uxie!</small><br></div><div class="spacer battle-history"><br></div><div class="battle-history">The opposing Flygon used <strong>Roost</strong>!<br></div><div class="battle-history"><small>The opposing Flygon restored its HP.</small><br></div><div class="spacer battle-history"><br></div><div class="battle-history"><small>Uxie restored a little HP using its Leftovers!</small><br></div><div class="battle-history"><small>Uxie was hurt by poison!</small><br></div><div class="spacer battle-history"><br></div><h2 class="battle-history">Turn 24</h2><div class="spacer battle-history"><br></div><div class="battle-history">The opposing Flygon used <strong>U-turn</strong>!<br></div><div class="battle-history"><small>It's super effective!</small><br></div><div class="battle-history"><small>(Uxie lost <abbr title="−78/353">22.1%</abbr> of its health!)</small><br></div><div class="chat"><small>trash joined.</small></div><div class="spacer battle-history"><br></div><div class="battle-history">The opposing Flygon went back to Ajna!<br></div><div class="battle-history">Ajna sent out <strong>Drapion</strong>!<br></div><div class="battle-history"><small>Pointed stones dug into the opposing Drapion!</small><br></div><div class="spacer battle-history"><br></div><div class="battle-history">Uxie used <strong>Heal Bell</strong>!<br></div><div class="battle-history"><small>A bell chimed!</small><br></div><div class="battle-history"><small>Uxie was cured of its poisoning.</small><br></div><div class="battle-history"><small>Flygon was cured of its poisoning.</small><br></div><div class="spacer battle-history"><br></div><div class="battle-history"><small>Uxie restored a little HP using its Leftovers!</small><br></div><div class="spacer battle-history"><br></div><h2 class="battle-history">Turn 25</h2><div class="spacer battle-history"><br></div><div class="battle-history">The opposing Drapion used <strong>Knock Off</strong>!<br></div><div class="battle-history"><small>It's super effective!</small><br></div><div class="battle-history"><small>(Uxie lost <abbr title="−164/353">46.5%</abbr> of its health!)</small><br></div><div class="battle-history"><small>The opposing Drapion knocked off Uxie's Leftovers!</small><br></div><div class="spacer battle-history"><br></div><div class="battle-history">Uxie used <strong>U-turn</strong>!<br></div><div class="battle-history"><small>(The opposing Drapion lost <abbr title="−36/281">12.8%</abbr> of its health!)</small><br></div><div class="spacer battle-history"><br></div><div class="battle-history">Uxie went back to Coconut!<br></div><div class="battle-history">Go! <strong>Alomomola</strong>!<br></div><div class="battle-history"><small>Pointed stones dug into Alomomola!</small><br></div><div class="spacer battle-history"><br></div><div class="battle-history"><small>Alomomola restored a little HP using its Leftovers!</small><br></div><div class="spacer battle-history"><br></div><h2 class="battle-history">Turn 26</h2><div class="spacer battle-history"><br></div><div class="battle-history">The opposing Drapion used <strong>Knock Off</strong>!<br></div><div class="battle-history"><small>A critical hit!</small><br></div><div class="battle-history"><small>(Alomomola lost <abbr title="−175/501">34.9%</abbr> of its health!)</small><br></div><div class="battle-history"><small>The opposing Drapion knocked off Alomomola's Leftovers!</small><br></div><div class="spacer battle-history"><br></div><div class="battle-history">Alomomola used <strong>Scald</strong>!<br></div><div class="battle-history"><small>(The opposing Drapion lost <abbr title="−63/281">22.4%</abbr> of its health!)</small><br></div><div class="battle-history"><small>The opposing Drapion was burned!</small><br></div><div class="spacer battle-history"><br></div><div class="battle-history"><small>The opposing Drapion was hurt by its burn!</small><br></div><div class="spacer battle-history"><br></div><h2 class="battle-history">Turn 27</h2><div class="chat"><small>Ranbu No Memes joined.</small></div><div class="spacer battle-history"><br></div><div class="battle-history">Ajna withdrew Drapion!<br></div><div class="battle-history">Ajna sent out <strong>Venusaur</strong>!<br></div><div class="battle-history"><small>Pointed stones dug into the opposing Venusaur!</small><br></div><div class="spacer battle-history"><br></div><div class="battle-history">Alomomola used <strong>Wish</strong>!<br></div><div class="spacer battle-history"><br></div><div class="battle-history"><small>The opposing Venusaur restored a little HP using its Black Sludge!</small><br></div><div class="spacer battle-history"><br></div><h2 class="battle-history">Turn 28</h2><div class="spacer battle-history"><br></div><div class="battle-history">Alomomola, come back!<br></div><div class="battle-history">Go! <strong>Registeel</strong>!<br></div><div class="battle-history"><small>Pointed stones dug into Registeel!</small><br></div><div class="spacer battle-history"><br></div><div class="battle-history">The opposing Venusaur used <strong>Giga Drain</strong>!<br></div><div class="battle-history"><small>It's not very effective...</small><br></div><div class="battle-history"><small>(Registeel lost <abbr title="−26/364">7.1%</abbr> of its health!)</small><br></div><div class="battle-history"><small>Registeel had its energy drained!</small><br></div><div class="spacer battle-history"><br></div><div class="battle-history"><small>Alomomola's wish came true!</small><br></div><div class="battle-history"><small>The opposing Venusaur restored a little HP using its Black Sludge!</small><br></div><div class="spacer battle-history"><br></div><h2 class="battle-history">Turn 29</h2><div class="spacer battle-history"><br></div><div class="battle-history">Registeel used <strong>Protect</strong>!<br></div><div class="battle-history"><small>Registeel protected itself!</small><br></div><div class="spacer battle-history"><br></div><div class="battle-history">The opposing Venusaur used <strong>Leech Seed</strong>!<br></div><div class="battle-history"><small>Registeel protected itself!</small><br></div><div class="spacer battle-history"><br></div><div class="battle-history"><small>The opposing Venusaur restored a little HP using its Black Sludge!</small><br></div><div class="spacer battle-history"><br></div><h2 class="battle-history">Turn 30</h2><div class="spacer battle-history"><br></div><div class="battle-history">Registeel used <strong>Protect</strong>!<br></div><div class="battle-history"><small>Registeel protected itself!</small><br></div><div class="spacer battle-history"><br></div><div class="battle-history">The opposing Venusaur used <strong>Leech Seed</strong>!<br></div><div class="battle-history"><small>Registeel protected itself!</small><br></div><div class="spacer battle-history"><br></div><div class="battle-history"><small>The opposing Venusaur restored a little HP using its Black Sludge!</small><br></div><div class="spacer battle-history"><br></div><h2 class="battle-history">Turn 31</h2><div class="spacer battle-history"><br></div><div class="battle-history">The opposing Venusaur used <strong>Leech Seed</strong>!<br></div><div class="battle-history"><small>Registeel was seeded!</small><br></div><div class="spacer battle-history"><br></div><div class="battle-history">Registeel used <strong>Seismic Toss</strong>!<br></div><div class="battle-history"><small>(The opposing Venusaur lost <abbr title="−100/361">27.7%</abbr> of its health!)</small><br></div><div class="spacer battle-history"><br></div><div class="battle-history"><small>The opposing Venusaur restored a little HP using its Black Sludge!</small><br></div><div class="battle-history"><small>Registeel's health is sapped by Leech Seed!</small><br></div><div class="spacer battle-history"><br></div><h2 class="battle-history">Turn 32</h2><div class="spacer battle-history"><br></div><div class="battle-history">Registeel, come back!<br></div><div class="battle-history">Go! <strong>Drapion</strong>!<br></div><div class="battle-history"><small>Pointed stones dug into Drapion!</small><br></div><div class="spacer battle-history"><br></div><div class="battle-history">The opposing Venusaur used <strong>Giga Drain</strong>!<br></div><div class="battle-history"><small>It's not very effective...</small><br></div><div class="battle-history"><small>A critical hit!</small><br></div><div class="battle-history"><small>(Drapion lost <abbr title="−79/281">28.1%</abbr> of its health!)</small><br></div><div class="battle-history"><small>Drapion had its energy drained!</small><br></div><div class="spacer battle-history"><br></div><h2 class="battle-history">Turn 33</h2><div class="spacer battle-history"><br></div><div class="battle-history">Drapion, come back!<br></div><div class="battle-history">Go! <strong>Registeel</strong>!<br></div><div class="battle-history"><small>Pointed stones dug into Registeel!</small><br></div><div class="spacer battle-history"><br></div><div class="battle-history">The opposing Venusaur used <strong>Sludge Bomb</strong>!<br></div><div class="battle-history"><small>It doesn't affect Registeel...</small><br></div><div class="spacer battle-history"><br></div><div class="battle-history"><small>Registeel restored a little HP using its Leftovers!</small><br></div><div class="spacer battle-history"><br></div><h2 class="battle-history">Turn 34</h2><div class="spacer battle-history"><br></div><div class="battle-history">Ajna withdrew Venusaur!<br></div><div class="battle-history">Ajna sent out <strong>Flygon</strong>!<br></div><div class="battle-history"><small>Pointed stones dug into the opposing Flygon!</small><br></div><div class="spacer battle-history"><br></div><div class="battle-history">Registeel used <strong>Protect</strong>!<br></div><div class="battle-history"><small>But it failed!</small><br></div><div class="spacer battle-history"><br></div><div class="battle-history"><small>The opposing Flygon restored a little HP using its Leftovers!</small><br></div><div class="battle-history"><small>Registeel restored a little HP using its Leftovers!</small><br></div><div class="spacer battle-history"><br></div><h2 class="battle-history">Turn 35</h2><div class="spacer battle-history"><br></div><div class="battle-history">The opposing Flygon used <strong>U-turn</strong>!<br></div><div class="battle-history"><small>It's not very effective...</small><br></div><div class="battle-history"><small>A critical hit!</small><br></div><div class="battle-history"><small>(Registeel lost <abbr title="−35/364">9.6%</abbr> of its health!)</small><br></div><div class="spacer battle-history"><br></div><div class="battle-history">The opposing Flygon went back to Ajna!<br></div><div class="battle-history">Ajna sent out <strong>Venusaur</strong>!<br></div><div class="battle-history"><small>Pointed stones dug into the opposing Venusaur!</small><br></div><div class="spacer battle-history"><br></div><div class="battle-history">Registeel used <strong>Toxic</strong>!<br></div><div class="battle-history"><small>It doesn't affect the opposing Venusaur...</small><br></div><div class="spacer battle-history"><br></div><div class="battle-history"><small>The opposing Venusaur restored a little HP using its Black Sludge!</small><br></div><div class="battle-history"><small>Registeel restored a little HP using its Leftovers!</small><br></div><div class="spacer battle-history"><br></div><h2 class="battle-history">Turn 36</h2><div class="spacer battle-history"><br></div><div class="battle-history">Registeel used <strong>Protect</strong>!<br></div><div class="battle-history"><small>Registeel protected itself!</small><br></div><div class="spacer battle-history"><br></div><div class="battle-history">The opposing Venusaur used <strong>Giga Drain</strong>!<br></div><div class="battle-history"><small>Registeel protected itself!</small><br></div><div class="spacer battle-history"><br></div><div class="battle-history"><small>The opposing Venusaur restored a little HP using its Black Sludge!</small><br></div><div class="battle-history"><small>Registeel restored a little HP using its Leftovers!</small><br></div><div class="spacer battle-history"><br></div><h2 class="battle-history">Turn 37</h2><div class="spacer battle-history"><br></div><div class="battle-history">The opposing Venusaur used <strong>Leech Seed</strong>!<br></div><div class="battle-history"><small>Registeel was seeded!</small><br></div><div class="spacer battle-history"><br></div><div class="battle-history">Registeel used <strong>Toxic</strong>!<br></div><div class="battle-history"><small>It doesn't affect the opposing Venusaur...</small><br></div><div class="spacer battle-history"><br></div><div class="battle-history"><small>The opposing Venusaur restored a little HP using its Black Sludge!</small><br></div><div class="battle-history"><small>Registeel restored a little HP using its Leftovers!</small><br></div><div class="battle-history"><small>Registeel's health is sapped by Leech Seed!</small><br></div><div class="spacer battle-history"><br></div><h2 class="battle-history">Turn 38</h2><div class="chat"><small>laxus joined.</small></div><div class="chat"><small>Aphrod1te ❄️ joined.</small></div><div class="spacer battle-history"><br></div><div class="battle-history">Ajna withdrew Venusaur!<br></div><div class="battle-history">Ajna sent out <strong>Slowking</strong>!<br></div><div class="battle-history"><small>Pointed stones dug into the opposing Slowking!</small><br></div><div class="spacer battle-history"><br></div><div class="battle-history">Registeel, come back!<br></div><div class="battle-history">Go! <strong>Flygon</strong>!<br></div><div class="battle-history"><small>Pointed stones dug into Flygon!</small><br></div><div class="spacer battle-history"><br></div><div class="battle-history"><small>Flygon restored a little HP using its Leftovers!</small><br></div><div class="battle-history"><small>The opposing Slowking restored a little HP using its Leftovers!</small><br></div><div class="spacer battle-history"><br></div><h2 class="battle-history">Turn 39</h2><div class="spacer battle-history"><br></div><div class="battle-history">Flygon used <strong>U-turn</strong>!<br></div><div class="battle-history"><small>It's super effective!</small><br></div><div class="battle-history"><small>(The opposing Slowking lost <abbr title="−108/389">27.8%</abbr> of its health!)</small><br></div><div class="spacer battle-history"><br></div><div class="battle-history">Flygon went back to Coconut!<br></div><div class="battle-history">Go! <strong>Altaria</strong>!<br></div><div class="battle-history"><small>Pointed stones dug into Altaria!</small><br></div><div class="spacer battle-history"><br></div><div class="battle-history">The opposing Slowking used <strong>Scald</strong>!<br></div><div class="battle-history"><small>It's not very effective...</small><br></div><div class="battle-history"><small>(Altaria lost <abbr title="−6/353">1.7%</abbr> of its health!)</small><br></div><div class="spacer battle-history"><br></div><div class="battle-history">Altaria fainted!<br></div><div class="spacer battle-history"><br></div><div class="battle-history"><small>The opposing Slowking restored a little HP using its Leftovers!</small><br></div><div class="chat"><small>laxus left.</small></div><div class="spacer battle-history"><br></div><div class="battle-history">Go! <strong>Alomomola</strong>!<br></div><div class="battle-history"><small>Pointed stones dug into Alomomola!</small><br></div><div class="spacer battle-history"><br></div><h2 class="battle-history">Turn 40</h2><div class="spacer battle-history"><br></div><div class="battle-history">Alomomola, come back!<br></div><div class="battle-history">Go! <strong>Drapion</strong>!<br></div><div class="battle-history"><small>Pointed stones dug into Drapion!</small><br></div><div class="spacer battle-history"><br></div><div class="battle-history">The opposing Slowking used <strong>Nasty Plot</strong>!<br></div><div class="battle-history"><small>The opposing Slowking's Special Attack rose sharply!</small><br></div><div class="spacer battle-history"><br></div><div class="battle-history"><small>The opposing Slowking restored a little HP using its Leftovers!</small><br></div><div class="spacer battle-history"><br></div><h2 class="battle-history">Turn 41</h2><div class="spacer battle-history"><br></div><div class="battle-history">Ajna withdrew Slowking!<br></div><div class="battle-history">Ajna sent out <strong>Flygon</strong>!<br></div><div class="battle-history"><small>Pointed stones dug into the opposing Flygon!</small><br></div><div class="spacer battle-history"><br></div><div class="battle-history">Drapion used <strong>Knock Off</strong>!<br></div><div class="battle-history"><small>(The opposing Flygon lost <abbr title="−169/329">51.4%</abbr> of its health!)</small><br></div><div class="battle-history"><small>Drapion knocked off the opposing Flygon's Leftovers!</small><br></div><div class="spacer battle-history"><br></div><h2 class="battle-history">Turn 42</h2><div class="spacer battle-history"><br></div><div class="battle-history">Drapion, come back!<br></div><div class="battle-history">Go! <strong>Alomomola</strong>!<br></div><div class="battle-history"><small>Pointed stones dug into Alomomola!</small><br></div><div class="spacer battle-history"><br></div><div class="battle-history">The opposing Flygon used <strong>Roost</strong>!<br></div><div class="battle-history"><small>The opposing Flygon restored its HP.</small><br></div><div class="spacer battle-history"><br></div><h2 class="battle-history">Turn 43</h2><div class="spacer battle-history"><br></div><div class="battle-history">The opposing Flygon used <strong>U-turn</strong>!<br></div><div class="battle-history"><small>(Alomomola lost <abbr title="−52/501">10.4%</abbr> of its health!)</small><br></div><div class="spacer battle-history"><br></div><div class="battle-history">The opposing Flygon went back to Ajna!<br></div><div class="battle-history">Ajna sent out <strong>Drapion</strong>!<br></div><div class="battle-history"><small>Pointed stones dug into the opposing Drapion!</small><br></div><div class="spacer battle-history"><br></div><div class="battle-history">Alomomola used <strong>Wish</strong>!<br></div><div class="spacer battle-history"><br></div><div class="battle-history"><small>The opposing Drapion was hurt by its burn!</small><br></div><div class="spacer battle-history"><br></div><h2 class="battle-history">Turn 44</h2><div class="spacer battle-history"><br></div><div class="battle-history">Alomomola, come back!<br></div><div class="battle-history">Go! <strong>Drapion</strong>!<br></div><div class="battle-history"><small>Pointed stones dug into Drapion!</small><br></div><div class="spacer battle-history"><br></div><div class="battle-history">The opposing Drapion used <strong>Knock Off</strong>!<br></div><div class="battle-history"><small>It's not very effective...</small><br></div><div class="battle-history"><small>(Drapion lost <abbr title="−34/281">12.1%</abbr> of its health!)</small><br></div><div class="battle-history"><small>The opposing Drapion knocked off Drapion's Choice Scarf!</small><br></div><div class="spacer battle-history"><br></div><div class="battle-history"><small>Alomomola's wish came true!</small><br></div><div class="battle-history"><small>The opposing Drapion was hurt by its burn!</small><br></div><div class="spacer battle-history"><br></div><h2 class="battle-history">Turn 45</h2><div class="spacer battle-history"><br></div><div class="battle-history">Drapion, come back!<br></div><div class="battle-history">Go! <strong>Alomomola</strong>!<br></div><div class="battle-history"><small>Pointed stones dug into Alomomola!</small><br></div><div class="spacer battle-history"><br></div><div class="battle-history">The opposing Drapion used <strong>Knock Off</strong>!<br></div><div class="battle-history"><small>(Alomomola lost <abbr title="−39/501">7.8%</abbr> of its health!)</small><br></div><div class="spacer battle-history"><br></div><div class="battle-history"><small>The opposing Drapion was hurt by its burn!</small><br></div><div class="spacer battle-history"><br></div><div class="battle-history">The opposing Drapion fainted!<br></div><div class="spacer battle-history"><br></div><div class="battle-history">Ajna sent out <strong>Slowking</strong>!<br></div><div class="battle-history"><small>Pointed stones dug into the opposing Slowking!</small><br></div><div class="spacer battle-history"><br></div><h2 class="battle-history">Turn 46</h2><div class="spacer battle-history"><br></div><div class="battle-history">Alomomola, come back!<br></div><div class="battle-history">Go! <strong>Drapion</strong>!<br></div><div class="battle-history"><small>Pointed stones dug into Drapion!</small><br></div><div class="spacer battle-history"><br></div><div class="battle-history">The opposing Slowking used <strong>Nasty Plot</strong>!<br></div><div class="battle-history"><small>The opposing Slowking's Special Attack rose sharply!</small><br></div><div class="spacer battle-history"><br></div><div class="battle-history"><small>The opposing Slowking restored a little HP using its Leftovers!</small><br></div><div class="spacer battle-history"><br></div><h2 class="battle-history">Turn 47</h2><div class="chat"><small>Ranbu No Memes left.</small></div><div class="spacer battle-history"><br></div><div class="battle-history">Drapion used <strong>Knock Off</strong>!<br></div><div class="battle-history"><small>It's super effective!</small><br></div><div class="battle-history"><small>(The opposing Slowking lost <abbr title="−300/389">77.1%</abbr> of its health!)</small><br></div><div class="battle-history"><small>Drapion knocked off the opposing Slowking's Leftovers!</small><br></div><div class="spacer battle-history"><br></div><div class="battle-history">The opposing Slowking used <strong>Scald</strong>!<br></div><div class="battle-history"><small>(Drapion lost <abbr title="−246/281">87.5%</abbr> of its health!)</small><br></div><div class="spacer battle-history"><br></div><div class="battle-history">Drapion fainted!<br></div><div class="chat"><small>Aphrod1te ❄️ left.</small></div><div class="spacer battle-history"><br></div><div class="battle-history">Go! <strong>Flygon</strong>!<br></div><div class="battle-history"><small>Pointed stones dug into Flygon!</small><br></div><div class="spacer battle-history"><br></div><h2 class="battle-history">Turn 48</h2><div class="spacer battle-history"><br></div><div class="battle-history">Ajna withdrew Slowking!<br></div><div class="battle-history">Ajna sent out <strong>Flygon</strong>!<br></div><div class="battle-history"><small>Pointed stones dug into the opposing Flygon!</small><br></div><div class="spacer battle-history"><br></div><div class="battle-history">Flygon used <strong>Earthquake</strong>!<br></div><div class="battle-history"><small>[The opposing Flygon's Levitate]</small><br><small>It doesn't affect the opposing Flygon...</small><br></div><div class="spacer battle-history"><br></div><div class="battle-history"><small>Flygon restored a little HP using its Leftovers!</small><br></div><div class="spacer battle-history"><br></div><h2 class="battle-history">Turn 49</h2><div class="spacer battle-history"><br></div><div class="battle-history">Flygon used <strong>Defog</strong>!<br></div><div class="battle-history"><small>The opposing Flygon's evasiveness fell!</small><br></div><div class="battle-history"><small>The pointed stones disappeared from around the opposing team!</small><br></div><div class="battle-history"><small>The pointed stones disappeared from around your team!</small><br></div><div class="spacer battle-history"><br></div><div class="battle-history">The opposing Flygon used <strong>U-turn</strong>!<br></div><div class="battle-history"><small>(Flygon lost <abbr title="−70/364">19.2%</abbr> of its health!)</small><br></div><div class="spacer battle-history"><br></div><div class="battle-history">The opposing Flygon went back to Ajna!<br></div><div class="battle-history">Ajna sent out <strong>Slowking</strong>!<br></div><div class="spacer battle-history"><br></div><div class="battle-history"><small>Flygon restored a little HP using its Leftovers!</small><br></div><div class="spacer battle-history"><br></div><h2 class="battle-history">Turn 50</h2><div class="spacer battle-history"><br></div><div class="battle-history">Ajna withdrew Slowking!<br></div><div class="battle-history">Ajna sent out <strong>Venusaur</strong>!<br></div><div class="spacer battle-history"><br></div><div class="battle-history">Flygon used <strong>U-turn</strong>!<br></div><div class="battle-history"><small>A critical hit!</small><br></div><div class="battle-history"><small>(The opposing Venusaur lost <abbr title="−71/361">19.7%</abbr> of its health!)</small><br></div><div class="spacer battle-history"><br></div><div class="battle-history">Flygon went back to Coconut!<br></div><div class="battle-history">Go! <strong>Registeel</strong>!<br></div><div class="spacer battle-history"><br></div><div class="battle-history"><small>The opposing Venusaur restored a little HP using its Black Sludge!</small><br></div><div class="battle-history"><small>Registeel restored a little HP using its Leftovers!</small><br></div><div class="spacer battle-history"><br></div><h2 class="battle-history">Turn 51</h2><div class="chat"><small>Omfuga left.</small></div><div class="spacer battle-history"><br></div><div class="battle-history">The opposing Venusaur used <strong>Leech Seed</strong>!<br></div><div class="battle-history"><small>Registeel was seeded!</small><br></div><div class="spacer battle-history"><br></div><div class="battle-history">Registeel used <strong>Stealth Rock</strong>!<br></div><div class="battle-history"><small>Pointed stones float in the air around the opposing team!</small><br></div><div class="spacer battle-history"><br></div><div class="battle-history"><small>The opposing Venusaur restored a little HP using its Black Sludge!</small><br></div><div class="battle-history"><small>Registeel restored a little HP using its Leftovers!</small><br></div><div class="battle-history"><small>Registeel's health is sapped by Leech Seed!</small><br></div><div class="spacer battle-history"><br></div><h2 class="battle-history">Turn 52</h2><div class="spacer battle-history"><br></div><div class="battle-history">Ajna withdrew Venusaur!<br></div><div class="battle-history">Ajna sent out <strong>Registeel</strong>!<br></div><div class="battle-history"><small>Pointed stones dug into the opposing Registeel!</small><br></div><div class="spacer battle-history"><br></div><div class="battle-history">Registeel used <strong>Toxic</strong>!<br></div><div class="battle-history"><small>It doesn't affect the opposing Registeel...</small><br></div><div class="spacer battle-history"><br></div><div class="battle-history"><small>The opposing Registeel restored a little HP using its Leftovers!</small><br></div><div class="battle-history"><small>Registeel restored a little HP using its Leftovers!</small><br></div><div class="battle-history"><small>Registeel's health is sapped by Leech Seed!</small><br></div><div class="spacer battle-history"><br></div><h2 class="battle-history">Turn 53</h2><div class="spacer battle-history"><br></div><div class="battle-history">Registeel, come back!<br></div><div class="battle-history">Go! <strong>Alomomola</strong>!<br></div><div class="spacer battle-history"><br></div><div class="battle-history">The opposing Registeel used <strong>Stealth Rock</strong>!<br></div><div class="battle-history"><small>Pointed stones float in the air around your team!</small><br></div><div class="spacer battle-history"><br></div><div class="battle-history"><small>The opposing Registeel restored a little HP using its Leftovers!</small><br></div><div class="spacer battle-history"><br></div><h2 class="battle-history">Turn 54</h2><div class="spacer battle-history"><br></div><div class="battle-history">Alomomola used <strong>Wish</strong>!<br></div><div class="spacer battle-history"><br></div><div class="battle-history">The opposing Registeel used <strong>Toxic</strong>!<br></div><div class="battle-history"><small>Alomomola was badly poisoned!</small><br></div><div class="spacer battle-history"><br></div><div class="battle-history"><small>The opposing Registeel restored a little HP using its Leftovers!</small><br></div><div class="battle-history"><small>Alomomola was hurt by poison!</small><br></div><div class="spacer battle-history"><br></div><h2 class="battle-history">Turn 55</h2><div class="spacer battle-history"><br></div><div class="battle-history">Alomomola, come back!<br></div><div class="battle-history">Go! <strong>Flygon</strong>!<br></div><div class="battle-history"><small>Pointed stones dug into Flygon!</small><br></div><div class="spacer battle-history"><br></div><div class="battle-history">The opposing Registeel used <strong>Seismic Toss</strong>!<br></div><div class="battle-history"><small>(Flygon lost <abbr title="−100/364">27.5%</abbr> of its health!)</small><br></div><div class="spacer battle-history"><br></div><div class="battle-history"><small>Alomomola's wish came true!</small><br></div><div class="battle-history"><small>Flygon restored a little HP using its Leftovers!</small><br></div><div class="battle-history"><small>The opposing Registeel restored a little HP using its Leftovers!</small><br></div><div class="spacer battle-history"><br></div><h2 class="battle-history">Turn 56</h2><div class="spacer battle-history"><br></div><div class="battle-history">Ajna withdrew Registeel!<br></div><div class="battle-history">Ajna sent out <strong>Flygon</strong>!<br></div><div class="battle-history"><small>Pointed stones dug into the opposing Flygon!</small><br></div><div class="spacer battle-history"><br></div><div class="battle-history">Flygon used <strong>U-turn</strong>!<br></div><div class="battle-history"><small>(The opposing Flygon lost <abbr title="−69/329">21.0%</abbr> of its health!)</small><br></div><div class="spacer battle-history"><br></div><div class="battle-history">Flygon went back to Coconut!<br></div><div class="battle-history">Go! <strong>Alomomola</strong>!<br></div><div class="battle-history"><small>Pointed stones dug into Alomomola!</small><br></div><div class="spacer battle-history"><br></div><div class="battle-history"><small>Alomomola was hurt by poison!</small><br></div><div class="spacer battle-history"><br></div><h2 class="battle-history">Turn 57</h2><div class="spacer battle-history"><br></div><div class="battle-history">The opposing Flygon used <strong>U-turn</strong>!<br></div><div class="battle-history"><small>(Alomomola lost <abbr title="−56/501">11.2%</abbr> of its health!)</small><br></div><div class="spacer battle-history"><br></div><div class="battle-history">The opposing Flygon went back to Ajna!<br></div><div class="battle-history">Ajna sent out <strong>Slowking</strong>!<br></div><div class="battle-history"><small>Pointed stones dug into the opposing Slowking!</small><br></div><div class="spacer battle-history"><br></div><div class="battle-history">Alomomola used <strong>Wish</strong>!<br></div><div class="spacer battle-history"><br></div><div class="battle-history"><small>Alomomola was hurt by poison!</small><br></div><div class="spacer battle-history"><br></div><h2 class="battle-history">Turn 58</h2><div class="spacer battle-history"><br></div><div class="battle-history">Alomomola, come back!<br></div><div class="battle-history">Go! <strong>Uxie</strong>!<br></div><div class="battle-history"><small>Pointed stones dug into Uxie!</small><br></div><div class="spacer battle-history"><br></div><div class="battle-history">The opposing Slowking used <strong>Psychic</strong>!<br></div><div class="battle-history"><small>It's not very effective...</small><br></div><div class="battle-history"><small>(Uxie lost <abbr title="−17/353">4.8%</abbr> of its health!)</small><br></div><div class="spacer battle-history"><br></div><div class="battle-history">Uxie fainted!<br></div><div class="spacer battle-history"><br></div><div class="battle-history">Go! <strong>Registeel</strong>!<br></div><div class="battle-history"><small>Pointed stones dug into Registeel!</small><br></div><div class="spacer battle-history"><br></div><h2 class="battle-history">Turn 59</h2><div class="spacer battle-history"><br></div><div class="battle-history">Ajna withdrew Slowking!<br></div><div class="battle-history">Ajna sent out <strong>Venusaur</strong>!<br></div><div class="battle-history"><small>Pointed stones dug into the opposing Venusaur!</small><br></div><div class="spacer battle-history"><br></div><div class="battle-history">Registeel used <strong>Toxic</strong>!<br></div><div class="battle-history"><small>It doesn't affect the opposing Venusaur...</small><br></div><div class="spacer battle-history"><br></div><div class="battle-history"><small>The opposing Venusaur restored a little HP using its Black Sludge!</small><br></div><div class="battle-history"><small>Registeel restored a little HP using its Leftovers!</small><br></div><div class="spacer battle-history"><br></div><h2 class="battle-history">Turn 60</h2><div class="spacer battle-history"><br></div><div class="battle-history">Registeel used <strong>Protect</strong>!<br></div><div class="battle-history"><small>Registeel protected itself!</small><br></div><div class="spacer battle-history"><br></div><div class="battle-history">The opposing Venusaur used <strong>Giga Drain</strong>!<br></div><div class="battle-history"><small>Registeel protected itself!</small><br></div><div class="spacer battle-history"><br></div><div class="battle-history"><small>The opposing Venusaur restored a little HP using its Black Sludge!</small><br></div><div class="battle-history"><small>Registeel restored a little HP using its Leftovers!</small><br></div><div class="spacer battle-history"><br></div><h2 class="battle-history">Turn 61</h2><div class="spacer battle-history"><br></div><div class="battle-history">Registeel, come back!<br></div><div class="battle-history">Go! <strong>Flygon</strong>!<br></div><div class="battle-history"><small>Pointed stones dug into Flygon!</small><br></div><div class="spacer battle-history"><br></div><div class="battle-history">The opposing Venusaur used <strong>Leech Seed</strong>!<br></div><div class="battle-history"><small>Flygon was seeded!</small><br></div><div class="spacer battle-history"><br></div><div class="battle-history"><small>Flygon restored a little HP using its Leftovers!</small><br></div><div class="battle-history"><small>The opposing Venusaur restored a little HP using its Black Sludge!</small><br></div><div class="battle-history"><small>Flygon's health is sapped by Leech Seed!</small><br></div><div class="spacer battle-history"><br></div><h2 class="battle-history">Turn 62</h2><div class="spacer battle-history"><br></div><div class="battle-history">Flygon used <strong>U-turn</strong>!<br></div><div class="battle-history"><small>(The opposing Venusaur lost <abbr title="−46/361">12.7%</abbr> of its health!)</small><br></div><div class="spacer battle-history"><br></div><div class="battle-history">Flygon went back to Coconut!<br></div><div class="battle-history">Go! <strong>Registeel</strong>!<br></div><div class="battle-history"><small>Pointed stones dug into Registeel!</small><br></div><div class="spacer battle-history"><br></div><div class="battle-history">The opposing Venusaur used <strong>Leech Seed</strong>!<br></div><div class="battle-history"><small>Registeel was seeded!</small><br></div><div class="spacer battle-history"><br></div><div class="battle-history"><small>The opposing Venusaur restored a little HP using its Black Sludge!</small><br></div><div class="battle-history"><small>Registeel restored a little HP using its Leftovers!</small><br></div><div class="battle-history"><small>Registeel's health is sapped by Leech Seed!</small><br></div><div class="spacer battle-history"><br></div><h2 class="battle-history">Turn 63</h2><div class="spacer battle-history"><br></div><div class="battle-history">Ajna withdrew Venusaur!<br></div><div class="battle-history">Ajna sent out <strong>Registeel</strong>!<br></div><div class="battle-history"><small>Pointed stones dug into the opposing Registeel!</small><br></div><div class="spacer battle-history"><br></div><div class="battle-history">Registeel, come back!<br></div><div class="battle-history">Go! <strong>Flygon</strong>!<br></div><div class="battle-history"><small>Pointed stones dug into Flygon!</small><br></div><div class="spacer battle-history"><br></div><div class="battle-history"><small>Flygon restored a little HP using its Leftovers!</small><br></div><div class="battle-history"><small>The opposing Registeel restored a little HP using its Leftovers!</small><br></div><div class="spacer battle-history"><br></div><h2 class="battle-history">Turn 64</h2><div class="spacer battle-history"><br></div><div class="battle-history">Flygon, come back!<br></div><div class="battle-history">Go! <strong>Alomomola</strong>!<br></div><div class="battle-history"><small>Pointed stones dug into Alomomola!</small><br></div><div class="spacer battle-history"><br></div><div class="battle-history">The opposing Registeel used <strong>Toxic</strong>!<br></div><div class="battle-history"><small>But it failed!</small><br></div><div class="spacer battle-history"><br></div><div class="battle-history"><small>The opposing Registeel restored a little HP using its Leftovers!</small><br></div><div class="battle-history"><small>Alomomola was hurt by poison!</small><br></div><div class="spacer battle-history"><br></div><h2 class="battle-history">Turn 65</h2><div class="spacer battle-history"><br></div><div class="battle-history">Alomomola used <strong>Wish</strong>!<br></div><div class="spacer battle-history"><br></div><div class="battle-history">The opposing Registeel used <strong>Thunderbolt</strong>!<br></div><div class="battle-history"><small>It's super effective!</small><br></div><div class="battle-history"><small>(Alomomola lost <abbr title="−166/501">33.1%</abbr> of its health!)</small><br></div><div class="spacer battle-history"><br></div><div class="battle-history"><small>The opposing Registeel restored a little HP using its Leftovers!</small><br></div><div class="battle-history"><small>Alomomola was hurt by poison!</small><br></div><div class="spacer battle-history"><br></div><h2 class="battle-history">Turn 66</h2><div class="spacer battle-history"><br></div><div class="battle-history">Alomomola, come back!<br></div><div class="battle-history">Go! <strong>Registeel</strong>!<br></div><div class="battle-history"><small>Pointed stones dug into Registeel!</small><br></div><div class="spacer battle-history"><br></div><div class="battle-history">Ajna withdrew Registeel!<br></div><div class="battle-history">Ajna sent out <strong>Emboar</strong>!<br></div><div class="battle-history"><small>Pointed stones dug into the opposing Emboar!</small><br></div><div class="spacer battle-history"><br></div><div class="battle-history"><small>Alomomola's wish came true!</small><br></div><div class="spacer battle-history"><br></div><h2 class="battle-history">Turn 67</h2><div class="spacer battle-history"><br></div><div class="battle-history">Registeel, come back!<br></div><div class="battle-history">Go! <strong>Flygon</strong>!<br></div><div class="battle-history"><small>Pointed stones dug into Flygon!</small><br></div><div class="spacer battle-history"><br></div><div class="battle-history">The opposing Emboar used <strong>Superpower</strong>!<br></div><div class="battle-history"><small>(Flygon lost <abbr title="−273/364">75%</abbr> of its health!)</small><br></div><div class="battle-history"><small>The opposing Emboar's Attack fell!</small><br></div><div class="battle-history"><small>The opposing Emboar's Defense fell!</small><br></div><div class="spacer battle-history"><br></div><div class="battle-history"><small>Flygon restored a little HP using its Leftovers!</small><br></div><div class="spacer battle-history"><br></div><h2 class="battle-history">Turn 68</h2><div class="spacer battle-history"><br></div><div class="battle-history">Ajna withdrew Emboar!<br></div><div class="battle-history">Ajna sent out <strong>Slowking</strong>!<br></div><div class="battle-history"><small>Pointed stones dug into the opposing Slowking!</small><br></div><div class="spacer battle-history"><br></div><div class="battle-history">Flygon used <strong>Earthquake</strong>!<br></div><div class="battle-history"><small>(The opposing Slowking lost <abbr title="−115/389">29.6%</abbr> of its health!)</small><br></div><div class="spacer battle-history"><br></div><div class="battle-history"><small>Flygon restored a little HP using its Leftovers!</small><br></div><div class="spacer battle-history"><br></div><h2 class="battle-history">Turn 69</h2><div class="spacer battle-history"><br></div><div class="battle-history">Flygon used <strong>U-turn</strong>!<br></div><div class="battle-history"><small>It's super effective!</small><br></div><div class="battle-history"><small>(The opposing Slowking lost <abbr title="−110/389">28.3%</abbr> of its health!)</small><br></div><div class="spacer battle-history"><br></div><div class="battle-history">Flygon went back to Coconut!<br></div><div class="battle-history">Go! <strong>Registeel</strong>!<br></div><div class="battle-history"><small>Pointed stones dug into Registeel!</small><br></div><div class="spacer battle-history"><br></div><div class="battle-history">The opposing Slowking used <strong>Scald</strong>!<br></div><div class="battle-history"><small>(Registeel lost <abbr title="−66/364">18.1%</abbr> of its health!)</small><br></div><div class="spacer battle-history"><br></div><div class="battle-history"><small>Registeel restored a little HP using its Leftovers!</small><br></div><div class="spacer battle-history"><br></div><h2 class="battle-history">Turn 70</h2><div class="spacer battle-history"><br></div><div class="battle-history">Registeel, come back!<br></div><div class="battle-history">Go! <strong>Flygon</strong>!<br></div><div class="battle-history"><small>Pointed stones dug into Flygon!</small><br></div><div class="spacer battle-history"><br></div><div class="battle-history">Ajna withdrew Slowking!<br></div><div class="battle-history">Ajna sent out <strong>Venusaur</strong>!<br></div><div class="battle-history"><small>Pointed stones dug into the opposing Venusaur!</small><br></div><div class="spacer battle-history"><br></div><div class="battle-history"><small>Flygon restored a little HP using its Leftovers!</small><br></div><div class="battle-history"><small>The opposing Venusaur restored a little HP using its Black Sludge!</small><br></div><div class="spacer battle-history"><br></div><h2 class="battle-history">Turn 71</h2><div class="spacer battle-history"><br></div><div class="battle-history">Flygon used <strong>Roost</strong>!<br></div><div class="battle-history"><small>Flygon restored its HP.</small><br></div><div class="spacer battle-history"><br></div><div class="battle-history">The opposing Venusaur used <strong>Sludge Bomb</strong>!<br></div><div class="battle-history"><small>It's not very effective...</small><br></div><div class="battle-history"><small>(Flygon lost <abbr title="−61/364">16.8%</abbr> of its health!)</small><br></div><div class="spacer battle-history"><br></div><div class="battle-history"><small>Flygon restored a little HP using its Leftovers!</small><br></div><div class="battle-history"><small>The opposing Venusaur restored a little HP using its Black Sludge!</small><br></div><div class="spacer battle-history"><br></div><h2 class="battle-history">Turn 72</h2><div class="spacer battle-history"><br></div><div class="battle-history">Flygon used <strong>U-turn</strong>!<br></div><div class="battle-history"><small>(The opposing Venusaur lost <abbr title="−47/361">13.0%</abbr> of its health!)</small><br></div><div class="spacer battle-history"><br></div><div class="battle-history">Flygon went back to Coconut!<br></div><div class="battle-history">Go! <strong>Registeel</strong>!<br></div><div class="battle-history"><small>Pointed stones dug into Registeel!</small><br></div><div class="spacer battle-history"><br></div><div class="battle-history">The opposing Venusaur used <strong>Sludge Bomb</strong>!<br></div><div class="battle-history"><small>It doesn't affect Registeel...</small><br></div><div class="spacer battle-history"><br></div><div class="battle-history"><small>The opposing Venusaur restored a little HP using its Black Sludge!</small><br></div><div class="battle-history"><small>Registeel restored a little HP using its Leftovers!</small><br></div><div class="spacer battle-history"><br></div><h2 class="battle-history">Turn 73</h2><div class="spacer battle-history"><br></div><div class="battle-history">Ajna withdrew Venusaur!<br></div><div class="battle-history">Ajna sent out <strong>Flygon</strong>!<br></div><div class="battle-history"><small>Pointed stones dug into the opposing Flygon!</small><br></div><div class="spacer battle-history"><br></div><div class="battle-history">Registeel used <strong>Protect</strong>!<br></div><div class="battle-history"><small>But it failed!</small><br></div><div class="spacer battle-history"><br></div><div class="battle-history"><small>Registeel restored a little HP using its Leftovers!</small><br></div><div class="spacer battle-history"><br></div><h2 class="battle-history">Turn 74</h2><div class="spacer battle-history"><br></div><div class="battle-history">The opposing Flygon used <strong>Earthquake</strong>!<br></div><div class="battle-history"><small>It's super effective!</small><br></div><div class="battle-history"><small>(Registeel lost <abbr title="−194/364">53.3%</abbr> of its health!)</small><br></div><div class="spacer battle-history"><br></div><div class="battle-history">Registeel used <strong>Toxic</strong>!<br></div><div class="battle-history"><small>The opposing Flygon was badly poisoned!</small><br></div><div class="spacer battle-history"><br></div><div class="battle-history"><small>Registeel restored a little HP using its Leftovers!</small><br></div><div class="battle-history"><small>The opposing Flygon was hurt by poison!</small><br></div><div class="spacer battle-history"><br></div><h2 class="battle-history">Turn 75</h2><div class="spacer battle-history"><br></div><div class="battle-history">Registeel, come back!<br></div><div class="battle-history">Go! <strong>Flygon</strong>!<br></div><div class="battle-history"><small>Pointed stones dug into Flygon!</small><br></div><div class="spacer battle-history"><br></div><div class="battle-history">The opposing Flygon used <strong>Roost</strong>!<br></div><div class="battle-history"><small>The opposing Flygon restored its HP.</small><br></div><div class="spacer battle-history"><br></div><div class="battle-history"><small>Flygon restored a little HP using its Leftovers!</small><br></div><div class="battle-history"><small>The opposing Flygon was hurt by poison!</small><br></div><div class="spacer battle-history"><br></div><h2 class="battle-history">Turn 76</h2><div class="spacer battle-history"><br></div><div class="battle-history">The opposing Flygon used <strong>U-turn</strong>!<br></div><div class="battle-history"><small>(Flygon lost <abbr title="−80/364">22.0%</abbr> of its health!)</small><br></div><div class="spacer battle-history"><br></div><div class="battle-history">The opposing Flygon went back to Ajna!<br></div><div class="battle-history">Ajna sent out <strong>Venusaur</strong>!<br></div><div class="battle-history"><small>Pointed stones dug into the opposing Venusaur!</small><br></div><div class="spacer battle-history"><br></div><div class="battle-history">Flygon used <strong>Roost</strong>!<br></div><div class="battle-history"><small>Flygon restored its HP.</small><br></div><div class="spacer battle-history"><br></div><div class="battle-history"><small>Flygon restored a little HP using its Leftovers!</small><br></div><div class="battle-history"><small>The opposing Venusaur restored a little HP using its Black Sludge!</small><br></div><div class="spacer battle-history"><br></div><h2 class="battle-history">Turn 77</h2><div class="spacer battle-history"><br></div><div class="battle-history">Flygon used <strong>Earthquake</strong>!<br></div><div class="battle-history"><small>(The opposing Venusaur lost <abbr title="−93/361">25.8%</abbr> of its health!)</small><br></div><div class="spacer battle-history"><br></div><div class="battle-history">The opposing Venusaur used <strong>Leech Seed</strong>!<br></div><div class="battle-history"><small>Flygon avoided the attack!</small><br></div><div class="spacer battle-history"><br></div><div class="battle-history"><small>Flygon restored a little HP using its Leftovers!</small><br></div><div class="battle-history"><small>The opposing Venusaur restored a little HP using its Black Sludge!</small><br></div><div class="spacer battle-history"><br></div><h2 class="battle-history">Turn 78</h2><div class="spacer battle-history"><br></div><div class="battle-history">Flygon used <strong>Earthquake</strong>!<br></div><div class="battle-history"><small>(The opposing Venusaur lost <abbr title="−102/361">28.3%</abbr> of its health!)</small><br></div><div class="spacer battle-history"><br></div><div class="battle-history">The opposing Venusaur used <strong>Leech Seed</strong>!<br></div><div class="battle-history"><small>Flygon was seeded!</small><br></div><div class="spacer battle-history"><br></div><div class="battle-history"><small>Flygon restored a little HP using its Leftovers!</small><br></div><div class="battle-history"><small>The opposing Venusaur restored a little HP using its Black Sludge!</small><br></div><div class="battle-history"><small>Flygon's health is sapped by Leech Seed!</small><br></div><div class="spacer battle-history"><br></div><h2 class="battle-history">Turn 79</h2><div class="spacer battle-history"><br></div><div class="battle-history">Flygon used <strong>Earthquake</strong>!<br></div><div class="battle-history"><small>(The opposing Venusaur lost <abbr title="−93/361">25.8%</abbr> of its health!)</small><br></div><div class="spacer battle-history"><br></div><div class="battle-history">The opposing Venusaur used <strong>Leech Seed</strong>!<br></div><div class="battle-history"><small>But it failed!</small><br></div><div class="spacer battle-history"><br></div><div class="battle-history"><small>Flygon restored a little HP using its Leftovers!</small><br></div><div class="battle-history"><small>The opposing Venusaur restored a little HP using its Black Sludge!</small><br></div><div class="battle-history"><small>Flygon's health is sapped by Leech Seed!</small><br></div><div class="spacer battle-history"><br></div><h2 class="battle-history">Turn 80</h2><div class="spacer battle-history"><br></div><div class="battle-history">Flygon used <strong>U-turn</strong>!<br></div><div class="battle-history"><small>(The opposing Venusaur lost <abbr title="−51/361">14.1%</abbr> of its health!)</small><br></div><div class="spacer battle-history"><br></div><div class="battle-history">Flygon went back to Coconut!<br></div><div class="battle-history">Go! <strong>Registeel</strong>!<br></div><div class="battle-history"><small>Pointed stones dug into Registeel!</small><br></div><div class="spacer battle-history"><br></div><div class="battle-history">The opposing Venusaur used <strong>Synthesis</strong>!<br></div><div class="battle-history"><small>The opposing Venusaur restored its HP.</small><br></div><div class="spacer battle-history"><br></div><div class="battle-history"><small>The opposing Venusaur restored a little HP using its Black Sludge!</small><br></div><div class="battle-history"><small>Registeel restored a little HP using its Leftovers!</small><br></div><div class="spacer battle-history"><br></div><h2 class="battle-history">Turn 81</h2><div class="spacer battle-history"><br></div><div class="battle-history">Ajna withdrew Venusaur!<br></div><div class="battle-history">Ajna sent out <strong>Emboar</strong>!<br></div><div class="battle-history"><small>Pointed stones dug into the opposing Emboar!</small><br></div><div class="spacer battle-history"><br></div><div class="battle-history">Registeel used <strong>Protect</strong>!<br></div><div class="battle-history"><small>But it failed!</small><br></div><div class="spacer battle-history"><br></div><div class="battle-history"><small>Registeel restored a little HP using its Leftovers!</small><br></div><div class="spacer battle-history"><br></div><h2 class="battle-history">Turn 82</h2><div class="spacer battle-history"><br></div><div class="battle-history">Registeel used <strong>Protect</strong>!<br></div><div class="battle-history"><small>Registeel protected itself!</small><br></div><div class="spacer battle-history"><br></div><div class="battle-history">The opposing Emboar used <strong>Superpower</strong>!<br></div><div class="battle-history"><small>Registeel protected itself!</small><br></div><div class="spacer battle-history"><br></div><div class="battle-history"><small>Registeel restored a little HP using its Leftovers!</small><br></div><div class="spacer battle-history"><br></div><h2 class="battle-history">Turn 83</h2><div class="spacer battle-history"><br></div><div class="battle-history">Registeel, come back!<br></div><div class="battle-history">Go! <strong>Alomomola</strong>!<br></div><div class="battle-history"><small>Pointed stones dug into Alomomola!</small><br></div><div class="spacer battle-history"><br></div><div class="battle-history">The opposing Emboar used <strong>Superpower</strong>!<br></div><div class="battle-history"><small>(Alomomola lost <abbr title="−193/501">38.5%</abbr> of its health!)</small><br></div><div class="battle-history"><small>The opposing Emboar's Attack fell!</small><br></div><div class="battle-history"><small>The opposing Emboar's Defense fell!</small><br></div><div class="spacer battle-history"><br></div><div class="battle-history"><small>Alomomola was hurt by poison!</small><br></div><div class="spacer battle-history"><br></div><h2 class="battle-history">Turn 84</h2><div class="spacer battle-history"><br></div><div class="battle-history">The opposing Emboar used <strong>Superpower</strong>!<br></div><div class="battle-history"><small>(Alomomola lost <abbr title="−17/501">3.4%</abbr> of its health!)</small><br></div><div class="battle-history"><small>The opposing Emboar's Attack fell!</small><br></div><div class="battle-history"><small>The opposing Emboar's Defense fell!</small><br></div><div class="spacer battle-history"><br></div><div class="battle-history">Alomomola fainted!<br></div><div class="spacer battle-history"><br></div><div class="battle-history">Go! <strong>Flygon</strong>!<br></div><div class="battle-history"><small>Pointed stones dug into Flygon!</small><br></div><div class="spacer battle-history"><br></div><h2 class="battle-history">Turn 85</h2><div class="spacer battle-history"><br></div><div class="battle-history">Ajna withdrew Emboar!<br></div><div class="battle-history">Ajna sent out <strong>Venusaur</strong>!<br></div><div class="battle-history"><small>Pointed stones dug into the opposing Venusaur!</small><br></div><div class="spacer battle-history"><br></div><div class="battle-history">Flygon used <strong>U-turn</strong>!<br></div><div class="battle-history"><small>(The opposing Venusaur lost <abbr title="−47/361">13.0%</abbr> of its health!)</small><br></div><div class="spacer battle-history"><br></div><div class="battle-history">Flygon went back to Coconut!<br></div><div class="battle-history">Go! <strong>Registeel</strong>!<br></div><div class="battle-history"><small>Pointed stones dug into Registeel!</small><br></div><div class="spacer battle-history"><br></div><div class="battle-history"><small>The opposing Venusaur restored a little HP using its Black Sludge!</small><br></div><div class="battle-history"><small>Registeel restored a little HP using its Leftovers!</small><br></div><div class="spacer battle-history"><br></div><h2 class="battle-history">Turn 86</h2><div class="spacer battle-history"><br></div><div class="battle-history">Registeel, come back!<br></div><div class="battle-history">Go! <strong>Flygon</strong>!<br></div><div class="battle-history"><small>Pointed stones dug into Flygon!</small><br></div><div class="spacer battle-history"><br></div><div class="battle-history">The opposing Venusaur used <strong>Sludge Bomb</strong>!<br></div><div class="battle-history"><small>It's not very effective...</small><br></div><div class="battle-history"><small>(Flygon lost <abbr title="−68/364">18.7%</abbr> of its health!)</small><br></div><div class="spacer battle-history"><br></div><div class="battle-history"><small>Flygon restored a little HP using its Leftovers!</small><br></div><div class="battle-history"><small>The opposing Venusaur restored a little HP using its Black Sludge!</small><br></div><div class="spacer battle-history"><br></div><h2 class="battle-history">Turn 87</h2><div class="spacer battle-history"><br></div><div class="battle-history">Flygon used <strong>Roost</strong>!<br></div><div class="battle-history"><small>Flygon restored its HP.</small><br></div><div class="spacer battle-history"><br></div><div class="battle-history">The opposing Venusaur used <strong>Giga Drain</strong>!<br></div><div class="battle-history"><small>(Flygon lost <abbr title="−118/364">32.4%</abbr> of its health!)</small><br></div><div class="battle-history"><small>Flygon had its energy drained!</small><br></div><div class="spacer battle-history"><br></div><div class="battle-history"><small>Flygon restored a little HP using its Leftovers!</small><br></div><div class="battle-history"><small>The opposing Venusaur restored a little HP using its Black Sludge!</small><br></div><div class="spacer battle-history"><br></div><h2 class="battle-history">Turn 88</h2><div class="spacer battle-history"><br></div><div class="battle-history">Flygon used <strong>Earthquake</strong>!<br></div><div class="battle-history"><small>(The opposing Venusaur lost <abbr title="−106/361">29.4%</abbr> of its health!)</small><br></div><div class="spacer battle-history"><br></div><div class="battle-history">The opposing Venusaur used <strong>Sludge Bomb</strong>!<br></div><div class="battle-history"><small>It's not very effective...</small><br></div><div class="battle-history"><small>(Flygon lost <abbr title="−68/364">18.7%</abbr> of its health!)</small><br></div><div class="spacer battle-history"><br></div><div class="battle-history"><small>Flygon restored a little HP using its Leftovers!</small><br></div><div class="battle-history"><small>The opposing Venusaur restored a little HP using its Black Sludge!</small><br></div><div class="spacer battle-history"><br></div><h2 class="battle-history">Turn 89</h2><div class="spacer battle-history"><br></div><div class="battle-history">Flygon used <strong>Roost</strong>!<br></div><div class="battle-history"><small>Flygon restored its HP.</small><br></div><div class="spacer battle-history"><br></div><div class="battle-history">The opposing Venusaur used <strong>Sludge Bomb</strong>!<br></div><div class="battle-history"><small>It's not very effective...</small><br></div><div class="battle-history"><small>(Flygon lost <abbr title="−63/364">17.3%</abbr> of its health!)</small><br></div><div class="spacer battle-history"><br></div><div class="battle-history"><small>Flygon restored a little HP using its Leftovers!</small><br></div><div class="battle-history"><small>The opposing Venusaur restored a little HP using its Black Sludge!</small><br></div><div class="spacer battle-history"><br></div><h2 class="battle-history">Turn 90</h2><div class="spacer battle-history"><br></div><div class="battle-history">Flygon, come back!<br></div><div class="battle-history">Go! <strong>Registeel</strong>!<br></div><div class="battle-history"><small>Pointed stones dug into Registeel!</small><br></div><div class="spacer battle-history"><br></div><div class="battle-history">The opposing Venusaur used <strong>Leech Seed</strong>!<br></div><div class="battle-history"><small>Registeel was seeded!</small><br></div><div class="spacer battle-history"><br></div><div class="battle-history"><small>The opposing Venusaur restored a little HP using its Black Sludge!</small><br></div><div class="battle-history"><small>Registeel restored a little HP using its Leftovers!</small><br></div><div class="battle-history"><small>Registeel's health is sapped by Leech Seed!</small><br></div><div class="spacer battle-history"><br></div><h2 class="battle-history">Turn 91</h2><div class="spacer battle-history"><br></div><div class="battle-history">Registeel used <strong>Protect</strong>!<br></div><div class="battle-history"><small>Registeel protected itself!</small><br></div><div class="spacer battle-history"><br></div><div class="battle-history">The opposing Venusaur used <strong>Sludge Bomb</strong>!<br></div><div class="battle-history"><small>It doesn't affect Registeel...</small><br></div><div class="spacer battle-history"><br></div><div class="battle-history"><small>Registeel restored a little HP using its Leftovers!</small><br></div><div class="battle-history"><small>Registeel's health is sapped by Leech Seed!</small><br></div><div class="spacer battle-history"><br></div><h2 class="battle-history">Turn 92</h2><div class="spacer battle-history"><br></div><div class="battle-history">Registeel, come back!<br></div><div class="battle-history">Go! <strong>Flygon</strong>!<br></div><div class="battle-history"><small>Pointed stones dug into Flygon!</small><br></div><div class="spacer battle-history"><br></div><div class="battle-history">The opposing Venusaur used <strong>Sludge Bomb</strong>!<br></div><div class="battle-history"><small>It's not very effective...</small><br></div><div class="battle-history"><small>(Flygon lost <abbr title="−65/364">17.9%</abbr> of its health!)</small><br></div><div class="spacer battle-history"><br></div><div class="battle-history"><small>Flygon restored a little HP using its Leftovers!</small><br></div><div class="spacer battle-history"><br></div><h2 class="battle-history">Turn 93</h2><div class="spacer battle-history"><br></div><div class="battle-history">Flygon used <strong>U-turn</strong>!<br></div><div class="battle-history"><small>(The opposing Venusaur lost <abbr title="−46/361">12.7%</abbr> of its health!)</small><br></div><div class="spacer battle-history"><br></div><div class="battle-history">Flygon went back to Coconut!<br></div><div class="battle-history">Go! <strong>Registeel</strong>!<br></div><div class="battle-history"><small>Pointed stones dug into Registeel!</small><br></div><div class="spacer battle-history"><br></div><div class="battle-history">The opposing Venusaur used <strong>Sludge Bomb</strong>!<br></div><div class="battle-history"><small>It doesn't affect Registeel...</small><br></div><div class="spacer battle-history"><br></div><div class="battle-history"><small>The opposing Venusaur restored a little HP using its Black Sludge!</small><br></div><div class="battle-history"><small>Registeel restored a little HP using its Leftovers!</small><br></div><div class="spacer battle-history"><br></div><h2 class="battle-history">Turn 94</h2><div class="spacer battle-history"><br></div><div class="battle-history">Ajna withdrew Venusaur!<br></div><div class="battle-history">Ajna sent out <strong>Registeel</strong>!<br></div><div class="battle-history"><small>Pointed stones dug into the opposing Registeel!</small><br></div><div class="spacer battle-history"><br></div><div class="battle-history">Registeel, come back!<br></div><div class="battle-history">Go! <strong>Flygon</strong>!<br></div><div class="battle-history"><small>Pointed stones dug into Flygon!</small><br></div><div class="spacer battle-history"><br></div><div class="battle-history"><small>Flygon restored a little HP using its Leftovers!</small><br></div><div class="battle-history"><small>The opposing Registeel restored a little HP using its Leftovers!</small><br></div><div class="spacer battle-history"><br></div><h2 class="battle-history">Turn 95</h2><div class="spacer battle-history"><br></div><div class="battle-history">Flygon used <strong>U-turn</strong>!<br></div><div class="battle-history"><small>It's not very effective...</small><br></div><div class="battle-history"><small>A critical hit!</small><br></div><div class="battle-history"><small>(The opposing Registeel lost <abbr title="−27/363">7.4%</abbr> of its health!)</small><br></div><div class="spacer battle-history"><br></div><div class="battle-history">Flygon went back to Coconut!<br></div><div class="battle-history">Go! <strong>Registeel</strong>!<br></div><div class="battle-history"><small>Pointed stones dug into Registeel!</small><br></div><div class="spacer battle-history"><br></div><div class="battle-history">The opposing Registeel used <strong>Toxic</strong>!<br></div><div class="battle-history"><small>It doesn't affect Registeel...</small><br></div><div class="spacer battle-history"><br></div><div class="battle-history"><small>The opposing Registeel restored a little HP using its Leftovers!</small><br></div><div class="battle-history"><small>Registeel restored a little HP using its Leftovers!</small><br></div><div class="spacer battle-history"><br></div><h2 class="battle-history">Turn 96</h2><div class="spacer battle-history"><br></div><div class="battle-history">Registeel used <strong>Protect</strong>!<br></div><div class="battle-history"><small>Registeel protected itself!</small><br></div><div class="spacer battle-history"><br></div><div class="battle-history">The opposing Registeel used <strong>Seismic Toss</strong>!<br></div><div class="battle-history"><small>Registeel protected itself!</small><br></div><div class="spacer battle-history"><br></div><div class="battle-history"><small>The opposing Registeel restored a little HP using its Leftovers!</small><br></div><div class="battle-history"><small>Registeel restored a little HP using its Leftovers!</small><br></div><div class="spacer battle-history"><br></div><h2 class="battle-history">Turn 97</h2><div class="spacer battle-history"><br></div><div class="battle-history">The opposing Registeel used <strong>Seismic Toss</strong>!<br></div><div class="battle-history"><small>(Registeel lost <abbr title="−100/364">27.5%</abbr> of its health!)</small><br></div><div class="spacer battle-history"><br></div><div class="battle-history">Registeel used <strong>Seismic Toss</strong>!<br></div><div class="battle-history"><small>(The opposing Registeel lost <abbr title="−100/363">27.5%</abbr> of its health!)</small><br></div><div class="spacer battle-history"><br></div><div class="battle-history"><small>Registeel restored a little HP using its Leftovers!</small><br></div><div class="battle-history"><small>The opposing Registeel restored a little HP using its Leftovers!</small><br></div><div class="spacer battle-history"><br></div><h2 class="battle-history">Turn 98</h2><div class="spacer battle-history"><br></div><div class="battle-history">Registeel, come back!<br></div><div class="battle-history">Go! <strong>Flygon</strong>!<br></div><div class="battle-history"><small>Pointed stones dug into Flygon!</small><br></div><div class="spacer battle-history"><br></div><div class="battle-history">The opposing Registeel used <strong>Seismic Toss</strong>!<br></div><div class="battle-history"><small>(Flygon lost <abbr title="−100/364">27.5%</abbr> of its health!)</small><br></div><div class="spacer battle-history"><br></div><div class="battle-history"><small>Flygon restored a little HP using its Leftovers!</small><br></div><div class="battle-history"><small>The opposing Registeel restored a little HP using its Leftovers!</small><br></div><div class="spacer battle-history"><br></div><h2 class="battle-history">Turn 99</h2><div class="spacer battle-history"><br></div><div class="battle-history">Flygon used <strong>Earthquake</strong>!<br></div><div class="battle-history"><small>It's super effective!</small><br></div><div class="battle-history"><small>(The opposing Registeel lost <abbr title="−164/363">45.2%</abbr> of its health!)</small><br></div><div class="spacer battle-history"><br></div><div class="battle-history">The opposing Registeel used <strong>Toxic</strong>!<br></div><div class="battle-history"><small>Flygon was badly poisoned!</small><br></div><div class="spacer battle-history"><br></div><div class="battle-history"><small>Flygon restored a little HP using its Leftovers!</small><br></div><div class="battle-history"><small>The opposing Registeel restored a little HP using its Leftovers!</small><br></div><div class="battle-history"><small>Flygon was hurt by poison!</small><br></div><div class="spacer battle-history"><br></div><h2 class="battle-history">Turn 100</h2><div class="spacer battle-history"><br></div><div class="battle-history">Ajna withdrew Registeel!<br></div><div class="battle-history">Ajna sent out <strong>Flygon</strong>!<br></div><div class="battle-history"><small>Pointed stones dug into the opposing Flygon!</small><br></div><div class="spacer battle-history"><br></div><div class="battle-history">Flygon used <strong>Earthquake</strong>!<br></div><div class="battle-history"><small>[The opposing Flygon's Levitate]</small><br><small>It doesn't affect the opposing Flygon...</small><br></div><div class="spacer battle-history"><br></div><div class="battle-history"><small>Flygon restored a little HP using its Leftovers!</small><br></div><div class="battle-history"><small>Flygon was hurt by poison!</small><br></div><div class="battle-history"><small>The opposing Flygon was hurt by poison!</small><br></div><div class="spacer battle-history"><br></div><h2 class="battle-history">Turn 101</h2><div class="spacer battle-history"><br></div><div class="battle-history">The opposing Flygon used <strong>Roost</strong>!<br></div><div class="battle-history"><small>The opposing Flygon restored its HP.</small><br></div><div class="spacer battle-history"><br></div><div class="battle-history">Flygon used <strong>U-turn</strong>!<br></div><div class="battle-history"><small>(The opposing Flygon lost <abbr title="−63/329">19.1%</abbr> of its health!)</small><br></div><div class="spacer battle-history"><br></div><div class="battle-history">Flygon went back to Coconut!<br></div><div class="battle-history">Go! <strong>Registeel</strong>!<br></div><div class="battle-history"><small>Pointed stones dug into Registeel!</small><br></div><div class="spacer battle-history"><br></div><div class="battle-history"><small>Registeel restored a little HP using its Leftovers!</small><br></div><div class="battle-history"><small>The opposing Flygon was hurt by poison!</small><br></div><div class="spacer battle-history"><br></div><h2 class="battle-history">Turn 102</h2><div class="spacer battle-history"><br></div><div class="battle-history">Ajna withdrew Flygon!<br></div><div class="battle-history">Ajna sent out <strong>Emboar</strong>!<br></div><div class="battle-history"><small>Pointed stones dug into the opposing Emboar!</small><br></div><div class="spacer battle-history"><br></div><div class="battle-history">Registeel, come back!<br></div><div class="battle-history">Go! <strong>Flygon</strong>!<br></div><div class="battle-history"><small>Pointed stones dug into Flygon!</small><br></div><div class="spacer battle-history"><br></div><div class="battle-history"><small>Flygon restored a little HP using its Leftovers!</small><br></div><div class="battle-history"><small>Flygon was hurt by poison!</small><br></div><div class="spacer battle-history"><br></div><h2 class="battle-history">Turn 103</h2><div class="spacer battle-history"><br></div><div class="battle-history">Ajna withdrew Emboar!<br></div><div class="battle-history">Ajna sent out <strong>Venusaur</strong>!<br></div><div class="battle-history"><small>Pointed stones dug into the opposing Venusaur!</small><br></div><div class="spacer battle-history"><br></div><div class="battle-history">Flygon used <strong>Roost</strong>!<br></div><div class="battle-history"><small>Flygon restored its HP.</small><br></div><div class="spacer battle-history"><br></div><div class="battle-history"><small>Flygon restored a little HP using its Leftovers!</small><br></div><div class="battle-history"><small>The opposing Venusaur restored a little HP using its Black Sludge!</small><br></div><div class="battle-history"><small>Flygon was hurt by poison!</small><br></div><div class="spacer battle-history"><br></div><h2 class="battle-history">Turn 104</h2><div class="spacer battle-history"><br></div><div class="battle-history">Flygon, come back!<br></div><div class="battle-history">Go! <strong>Registeel</strong>!<br></div><div class="battle-history"><small>Pointed stones dug into Registeel!</small><br></div><div class="spacer battle-history"><br></div><div class="battle-history">The opposing Venusaur used <strong>Giga Drain</strong>!<br></div><div class="battle-history"><small>It's not very effective...</small><br></div><div class="battle-history"><small>(Registeel lost <abbr title="−26/364">7.1%</abbr> of its health!)</small><br></div><div class="battle-history"><small>Registeel had its energy drained!</small><br></div><div class="spacer battle-history"><br></div><div class="battle-history"><small>The opposing Venusaur restored a little HP using its Black Sludge!</small><br></div><div class="battle-history"><small>Registeel restored a little HP using its Leftovers!</small><br></div><div class="spacer battle-history"><br></div><h2 class="battle-history">Turn 105</h2><div class="spacer battle-history"><br></div><div class="battle-history">Ajna withdrew Venusaur!<br></div><div class="battle-history">Ajna sent out <strong>Emboar</strong>!<br></div><div class="battle-history"><small>Pointed stones dug into the opposing Emboar!</small><br></div><div class="spacer battle-history"><br></div><div class="battle-history">Registeel used <strong>Toxic</strong>!<br></div><div class="battle-history"><small>The opposing Emboar was badly poisoned!</small><br></div><div class="spacer battle-history"><br></div><div class="battle-history"><small>Registeel restored a little HP using its Leftovers!</small><br></div><div class="battle-history"><small>The opposing Emboar was hurt by poison!</small><br></div><div class="spacer battle-history"><br></div><h2 class="battle-history">Turn 106</h2><div class="spacer battle-history"><br></div><div class="battle-history">Registeel, come back!<br></div><div class="battle-history">Go! <strong>Flygon</strong>!<br></div><div class="battle-history"><small>Pointed stones dug into Flygon!</small><br></div><div class="spacer battle-history"><br></div><div class="battle-history">The opposing Emboar used <strong>Superpower</strong>!<br></div><div class="battle-history"><small>(Flygon lost <abbr title="−252/364">69.2%</abbr> of its health!)</small><br></div><div class="battle-history"><small>The opposing Emboar's Attack fell!</small><br></div><div class="battle-history"><small>The opposing Emboar's Defense fell!</small><br></div><div class="spacer battle-history"><br></div><div class="battle-history">Flygon fainted!<br></div><div class="spacer battle-history"><br></div><div class="battle-history"><small>The opposing Emboar was hurt by poison!</small><br></div><div class="spacer battle-history"><br></div><div class="battle-history">Go! <strong>Registeel</strong>!<br></div><div class="battle-history"><small>Pointed stones dug into Registeel!</small><br></div><div class="spacer battle-history"><br></div><h2 class="battle-history">Turn 107</h2><div class="spacer battle-history"><br></div><div class="battle-history">Registeel used <strong>Protect</strong>!<br></div><div class="battle-history"><small>Registeel protected itself!</small><br></div><div class="spacer battle-history"><br></div><div class="battle-history">The opposing Emboar used <strong>Superpower</strong>!<br></div><div class="battle-history"><small>Registeel protected itself!</small><br></div><div class="spacer battle-history"><br></div><div class="battle-history"><small>Registeel restored a little HP using its Leftovers!</small><br></div><div class="battle-history"><small>The opposing Emboar was hurt by poison!</small><br></div><div class="spacer battle-history"><br></div><h2 class="battle-history">Turn 108</h2><div class="spacer battle-history"><br></div><div class="battle-history">Registeel used <strong>Protect</strong>!<br></div><div class="battle-history"><small>Registeel protected itself!</small><br></div><div class="spacer battle-history"><br></div><div class="battle-history">The opposing Emboar used <strong>Superpower</strong>!<br></div><div class="battle-history"><small>Registeel protected itself!</small><br></div><div class="spacer battle-history"><br></div><div class="battle-history"><small>Registeel restored a little HP using its Leftovers!</small><br></div><div class="battle-history"><small>The opposing Emboar was hurt by poison!</small><br></div><div class="spacer battle-history"><br></div><div class="battle-history">The opposing Emboar fainted!<br></div><div class="spacer battle-history"><br></div><div class="battle-history">Ajna sent out <strong>Flygon</strong>!<br></div><div class="battle-history"><small>Pointed stones dug into the opposing Flygon!</small><br></div><div class="spacer battle-history"><br></div><h2 class="battle-history">Turn 109</h2><div class="spacer battle-history"><br></div><div class="battle-history">The opposing Flygon used <strong>Earthquake</strong>!<br></div><div class="battle-history"><small>It's super effective!</small><br></div><div class="battle-history"><small>(Registeel lost <abbr title="−86/364">23.6%</abbr> of its health!)</small><br></div><div class="spacer battle-history"><br></div><div class="battle-history">Registeel fainted!<br></div><div class="spacer battle-history"><br></div><div class="battle-history"><strong>Ajna</strong> won the battle!<br></div></div><div class="inner-preempt"></div></div></div>
</div>
<script>
let daily = Math.floor(Date.now()/1000/60/60/24);document.write('<script src="https://play.pokemonshowdown.com/js/replay-embed.js?version'+daily+'"></'+'script>');
</script>
