<!DOCTYPE html>
<meta charset="utf-8" />
<!-- version 1 -->
<title>RU replay: Jeran vs. sebastian109</title>
<style>
html,body {font-family:Verdana, sans-serif;font-size:10pt;margin:0;padding:0;}body{padding:12px 0;} .battle-log {font-family:Verdana, sans-serif;font-size:10pt;} .battle-log-inline {border:1px solid #AAAAAA;background:#EEF2F5;color:black;max-width:640px;margin:0 auto 80px;padding-bottom:5px;} .battle-log .inner {padding:4px 8px 0px 8px;} .battle-log .inner-preempt {padding:0 8px 4px 8px;} .battle-log .inner-after {margin-top:0.5em;} .battle-log h2 {margin:0.5em -8px;padding:4px 8px;border:1px solid #AAAAAA;background:#E0E7EA;border-left:0;border-right:0;font-family:Verdana, sans-serif;font-size:13pt;} .battle-log .chat {vertical-align:middle;padding:3px 0 3px 0;font-size:8pt;} .battle-log .chat strong {color:#40576A;} .battle-log .chat em {padding:1px 4px 1px 3px;color:#000000;font-style:normal;} .chat.mine {background:rgba(0,0,0,0.05);margin-left:-8px;margin-right:-8px;padding-left:8px;padding-right:8px;} .spoiler {color:#BBBBBB;background:#BBBBBB;padding:0px 3px;} .spoiler:hover, .spoiler:active, .spoiler-shown {color:#000000;background:#E2E2E2;padding:0px 3px;} .spoiler a {color:#BBBBBB;} .spoiler:hover a, .spoiler:active a, .spoiler-shown a {color:#2288CC;} .chat code, .chat .spoiler:hover code, .chat .spoiler:active code, .chat .spoiler-shown code {border:1px solid #C0C0C0;background:#EEEEEE;color:black;padding:0 2px;} .chat .spoiler code {border:1px solid #CCCCCC;background:#CCCCCC;color:#CCCCCC;} .battle-log .rated {padding:3px 4px;} .battle-log .rated strong {color:white;background:#89A;padding:1px 4px;border-radius:4px;} .spacer {margin-top:0.5em;} .message-announce {background:#6688AA;color:white;padding:1px 4px 2px;} .message-announce a, .broadcast-green a, .broadcast-blue a, .broadcast-red a {color:#DDEEFF;} .broadcast-green {background-color:#559955;color:white;padding:2px 4px;} .broadcast-blue {background-color:#6688AA;color:white;padding:2px 4px;} .infobox {border:1px solid #6688AA;padding:2px 4px;} .infobox-limited {max-height:200px;overflow:auto;overflow-x:hidden;} .broadcast-red {background-color:#AA5544;color:white;padding:2px 4px;} .message-learn-canlearn {font-weight:bold;color:#228822;text-decoration:underline;} .message-learn-cannotlearn {font-weight:bold;color:#CC2222;text-decoration:underline;} .message-effect-weak {font-weight:bold;color:#CC2222;} .message-effect-resist {font-weight:bold;color:#6688AA;} .message-effect-immune {font-weight:bold;color:#666666;} .message-learn-list {margin-top:0;margin-bottom:0;} .message-throttle-notice, .message-error {color:#992222;} .message-overflow, .chat small.message-overflow {font-size:0pt;} .message-overflow::before {font-size:9pt;content:'...';} .subtle {color:#3A4A66;}
</style>
<div class="wrapper replay-wrapper" style="max-width:1180px;margin:0 auto">
<input type="hidden" name="replayid" value="ru-499375148" />
<div class="battle"></div><div class="battle-log"></div><div class="replay-controls"></div><div class="replay-controls-2"></div>
<h1 style="font-weight:normal;text-align:center"><strong>RU</strong><br /><a href="http://pokemonshowdown.com/users/jeran" class="subtle" target="_blank">Jeran</a> vs. <a href="http://pokemonshowdown.com/users/sebastian109" class="subtle" target="_blank">sebastian109</a></h1>
<script type="text/plain" class="battle-log-data">|j|Jeran
|j|sebastian109
|player|p1|Jeran|91
|player|p2|sebastian109|290
|gametype|singles
|gen|6
|tier|RU
|seed|21515,43154,30333,25930
|rule|Sleep Clause Mod: Limit one foe put to sleep
|rule|Species Clause: Limit one of each Pokémon
|rule|OHKO Clause: OHKO moves are banned
|rule|Moody Clause: Moody is banned
|rule|Evasion Moves Clause: Evasion moves are banned
|rule|Endless Battle Clause: Forcing endless battles is banned
|rule|HP Percentage Mod: HP is shown in percentages
|clearpoke
|poke|p1|Sawk, M, shiny|item
|poke|p1|Sneasel, F, shiny|item
|poke|p1|Venusaur, F|item
|poke|p1|Diancie|item
|poke|p1|Flygon, M|item
|poke|p1|Slowking, F|item
|poke|p2|Slowking, M|item
|poke|p2|Drapion, F|item
|poke|p2|Camerupt, F|item
|poke|p2|Togetic, M|item
|poke|p2|Rotom-Mow|item
|poke|p2|Flygon, M|item
|rule|Swagger Clause: Swagger is banned
|rule|Baton Pass Clause: Limit one Baton Passer, can't pass Spe and other stats simultaneously
|teampreview
|j|Stats Bot
|l|Stats Bot
|j|Chessuno
|j|Sebas4906
|j|Big Fat Jellyfish
|j|jcazzi
|l|Big Fat Jellyfish
|choice|team 5, team 2, team 3, team 4, team 1, team 6|team 6, team 2, team 3, team 4, team 5, team 1
|
|start
|switch|p1a: Flygon|Flygon, M|301\/301
|switch|p2a: Flygon|Flygon, M|340\/340
|turn|1
|choice|switch 6|move uturn
|
|switch|p1a: Slowking|Slowking, F|394\/394
|move|p2a: Flygon|U-turn|p1a: Slowking
|-supereffective|p1a: Slowking
|-damage|p1a: Slowking|306\/394
|j|MightyActionX45
|choice||switch 5
|
|switch|p2a: Rotom|Rotom-Mow|241\/241
|
|upkeep
|turn|2
|choice|switch 3|move trick
|
|switch|p1a: Venusaur|Venusaur, F|301\/301
|move|p2a: Rotom|Trick|p1a: Venusaur
|-activate|p2a: Rotom|move: Trick|[of] p1a: Venusaur
|-item|p1a: Venusaur|Choice Scarf|[from] move: Trick
|-item|p2a: Rotom|Black Sludge|[from] move: Trick
|
|-damage|p2a: Rotom|211\/241|[from] item: Black Sludge
|upkeep
|turn|3
|j|Dawn505
|choice|move knockoff|move voltswitch
|
|move|p1a: Venusaur|Knock Off|p2a: Rotom
|-damage|p2a: Rotom|152\/241
|-enditem|p2a: Rotom|Black Sludge|[from] move: Knock Off|[of] p1a: Venusaur
|move|p2a: Rotom|Volt Switch|p1a: Venusaur
|-resisted|p1a: Venusaur
|-damage|p1a: Venusaur|252\/301
|choice||switch 3
|
|switch|p2a: Camerupt|Camerupt, F|343\/343
|
|upkeep
|turn|4
|choice|switch 3|move hiddenpower mega
|
|switch|p1a: Slowking|Slowking, F|394\/394
|detailschange|p2a: Camerupt|Camerupt-Mega, F
|-mega|p2a: Camerupt|Camerupt|Cameruptite
|move|p2a: Camerupt|Hidden Power|p1a: Slowking
|-resisted|p1a: Slowking
|-damage|p1a: Slowking|356\/394
|
|upkeep
|turn|5
|choice|move scald|switch 3
|
|switch|p2a: Rotom|Rotom-Mow|152\/241
|move|p1a: Slowking|Scald|p2a: Rotom
|-resisted|p2a: Rotom
|-damage|p2a: Rotom|110\/241
|-status|p2a: Rotom|brn
|
|-damage|p2a: Rotom|80\/241 brn|[from] brn
|upkeep
|turn|6
|choice|switch 3|move leafstorm
|
|switch|p1a: Venusaur|Venusaur, F|252\/301
|move|p2a: Rotom|Leaf Storm|p1a: Venusaur
|-resisted|p1a: Venusaur
|-damage|p1a: Venusaur|202\/301
|-unboost|p2a: Rotom|spa|2
|
|-damage|p2a: Rotom|50\/241 brn|[from] brn
|upkeep
|turn|7
|choice|move sludgebomb|move voltswitch
|
|move|p1a: Venusaur|Sludge Bomb|p2a: Rotom
|-supereffective|p2a: Rotom
|-damage|p2a: Rotom|0 fnt
|faint|p2a: Rotom
|
|upkeep
|choice||switch 2
|
|switch|p2a: Drapion|Drapion, F|282\/282
|turn|8
|choice|switch 6|move knockoff
|
|switch|p1a: Flygon|Flygon, M|301\/301
|move|p2a: Drapion|Knock Off|p1a: Flygon
|-damage|p1a: Flygon|141\/301
|-enditem|p1a: Flygon|Choice Band|[from] move: Knock Off|[of] p2a: Drapion
|
|upkeep
|turn|9
|choice|move uturn|switch 6
|
|switch|p2a: Slowking|Slowking, M|394\/394
|move|p1a: Flygon|U-turn|p2a: Slowking
|-supereffective|p2a: Slowking
|-damage|p2a: Slowking|284\/394
|choice|switch 2|
|
|switch|p1a: Sneasel|Sneasel, F, shiny|251\/251
|
|-heal|p2a: Slowking|308\/394|[from] item: Leftovers
|upkeep
|turn|10
|choice|move knockoff|switch 3
|
|switch|p2a: Camerupt|Camerupt-Mega, F|343\/343
|move|p1a: Sneasel|Knock Off|p2a: Camerupt
|-damage|p2a: Camerupt|222\/343
|-damage|p1a: Sneasel|226\/251|[from] item: Life Orb
|
|upkeep
|turn|11
|choice|switch 3|move fireblast
|
|switch|p1a: Slowking|Slowking, F|394\/394
|move|p2a: Camerupt|Fire Blast|p1a: Slowking
|-resisted|p1a: Slowking
|-damage|p1a: Slowking|247\/394
|
|upkeep
|turn|12
|choice|move scald|switch 3
|
|switch|p2a: Slowking|Slowking, M|394\/394
|move|p1a: Slowking|Scald|p2a: Slowking
|-resisted|p2a: Slowking
|-damage|p2a: Slowking|350\/394
|
|-heal|p2a: Slowking|374\/394|[from] item: Leftovers
|upkeep
|turn|13
|j|sezuru
|choice|switch 4|move calmmind
|
|switch|p1a: Diancie|Diancie|303\/303
|move|p2a: Slowking|Calm Mind|p2a: Slowking
|-boost|p2a: Slowking|spa|1
|-boost|p2a: Slowking|spd|1
|
|-heal|p2a: Slowking|394\/394|[from] item: Leftovers
|upkeep
|turn|14
|choice|move toxic|move scald
|
|move|p1a: Diancie|Toxic|p2a: Slowking
|-status|p2a: Slowking|tox
|move|p2a: Slowking|Scald|p1a: Diancie
|-supereffective|p1a: Diancie
|-damage|p1a: Diancie|159\/303
|
|-heal|p1a: Diancie|177\/303|[from] item: Leftovers
|-damage|p2a: Slowking|370\/394 tox|[from] psn
|upkeep
|turn|15
|j|pradhaaan✿公主
|choice|move stealthrock|move scald
|
|move|p1a: Diancie|Stealth Rock|p2a: Slowking
|-sidestart|p2: sebastian109|move: Stealth Rock
|move|p2a: Slowking|Scald|p1a: Diancie
|-supereffective|p1a: Diancie
|-damage|p1a: Diancie|31\/303
|
|-heal|p1a: Diancie|49\/303|[from] item: Leftovers
|-heal|p2a: Slowking|394\/394 tox|[from] item: Leftovers
|-damage|p2a: Slowking|346\/394 tox|[from] psn
|upkeep
|turn|16
|choice|switch 4|move psyshock
|
|switch|p1a: Slowking|Slowking, F|378\/394
|move|p2a: Slowking|Psyshock|p1a: Slowking
|-resisted|p1a: Slowking
|-damage|p1a: Slowking|321\/394
|
|-heal|p2a: Slowking|370\/394 tox|[from] item: Leftovers
|-damage|p2a: Slowking|298\/394 tox|[from] psn
|upkeep
|turn|17
|choice|move scald|switch 5
|
|switch|p2a: Flygon|Flygon, M|340\/340
|-damage|p2a: Flygon|319\/340|[from] Stealth Rock
|move|p1a: Slowking|Scald|p2a: Flygon
|-crit|p2a: Flygon
|-damage|p2a: Flygon|141\/340
|-status|p2a: Flygon|brn
|
|-heal|p2a: Flygon|162\/340 brn|[from] item: Leftovers
|-damage|p2a: Flygon|120\/340 brn|[from] brn
|upkeep
|turn|18
|c|★sebastian109|hahahah'
|choice|switch 3|move defog
|
|switch|p1a: Sneasel|Sneasel, F, shiny|226\/251
|move|p2a: Flygon|Defog|p1a: Sneasel
|-unboost|p1a: Sneasel|evasion|1
|-sideend|p2: sebastian109|Stealth Rock|[from] move: Defog|[of] p2a: Flygon
|
|-heal|p2a: Flygon|141\/340 brn|[from] item: Leftovers
|-damage|p2a: Flygon|99\/340 brn|[from] brn
|upkeep
|turn|19
|choice|move knockoff|move uturn
|
|move|p1a: Sneasel|Knock Off|p2a: Flygon
|-damage|p2a: Flygon|0 fnt
|-enditem|p2a: Flygon|Leftovers|[from] move: Knock Off|[of] p1a: Sneasel
|-damage|p1a: Sneasel|201\/251|[from] item: Life Orb
|faint|p2a: Flygon
|
|upkeep
|choice||switch 3
|
|switch|p2a: Camerupt|Camerupt-Mega, F|222\/343
|turn|20
|choice|switch 3|move earthpower
|
|switch|p1a: Slowking|Slowking, F|394\/394
|move|p2a: Camerupt|Earth Power|p1a: Slowking
|-damage|p1a: Slowking|184\/394
|
|upkeep
|turn|21
|choice|move scald|switch 6
|
|switch|p2a: Drapion|Drapion, F|282\/282
|move|p1a: Slowking|Scald|p2a: Drapion
|-damage|p2a: Drapion|170\/282
|
|upkeep
|turn|22
|choice|switch 2|move swordsdance
|
|switch|p1a: Flygon|Flygon, M|141\/301
|move|p2a: Drapion|Swords Dance|p2a: Drapion
|-boost|p2a: Drapion|atk|2
|
|upkeep
|turn|23
|choice|move earthquake|move knockoff
|
|move|p1a: Flygon|Earthquake|p2a: Drapion
|-supereffective|p2a: Drapion
|-damage|p2a: Drapion|0 fnt
|faint|p2a: Drapion
|
|upkeep
|-message|sebastian109 forfeited.
|
|win|Jeran
|player|p1
|player|p2
|l|sebastian109
|l|Sebas4906
|l|Jeran
|l|Chessuno
|l|MightyActionX45
|l|sezuru
|l|jcazzi
|l|Dawn505</script>
</div>
<div class="battle-log battle-log-inline"><div class="inner"><div class="battle-options"></div><div class="inner"><div class="chat"><small>Jeran joined.</small></div><div class="chat"><small>sebastian109 joined.</small></div><div class=""><small>Format:</small> <br><strong>RU</strong></div><div class=""><small><em>Sleep Clause Mod:</em> Limit one foe put to sleep</small></div><div class=""><small><em>Species Clause:</em> Limit one of each Pokémon</small></div><div class=""><small><em>OHKO Clause:</em> OHKO moves are banned</small></div><div class=""><small><em>Moody Clause:</em> Moody is banned</small></div><div class=""><small><em>Evasion Moves Clause:</em> Evasion moves are banned</small></div><div class=""><small><em>Endless Battle Clause:</em> Forcing endless battles is banned</small></div><div class=""><small><em>HP Percentage Mod:</em> HP is shown in percentages</small></div><div class=""><small><em>Swagger Clause:</em> Swagger is banned</small></div><div class=""><small><em>Baton Pass Clause:</em> Limit one Baton Passer, can't pass Spe and other stats simultaneously</small></div><div class="chat battle-history"><strong>Jeran's team:</strong> <em style="color:#445566;display:block;">Sawk / Sneasel / Venusaur / Diancie / Flygon / Slowking</em></div><div class="chat battle-history"><strong>sebastian109's team:</strong> <em style="color:#445566;display:block;">Slowking / Drapion / Camerupt / Togetic / Rotom-Mow / Flygon</em></div><div class="chat"><small>Stats Bot joined.</small></div><div class="chat"><small>Stats Bot left.</small></div><div class="chat"><small>Chessuno joined.</small></div><div class="chat"><small>Sebas4906 joined.</small></div><div class="chat"><small>Big Fat Jellyfish joined.</small></div><div class="chat"><small>jcazzi joined.</small></div><div class="chat"><small>Big Fat Jellyfish left.</small></div><div class="spacer battle-history"><br></div><div class="battle-history">Battle started between Jeran and sebastian109!<br></div><div class="spacer battle-history"><br></div><div class="battle-history">Go! <strong>Flygon</strong>!<br></div><div class="spacer battle-history"><br></div><div class="battle-history">sebastian109 sent out <strong>Flygon</strong>!<br></div><div class="spacer battle-history"><br></div><h2 class="battle-history">Turn 1</h2><div class="spacer battle-history"><br></div><div class="battle-history">Flygon, come back!<br></div><div class="battle-history">Go! <strong>Slowking</strong>!<br></div><div class="spacer battle-history"><br></div><div class="battle-history">The opposing Flygon used <strong>U-turn</strong>!<br></div><div class="battle-history"><small>It's super effective!</small><br></div><div class="battle-history"><small>(Slowking lost <abbr title="−88/394">22.3%</abbr> of its health!)</small><br></div><div class="chat"><small>MightyActionX45 joined.</small></div><div class="spacer battle-history"><br></div><div class="battle-history">The opposing Flygon went back to sebastian109!<br></div><div class="battle-history">sebastian109 sent out Rotom (<strong>Rotom-Mow</strong>)!<br></div><div class="spacer battle-history"><br></div><h2 class="battle-history">Turn 2</h2><div class="spacer battle-history"><br></div><div class="battle-history">Slowking, come back!<br></div><div class="battle-history">Go! <strong>Venusaur</strong>!<br></div><div class="spacer battle-history"><br></div><div class="battle-history">The opposing Rotom used <strong>Trick</strong>!<br></div><div class="battle-history"><small>The opposing Rotom switched items with its target!</small><br></div><div class="battle-history"><small>Venusaur obtained one Choice Scarf.</small><br></div><div class="battle-history"><small>The opposing Rotom obtained one Black Sludge.</small><br></div><div class="spacer battle-history"><br></div><div class="battle-history"><small>The opposing Rotom is hurt by its Black Sludge!</small><br></div><div class="spacer battle-history"><br></div><h2 class="battle-history">Turn 3</h2><div class="chat"><small>Dawn505 joined.</small></div><div class="spacer battle-history"><br></div><div class="battle-history">Venusaur used <strong>Knock Off</strong>!<br></div><div class="battle-history"><small>(The opposing Rotom lost <abbr title="−59/241">24.5%</abbr> of its health!)</small><br></div><div class="battle-history"><small>Venusaur knocked off the opposing Rotom's Black Sludge!</small><br></div><div class="spacer battle-history"><br></div><div class="battle-history">The opposing Rotom used <strong>Volt Switch</strong>!<br></div><div class="battle-history"><small>It's not very effective...</small><br></div><div class="battle-history"><small>(Venusaur lost <abbr title="−49/301">16.3%</abbr> of its health!)</small><br></div><div class="spacer battle-history"><br></div><div class="battle-history">The opposing Rotom went back to sebastian109!<br></div><div class="battle-history">sebastian109 sent out <strong>Camerupt</strong>!<br></div><div class="spacer battle-history"><br></div><h2 class="battle-history">Turn 4</h2><div class="spacer battle-history"><br></div><div class="battle-history">Venusaur, come back!<br></div><div class="battle-history">Go! <strong>Slowking</strong>!<br></div><div class="spacer battle-history"><br></div><div class="battle-history"><small>The opposing Camerupt's Cameruptite is reacting to sebastian109's Mega Bracelet!</small><br>The opposing Camerupt has Mega Evolved into Mega Camerupt!<br></div><div class="spacer battle-history"><br></div><div class="battle-history">The opposing Camerupt used <strong>Hidden Power</strong>!<br></div><div class="battle-history"><small>It's not very effective...</small><br></div><div class="battle-history"><small>(Slowking lost <abbr title="−38/394">9.6%</abbr> of its health!)</small><br></div><div class="spacer battle-history"><br></div><h2 class="battle-history">Turn 5</h2><div class="spacer battle-history"><br></div><div class="battle-history">sebastian109 withdrew Camerupt!<br></div><div class="battle-history">sebastian109 sent out Rotom (<strong>Rotom-Mow</strong>)!<br></div><div class="spacer battle-history"><br></div><div class="battle-history">Slowking used <strong>Scald</strong>!<br></div><div class="battle-history"><small>It's not very effective...</small><br></div><div class="battle-history"><small>(The opposing Rotom lost <abbr title="−42/241">17.4%</abbr> of its health!)</small><br></div><div class="battle-history"><small>The opposing Rotom was burned!</small><br></div><div class="spacer battle-history"><br></div><div class="battle-history"><small>The opposing Rotom was hurt by its burn!</small><br></div><div class="spacer battle-history"><br></div><h2 class="battle-history">Turn 6</h2><div class="spacer battle-history"><br></div><div class="battle-history">Slowking, come back!<br></div><div class="battle-history">Go! <strong>Venusaur</strong>!<br></div><div class="spacer battle-history"><br></div><div class="battle-history">The opposing Rotom used <strong>Leaf Storm</strong>!<br></div><div class="battle-history"><small>It's not very effective...</small><br></div><div class="battle-history"><small>(Venusaur lost <abbr title="−50/301">16.6%</abbr> of its health!)</small><br></div><div class="battle-history"><small>The opposing Rotom's Special Attack fell harshly!</small><br></div><div class="spacer battle-history"><br></div><div class="battle-history"><small>The opposing Rotom was hurt by its burn!</small><br></div><div class="spacer battle-history"><br></div><h2 class="battle-history">Turn 7</h2><div class="spacer battle-history"><br></div><div class="battle-history">Venusaur used <strong>Sludge Bomb</strong>!<br></div><div class="battle-history"><small>It's super effective!</small><br></div><div class="battle-history"><small>(The opposing Rotom lost <abbr title="−50/241">20.7%</abbr> of its health!)</small><br></div><div class="spacer battle-history"><br></div><div class="battle-history">The opposing Rotom fainted!<br></div><div class="spacer battle-history"><br></div><div class="battle-history">sebastian109 sent out <strong>Drapion</strong>!<br></div><div class="spacer battle-history"><br></div><h2 class="battle-history">Turn 8</h2><div class="spacer battle-history"><br></div><div class="battle-history">Venusaur, come back!<br></div><div class="battle-history">Go! <strong>Flygon</strong>!<br></div><div class="spacer battle-history"><br></div><div class="battle-history">The opposing Drapion used <strong>Knock Off</strong>!<br></div><div class="battle-history"><small>(Flygon lost <abbr title="−160/301">53.2%</abbr> of its health!)</small><br></div><div class="battle-history"><small>The opposing Drapion knocked off Flygon's Choice Band!</small><br></div><div class="spacer battle-history"><br></div><h2 class="battle-history">Turn 9</h2><div class="spacer battle-history"><br></div><div class="battle-history">sebastian109 withdrew Drapion!<br></div><div class="battle-history">sebastian109 sent out <strong>Slowking</strong>!<br></div><div class="spacer battle-history"><br></div><div class="battle-history">Flygon used <strong>U-turn</strong>!<br></div><div class="battle-history"><small>It's super effective!</small><br></div><div class="battle-history"><small>(The opposing Slowking lost <abbr title="−110/394">27.9%</abbr> of its health!)</small><br></div><div class="spacer battle-history"><br></div><div class="battle-history">Flygon went back to Jeran!<br></div><div class="battle-history">Go! <strong>Sneasel</strong>!<br></div><div class="spacer battle-history"><br></div><div class="battle-history"><small>The opposing Slowking restored a little HP using its Leftovers!</small><br></div><div class="spacer battle-history"><br></div><h2 class="battle-history">Turn 10</h2><div class="spacer battle-history"><br></div><div class="battle-history">sebastian109 withdrew Slowking!<br></div><div class="battle-history">sebastian109 sent out Camerupt (<strong>Camerupt-Mega</strong>)!<br></div><div class="spacer battle-history"><br></div><div class="battle-history">Sneasel used <strong>Knock Off</strong>!<br></div><div class="battle-history"><small>(The opposing Camerupt lost <abbr title="−121/343">35.3%</abbr> of its health!)</small><br></div><div class="battle-history"><small>Sneasel lost some of its HP!</small><br></div><div class="spacer battle-history"><br></div><h2 class="battle-history">Turn 11</h2><div class="spacer battle-history"><br></div><div class="battle-history">Sneasel, come back!<br></div><div class="battle-history">Go! <strong>Slowking</strong>!<br></div><div class="spacer battle-history"><br></div><div class="battle-history">The opposing Camerupt used <strong>Fire Blast</strong>!<br></div><div class="battle-history"><small>It's not very effective...</small><br></div><div class="battle-history"><small>(Slowking lost <abbr title="−147/394">37.3%</abbr> of its health!)</small><br></div><div class="spacer battle-history"><br></div><h2 class="battle-history">Turn 12</h2><div class="spacer battle-history"><br></div><div class="battle-history">sebastian109 withdrew Camerupt!<br></div><div class="battle-history">sebastian109 sent out <strong>Slowking</strong>!<br></div><div class="spacer battle-history"><br></div><div class="battle-history">Slowking used <strong>Scald</strong>!<br></div><div class="battle-history"><small>It's not very effective...</small><br></div><div class="battle-history"><small>(The opposing Slowking lost <abbr title="−44/394">11.2%</abbr> of its health!)</small><br></div><div class="spacer battle-history"><br></div><div class="battle-history"><small>The opposing Slowking restored a little HP using its Leftovers!</small><br></div><div class="spacer battle-history"><br></div><h2 class="battle-history">Turn 13</h2><div class="chat"><small>sezuru joined.</small></div><div class="spacer battle-history"><br></div><div class="battle-history">Slowking, come back!<br></div><div class="battle-history">Go! <strong>Diancie</strong>!<br></div><div class="spacer battle-history"><br></div><div class="battle-history">The opposing Slowking used <strong>Calm Mind</strong>!<br></div><div class="battle-history"><small>The opposing Slowking's Special Attack rose!</small><br></div><div class="battle-history"><small>The opposing Slowking's Special Defense rose!</small><br></div><div class="spacer battle-history"><br></div><div class="battle-history"><small>The opposing Slowking restored a little HP using its Leftovers!</small><br></div><div class="spacer battle-history"><br></div><h2 class="battle-history">Turn 14</h2><div class="spacer battle-history"><br></div><div class="battle-history">Diancie used <strong>Toxic</strong>!<br></div><div class="battle-history"><small>The opposing Slowking was badly poisoned!</small><br></div><div class="spacer battle-history"><br></div><div class="battle-history">The opposing Slowking used <strong>Scald</strong>!<br></div><div class="battle-history"><small>It's super effective!</small><br></div><div class="battle-history"><small>(Diancie lost <abbr title="−144/303">47.5%</abbr> of its health!)</small><br></div><div class="spacer battle-history"><br></div><div class="battle-history"><small>Diancie restored a little HP using its Leftovers!</small><br></div><div class="battle-history"><small>The opposing Slowking was hurt by poison!</small><br></div><div class="spacer battle-history"><br></div><h2 class="battle-history">Turn 15</h2><div class="chat"><small>pradhaaan✿公主 joined.</small></div><div class="spacer battle-history"><br></div><div class="battle-history">Diancie used <strong>Stealth Rock</strong>!<br></div><div class="battle-history"><small>Pointed stones float in the air around the opposing team!</small><br></div><div class="spacer battle-history"><br></div><div class="battle-history">The opposing Slowking used <strong>Scald</strong>!<br></div><div class="battle-history"><small>It's super effective!</small><br></div><div class="battle-history"><small>(Diancie lost <abbr title="−146/303">48.2%</abbr> of its health!)</small><br></div><div class="spacer battle-history"><br></div><div class="battle-history"><small>Diancie restored a little HP using its Leftovers!</small><br></div><div class="battle-history"><small>The opposing Slowking restored a little HP using its Leftovers!</small><br></div><div class="battle-history"><small>The opposing Slowking was hurt by poison!</small><br></div><div class="spacer battle-history"><br></div><h2 class="battle-history">Turn 16</h2><div class="spacer battle-history"><br></div><div class="battle-history">Diancie, come back!<br></div><div class="battle-history">Go! <strong>Slowking</strong>!<br></div><div class="spacer battle-history"><br></div><div class="battle-history">The opposing Slowking used <strong>Psyshock</strong>!<br></div><div class="battle-history"><small>It's not very effective...</small><br></div><div class="battle-history"><small>(Slowking lost <abbr title="−57/394">14.5%</abbr> of its health!)</small><br></div><div class="spacer battle-history"><br></div><div class="battle-history"><small>The opposing Slowking restored a little HP using its Leftovers!</small><br></div><div class="battle-history"><small>The opposing Slowking was hurt by poison!</small><br></div><div class="spacer battle-history"><br></div><h2 class="battle-history">Turn 17</h2><div class="spacer battle-history"><br></div><div class="battle-history">sebastian109 withdrew Slowking!<br></div><div class="battle-history">sebastian109 sent out <strong>Flygon</strong>!<br></div><div class="battle-history"><small>Pointed stones dug into the opposing Flygon!</small><br></div><div class="spacer battle-history"><br></div><div class="battle-history">Slowking used <strong>Scald</strong>!<br></div><div class="battle-history"><small>A critical hit!</small><br></div><div class="battle-history"><small>(The opposing Flygon lost <abbr title="−178/340">52.4%</abbr> of its health!)</small><br></div><div class="battle-history"><small>The opposing Flygon was burned!</small><br></div><div class="spacer battle-history"><br></div><div class="battle-history"><small>The opposing Flygon restored a little HP using its Leftovers!</small><br></div><div class="battle-history"><small>The opposing Flygon was hurt by its burn!</small><br></div><div class="spacer battle-history"><br></div><h2 class="battle-history">Turn 18</h2><div class="chat chatmessage-sebastian109"><strong style="color:hsl(313,65%,45%)"><small>★</small><span class="username" data-name="sebastian109">sebastian109</span>:</strong> <em>hahahah'</em></div><div class="spacer battle-history"><br></div><div class="battle-history">Slowking, come back!<br></div><div class="battle-history">Go! <strong>Sneasel</strong>!<br></div><div class="spacer battle-history"><br></div><div class="battle-history">The opposing Flygon used <strong>Defog</strong>!<br></div><div class="battle-history"><small>Sneasel's evasiveness fell!</small><br></div><div class="battle-history"><small>The pointed stones disappeared from around the opposing team!</small><br></div><div class="spacer battle-history"><br></div><div class="battle-history"><small>The opposing Flygon restored a little HP using its Leftovers!</small><br></div><div class="battle-history"><small>The opposing Flygon was hurt by its burn!</small><br></div><div class="spacer battle-history"><br></div><h2 class="battle-history">Turn 19</h2><div class="spacer battle-history"><br></div><div class="battle-history">Sneasel used <strong>Knock Off</strong>!<br></div><div class="battle-history"><small>(The opposing Flygon lost <abbr title="−99/340">29.1%</abbr> of its health!)</small><br></div><div class="battle-history"><small>Sneasel knocked off the opposing Flygon's Leftovers!</small><br></div><div class="battle-history"><small>Sneasel lost some of its HP!</small><br></div><div class="spacer battle-history"><br></div><div class="battle-history">The opposing Flygon fainted!<br></div><div class="spacer battle-history"><br></div><div class="battle-history">sebastian109 sent out Camerupt (<strong>Camerupt-Mega</strong>)!<br></div><div class="spacer battle-history"><br></div><h2 class="battle-history">Turn 20</h2><div class="spacer battle-history"><br></div><div class="battle-history">Sneasel, come back!<br></div><div class="battle-history">Go! <strong>Slowking</strong>!<br></div><div class="spacer battle-history"><br></div><div class="battle-history">The opposing Camerupt used <strong>Earth Power</strong>!<br></div><div class="battle-history"><small>(Slowking lost <abbr title="−210/394">53.3%</abbr> of its health!)</small><br></div><div class="spacer battle-history"><br></div><h2 class="battle-history">Turn 21</h2><div class="spacer battle-history"><br></div><div class="battle-history">sebastian109 withdrew Camerupt!<br></div><div class="battle-history">sebastian109 sent out <strong>Drapion</strong>!<br></div><div class="spacer battle-history"><br></div><div class="battle-history">Slowking used <strong>Scald</strong>!<br></div><div class="battle-history"><small>(The opposing Drapion lost <abbr title="−112/282">39.7%</abbr> of its health!)</small><br></div><div class="spacer battle-history"><br></div><h2 class="battle-history">Turn 22</h2><div class="spacer battle-history"><br></div><div class="battle-history">Slowking, come back!<br></div><div class="battle-history">Go! <strong>Flygon</strong>!<br></div><div class="spacer battle-history"><br></div><div class="battle-history">The opposing Drapion used <strong>Swords Dance</strong>!<br></div><div class="battle-history"><small>The opposing Drapion's Attack rose sharply!</small><br></div><div class="spacer battle-history"><br></div><h2 class="battle-history">Turn 23</h2><div class="spacer battle-history"><br></div><div class="battle-history">Flygon used <strong>Earthquake</strong>!<br></div><div class="battle-history"><small>It's super effective!</small><br></div><div class="battle-history"><small>(The opposing Drapion lost <abbr title="−170/282">60.3%</abbr> of its health!)</small><br></div><div class="spacer battle-history"><br></div><div class="battle-history">The opposing Drapion fainted!<br></div><div class="spacer battle-history"><br></div><div class="battle-history"><small>sebastian109 forfeited.</small><br></div><div class="spacer battle-history"><br></div><div class="battle-history"><strong>Jeran</strong> won the battle!<br></div><div class="chat"><small>sebastian109 left.</small></div><div class="chat"><small>Sebas4906 left.</small></div><div class="chat"><small>Jeran left.</small></div><div class="chat"><small>Chessuno left.</small></div><div class="chat"><small>MightyActionX45 left.</small></div><div class="chat"><small>sezuru left.</small></div><div class="chat"><small>jcazzi left.</small></div><div class="chat"><small>Dawn505 left.</small></div></div><div class="inner-preempt"></div></div></div>
</div>
<script>
let daily = Math.floor(Date.now()/1000/60/60/24);document.write('<script src="https://play.pokemonshowdown.com/js/replay-embed.js?version'+daily+'"></'+'script>');
</script>
