<!DOCTYPE html>
<meta charset="utf-8" />
<!-- version 1 -->
<title>RU replay: MetalGro$$$$$$$$ vs. sam i yam</title>
<style>
html,body {font-family:Verdana, sans-serif;font-size:10pt;margin:0;padding:0;}body{padding:12px 0;} .battle-log {font-family:Verdana, sans-serif;font-size:10pt;} .battle-log-inline {border:1px solid #AAAAAA;background:#EEF2F5;color:black;max-width:640px;margin:0 auto 80px;padding-bottom:5px;} .battle-log .inner {padding:4px 8px 0px 8px;} .battle-log .inner-preempt {padding:0 8px 4px 8px;} .battle-log .inner-after {margin-top:0.5em;} .battle-log h2 {margin:0.5em -8px;padding:4px 8px;border:1px solid #AAAAAA;background:#E0E7EA;border-left:0;border-right:0;font-family:Verdana, sans-serif;font-size:13pt;} .battle-log .chat {vertical-align:middle;padding:3px 0 3px 0;font-size:8pt;} .battle-log .chat strong {color:#40576A;} .battle-log .chat em {padding:1px 4px 1px 3px;color:#000000;font-style:normal;} .chat.mine {background:rgba(0,0,0,0.05);margin-left:-8px;margin-right:-8px;padding-left:8px;padding-right:8px;} .spoiler {color:#BBBBBB;background:#BBBBBB;padding:0px 3px;} .spoiler:hover, .spoiler:active, .spoiler-shown {color:#000000;background:#E2E2E2;padding:0px 3px;} .spoiler a {color:#BBBBBB;} .spoiler:hover a, .spoiler:active a, .spoiler-shown a {color:#2288CC;} .chat code, .chat .spoiler:hover code, .chat .spoiler:active code, .chat .spoiler-shown code {border:1px solid #C0C0C0;background:#EEEEEE;color:black;padding:0 2px;} .chat .spoiler code {border:1px solid #CCCCCC;background:#CCCCCC;color:#CCCCCC;} .battle-log .rated {padding:3px 4px;} .battle-log .rated strong {color:white;background:#89A;padding:1px 4px;border-radius:4px;} .spacer {margin-top:0.5em;} .message-announce {background:#6688AA;color:white;padding:1px 4px 2px;} .message-announce a, .broadcast-green a, .broadcast-blue a, .broadcast-red a {color:#DDEEFF;} .broadcast-green {background-color:#559955;color:white;padding:2px 4px;} .broadcast-blue {background-color:#6688AA;color:white;padding:2px 4px;} .infobox {border:1px solid #6688AA;padding:2px 4px;} .infobox-limited {max-height:200px;overflow:auto;overflow-x:hidden;} .broadcast-red {background-color:#AA5544;color:white;padding:2px 4px;} .message-learn-canlearn {font-weight:bold;color:#228822;text-decoration:underline;} .message-learn-cannotlearn {font-weight:bold;color:#CC2222;text-decoration:underline;} .message-effect-weak {font-weight:bold;color:#CC2222;} .message-effect-resist {font-weight:bold;color:#6688AA;} .message-effect-immune {font-weight:bold;color:#666666;} .message-learn-list {margin-top:0;margin-bottom:0;} .message-throttle-notice, .message-error {color:#992222;} .message-overflow, .chat small.message-overflow {font-size:0pt;} .message-overflow::before {font-size:9pt;content:'...';} .subtle {color:#3A4A66;}
</style>
<div class="wrapper replay-wrapper" style="max-width:1180px;margin:0 auto">
<input type="hidden" name="replayid" value="smogtours-ru-288087" />
<div class="battle"></div><div class="battle-log"></div><div class="replay-controls"></div><div class="replay-controls-2"></div>
<h1 style="font-weight:normal;text-align:center"><strong>RU</strong><br /><a href="http://pokemonshowdown.com/users/metalgro" class="subtle" target="_blank">MetalGro$$$$$$$$</a> vs. <a href="http://pokemonshowdown.com/users/samiyam" class="subtle" target="_blank">sam i yam</a></h1>
<script type="text/plain" class="battle-log-data">|J|MetalGro$$$$$$$$
|J|sam i yam
|player|p1|MetalGro$$$$$$$$|64
|teamsize|p1|6
|player|p2|sam i yam|266
|teamsize|p2|6
|gametype|singles
|gen|6
|tier|RU
|seed|29520,39193,14913,4608
|rule|Sleep Clause Mod: Limit one foe put to sleep
|rule|Species Clause: Limit one of each Pokémon
|rule|OHKO Clause: OHKO moves are banned
|rule|Moody Clause: Moody is banned
|rule|Evasion Moves Clause: Evasion moves are banned
|rule|Endless Battle Clause: Forcing endless battles is banned
|rule|HP Percentage Mod: HP is shown in percentages
|clearpoke
|poke|p1|Escavalier, M|item
|poke|p1|Diancie, shiny|item
|poke|p1|Sigilyph, M|item
|poke|p1|Poliwrath, M|item
|poke|p1|Fletchinder, M|
|poke|p1|Flygon, M, shiny|item
|poke|p2|Virizion|item
|poke|p2|Diancie|item
|poke|p2|Slowking, M|item
|poke|p2|Meloetta|item
|poke|p2|Absol, F|item
|poke|p2|Flygon, M|item
|rule|Swagger Clause: Swagger is banned
|rule|Baton Pass Clause: Limit one Baton Passer, can't pass Spe and other stats simultaneously
|teampreview
|J|Mindnight(‽)
|L|Mindnight(‽)
|choice|team 1, team 2, team 3, team 4, team 5, team 6|team 2, team 1, team 3, team 4, team 5, team 6
|
|start
|switch|p1a: charging the void|Escavalier, M|343\/343
|switch|p2a: Diancie|Diancie|303\/303
|turn|1
|choice|move swordsdance|move stealthrock
|
|move|p2a: Diancie|Stealth Rock|p1a: charging the void
|-sidestart|p1: MetalGro$$$$$$$$|move: Stealth Rock
|move|p1a: charging the void|Swords Dance|p1a: charging the void
|-boost|p1a: charging the void|atk|2
|
|upkeep
|turn|2
|J|Mervis
|L|Mervis
|choice|move drillrun|move earthpower
|
|move|p2a: Diancie|Earth Power|p1a: charging the void
|-damage|p1a: charging the void|269\/343
|move|p1a: charging the void|Drill Run|p2a: Diancie
|-supereffective|p2a: Diancie
|-enditem|p2a: Diancie|Shuca Berry|[eat]
|-enditem|p2a: Diancie|Shuca Berry|[weaken]
|-damage|p2a: Diancie|177\/303
|
|-heal|p1a: charging the void|290\/343|[from] item: Leftovers
|upkeep
|turn|3
|choice|move drillrun|move earthpower
|
|move|p2a: Diancie|Earth Power|p1a: charging the void
|-damage|p1a: charging the void|215\/343
|move|p1a: charging the void|Drill Run|p2a: Diancie
|-supereffective|p2a: Diancie
|-damage|p2a: Diancie|0 fnt
|faint|p2a: Diancie
|
|-heal|p1a: charging the void|236\/343|[from] item: Leftovers
|upkeep
|choice||switch 5
|
|switch|p2a: Absol|Absol, F|271\/271
|turn|4
|choice|move protect|move knockoff
|
|move|p1a: charging the void|Protect|p1a: charging the void
|-singleturn|p1a: charging the void|Protect
|move|p2a: Absol|Knock Off|p1a: charging the void
|-activate|p1a: charging the void|move: Protect
|
|-heal|p1a: charging the void|257\/343|[from] item: Leftovers
|upkeep
|turn|5
|choice|move megahorn|move knockoff
|
|move|p2a: Absol|Knock Off|p1a: charging the void
|-damage|p1a: charging the void|31\/343
|-enditem|p1a: charging the void|Leftovers|[from] move: Knock Off|[of] p2a: Absol
|move|p1a: charging the void|Megahorn|p2a: Absol
|-supereffective|p2a: Absol
|-damage|p2a: Absol|0 fnt
|faint|p2a: Absol
|
|upkeep
|c|☆sam i yam|forgot attack evs :(
|choice||switch 2
|
|switch|p2a: Virizion|Virizion|323\/323
|turn|6
|c|☆MetalGro$$$$$$$$|:(
|choice|move megahorn|move closecombat
|
|move|p2a: Virizion|Close Combat|p1a: charging the void
|-damage|p1a: charging the void|0 fnt
|-unboost|p2a: Virizion|def|1
|-unboost|p2a: Virizion|spd|1
|faint|p1a: charging the void
|
|upkeep
|J|Obliviate
|choice|switch 6|
|
|switch|p1a: pteropticon|Flygon, M, shiny|343\/343
|-damage|p1a: pteropticon|322\/343|[from] Stealth Rock
|turn|7
|choice|move defog|move closecombat
|
|move|p2a: Virizion|Close Combat|p1a: pteropticon
|-damage|p1a: pteropticon|138\/343
|-unboost|p2a: Virizion|def|1
|-unboost|p2a: Virizion|spd|1
|move|p1a: pteropticon|Defog|p2a: Virizion
|-unboost|p2a: Virizion|evasion|1
|-sideend|p1: MetalGro$$$$$$$$|Stealth Rock|[from] move: Defog|[of] p1a: pteropticon
|
|-heal|p1a: pteropticon|159\/343|[from] item: Leftovers
|upkeep
|turn|8
|choice|move uturn|move closecombat
|
|move|p2a: Virizion|Close Combat|p1a: pteropticon
|-damage|p1a: pteropticon|0 fnt
|-unboost|p2a: Virizion|def|1
|-unboost|p2a: Virizion|spd|1
|faint|p1a: pteropticon
|
|upkeep
|choice|switch 5|
|
|switch|p1a: collapse|Fletchinder, M|303\/303
|turn|9
|J|Lcans
|choice|switch 3|switch 3
|
|switch|p2a: Slowking|Slowking, M|389\/389
|switch|p1a: psychotropia|Sigilyph, M|348\/348
|
|-status|p1a: psychotropia|brn|[from] item: Flame Orb
|upkeep
|turn|10
|choice|move calmmind|move calmmind
|
|move|p1a: psychotropia|Calm Mind|p1a: psychotropia
|-boost|p1a: psychotropia|spa|1
|-boost|p1a: psychotropia|spd|1
|move|p2a: Slowking|Calm Mind|p2a: Slowking
|-boost|p2a: Slowking|spa|1
|-boost|p2a: Slowking|spd|1
|
|upkeep
|turn|11
|choice|move psychoshift|move calmmind
|
|move|p1a: psychotropia|Psycho Shift|p2a: Slowking
|-status|p2a: Slowking|brn
|-curestatus|p1a: psychotropia|brn|[msg]
|move|p2a: Slowking|Calm Mind|p2a: Slowking
|-boost|p2a: Slowking|spa|1
|-boost|p2a: Slowking|spd|1
|
|-damage|p2a: Slowking|341\/389 brn|[from] brn
|-status|p1a: psychotropia|brn|[from] item: Flame Orb
|upkeep
|turn|12
|choice|move calmmind|move calmmind
|
|move|p1a: psychotropia|Calm Mind|p1a: psychotropia
|-boost|p1a: psychotropia|spa|1
|-boost|p1a: psychotropia|spd|1
|move|p2a: Slowking|Calm Mind|p2a: Slowking
|-boost|p2a: Slowking|spa|1
|-boost|p2a: Slowking|spd|1
|
|-heal|p2a: Slowking|365\/389 brn|[from] item: Leftovers
|-damage|p2a: Slowking|317\/389 brn|[from] brn
|upkeep
|turn|13
|choice|move airslash|move calmmind
|
|move|p1a: psychotropia|Air Slash|p2a: Slowking
|-damage|p2a: Slowking|253\/389 brn
|move|p2a: Slowking|Calm Mind|p2a: Slowking
|-boost|p2a: Slowking|spa|1
|-boost|p2a: Slowking|spd|1
|
|-heal|p2a: Slowking|277\/389 brn|[from] item: Leftovers
|-damage|p2a: Slowking|229\/389 brn|[from] brn
|upkeep
|turn|14
|choice|move airslash|move slackoff
|
|move|p1a: psychotropia|Air Slash|p2a: Slowking
|-damage|p2a: Slowking|177\/389 brn
|move|p2a: Slowking|Slack Off|p2a: Slowking
|-heal|p2a: Slowking|372\/389 brn
|
|-heal|p2a: Slowking|389\/389 brn|[from] item: Leftovers
|-damage|p2a: Slowking|341\/389 brn|[from] brn
|upkeep
|turn|15
|choice|move airslash|move psyshock
|
|move|p1a: psychotropia|Air Slash|p2a: Slowking
|-damage|p2a: Slowking|281\/389 brn
|cant|p2a: Slowking|flinch
|
|-heal|p2a: Slowking|305\/389 brn|[from] item: Leftovers
|-damage|p2a: Slowking|257\/389 brn|[from] brn
|upkeep
|turn|16
|choice|move airslash|move slackoff
|
|move|p1a: psychotropia|Air Slash|p2a: Slowking
|-damage|p2a: Slowking|197\/389 brn
|cant|p2a: Slowking|flinch
|
|-heal|p2a: Slowking|221\/389 brn|[from] item: Leftovers
|-damage|p2a: Slowking|173\/389 brn|[from] brn
|upkeep
|turn|17
|choice|move airslash|move slackoff
|
|move|p1a: psychotropia|Air Slash|p2a: Slowking
|-damage|p2a: Slowking|122\/389 brn
|move|p2a: Slowking|Slack Off|p2a: Slowking
|-heal|p2a: Slowking|317\/389 brn
|
|-heal|p2a: Slowking|341\/389 brn|[from] item: Leftovers
|-damage|p2a: Slowking|293\/389 brn|[from] brn
|upkeep
|turn|18
|choice|move airslash|move calmmind
|
|move|p1a: psychotropia|Air Slash|p2a: Slowking
|-damage|p2a: Slowking|233\/389 brn
|cant|p2a: Slowking|flinch
|
|-heal|p2a: Slowking|257\/389 brn|[from] item: Leftovers
|-damage|p2a: Slowking|209\/389 brn|[from] brn
|upkeep
|turn|19
|choice|switch 4|move slackoff
|
|switch|p1a: ultimate artificer|Poliwrath, M|383\/383
|move|p2a: Slowking|Slack Off|p2a: Slowking
|-heal|p2a: Slowking|389\/389 brn
|
|-damage|p2a: Slowking|341\/389 brn|[from] brn
|upkeep
|turn|20
|choice|move substitute|move psyshock
|
|move|p1a: ultimate artificer|Substitute|p1a: ultimate artificer
|-start|p1a: ultimate artificer|Substitute
|-damage|p1a: ultimate artificer|288\/383
|move|p2a: Slowking|Psyshock|p1a: ultimate artificer
|-supereffective|p1a: ultimate artificer
|-crit|p1a: ultimate artificer
|-end|p1a: ultimate artificer|Substitute
|
|-heal|p1a: ultimate artificer|311\/383|[from] item: Leftovers
|-heal|p2a: Slowking|365\/389 brn|[from] item: Leftovers
|-damage|p2a: Slowking|317\/389 brn|[from] brn
|upkeep
|turn|21
|choice|move substitute|move psyshock
|
|move|p1a: ultimate artificer|Substitute|p1a: ultimate artificer
|-start|p1a: ultimate artificer|Substitute
|-damage|p1a: ultimate artificer|216\/383
|move|p2a: Slowking|Psyshock|p1a: ultimate artificer
|-supereffective|p1a: ultimate artificer
|-end|p1a: ultimate artificer|Substitute
|
|-heal|p1a: ultimate artificer|239\/383|[from] item: Leftovers
|-heal|p2a: Slowking|341\/389 brn|[from] item: Leftovers
|-damage|p2a: Slowking|293\/389 brn|[from] brn
|upkeep
|turn|22
|choice|move substitute|move psyshock
|
|move|p1a: ultimate artificer|Substitute|p1a: ultimate artificer
|-start|p1a: ultimate artificer|Substitute
|-damage|p1a: ultimate artificer|144\/383
|move|p2a: Slowking|Psyshock|p1a: ultimate artificer
|-supereffective|p1a: ultimate artificer
|-end|p1a: ultimate artificer|Substitute
|
|-heal|p1a: ultimate artificer|167\/383|[from] item: Leftovers
|-heal|p2a: Slowking|317\/389 brn|[from] item: Leftovers
|-damage|p2a: Slowking|269\/389 brn|[from] brn
|upkeep
|turn|23
|choice|move substitute|move psyshock
|
|move|p1a: ultimate artificer|Substitute|p1a: ultimate artificer
|-start|p1a: ultimate artificer|Substitute
|-damage|p1a: ultimate artificer|72\/383
|move|p2a: Slowking|Psyshock|p1a: ultimate artificer
|-supereffective|p1a: ultimate artificer
|-end|p1a: ultimate artificer|Substitute
|
|-heal|p1a: ultimate artificer|95\/383|[from] item: Leftovers
|-heal|p2a: Slowking|293\/389 brn|[from] item: Leftovers
|-damage|p2a: Slowking|245\/389 brn|[from] brn
|upkeep
|turn|24
|choice|move waterfall|move psyshock
|
|move|p1a: ultimate artificer|Waterfall|p2a: Slowking
|-resisted|p2a: Slowking
|-damage|p2a: Slowking|199\/389 brn
|move|p2a: Slowking|Psyshock|p1a: ultimate artificer
|-supereffective|p1a: ultimate artificer
|-damage|p1a: ultimate artificer|0 fnt
|faint|p1a: ultimate artificer
|
|-heal|p2a: Slowking|223\/389 brn|[from] item: Leftovers
|-damage|p2a: Slowking|175\/389 brn|[from] brn
|upkeep
|choice|switch 3|
|
|switch|p1a: collapse|Fletchinder, M|303\/303
|turn|25
|choice|move swordsdance|move scald
|
|move|p1a: collapse|Swords Dance|p1a: collapse
|-boost|p1a: collapse|atk|2
|move|p2a: Slowking|Scald|p1a: collapse
|-supereffective|p1a: collapse
|-damage|p1a: collapse|0 fnt
|faint|p1a: collapse
|
|-heal|p2a: Slowking|199\/389 brn|[from] item: Leftovers
|-damage|p2a: Slowking|151\/389 brn|[from] brn
|upkeep
|J|Neutral Zone (‽)
|choice|switch 2|
|
|switch|p1a: liquid crystal dis|Diancie, shiny|303\/303
|turn|26
|J|prajpran.-.
|choice|move diamondstorm|move slackoff
|
|move|p1a: liquid crystal dis|Diamond Storm|p2a: Slowking
|-damage|p2a: Slowking|51\/389 brn
|-boost|p1a: liquid crystal dis|def|1
|move|p2a: Slowking|Slack Off|p2a: Slowking
|-heal|p2a: Slowking|246\/389 brn
|
|-heal|p2a: Slowking|270\/389 brn|[from] item: Leftovers
|-damage|p2a: Slowking|222\/389 brn|[from] brn
|upkeep
|turn|27
|choice|move diamondstorm|move slackoff
|
|move|p1a: liquid crystal dis|Diamond Storm|p2a: Slowking
|-damage|p2a: Slowking|119\/389 brn
|-boost|p1a: liquid crystal dis|def|1
|move|p2a: Slowking|Slack Off|p2a: Slowking
|-heal|p2a: Slowking|314\/389 brn
|
|-heal|p2a: Slowking|338\/389 brn|[from] item: Leftovers
|-damage|p2a: Slowking|290\/389 brn|[from] brn
|upkeep
|turn|28
|choice|move moonblast|move scald
|
|move|p1a: liquid crystal dis|Moonblast|p2a: Slowking
|-damage|p2a: Slowking|253\/389 brn
|move|p2a: Slowking|Scald|p1a: liquid crystal dis
|-supereffective|p1a: liquid crystal dis
|-damage|p1a: liquid crystal dis|0 fnt
|faint|p1a: liquid crystal dis
|
|-heal|p2a: Slowking|277\/389 brn|[from] item: Leftovers
|-damage|p2a: Slowking|229\/389 brn|[from] brn
|upkeep
|choice|switch 4|
|
|switch|p1a: psychotropia|Sigilyph, M|348\/348 brn
|turn|29
|choice|move calmmind|move scald
|
|move|p1a: psychotropia|Calm Mind|p1a: psychotropia
|-boost|p1a: psychotropia|spa|1
|-boost|p1a: psychotropia|spd|1
|move|p2a: Slowking|Scald|p1a: psychotropia
|-damage|p1a: psychotropia|111\/348 brn
|
|-heal|p2a: Slowking|253\/389 brn|[from] item: Leftovers
|-damage|p2a: Slowking|205\/389 brn|[from] brn
|upkeep
|turn|30
|choice|move roost|move scald
|
|move|p1a: psychotropia|Roost|p1a: psychotropia
|-heal|p1a: psychotropia|285\/348 brn
|move|p2a: Slowking|Scald|p1a: psychotropia
|-damage|p1a: psychotropia|59\/348 brn
|
|-heal|p2a: Slowking|229\/389 brn|[from] item: Leftovers
|-damage|p2a: Slowking|181\/389 brn|[from] brn
|upkeep
|turn|31
|choice|move airslash|move scald
|
|move|p1a: psychotropia|Air Slash|p2a: Slowking
|-damage|p2a: Slowking|141\/389 brn
|move|p2a: Slowking|Scald|p1a: psychotropia
|-damage|p1a: psychotropia|0 fnt
|faint|p1a: psychotropia
|
|win|sam i yam</script>
</div>
<div class="battle-log battle-log-inline"><div class="inner"><div class="battle-options"></div><div class="inner"><div class=""><small>Format:</small> <br><strong>RU</strong></div><div class=""><small><em>Sleep Clause Mod:</em> Limit one foe put to sleep</small></div><div class=""><small><em>Species Clause:</em> Limit one of each Pokémon</small></div><div class=""><small><em>OHKO Clause:</em> OHKO moves are banned</small></div><div class=""><small><em>Moody Clause:</em> Moody is banned</small></div><div class=""><small><em>Evasion Moves Clause:</em> Evasion moves are banned</small></div><div class=""><small><em>Endless Battle Clause:</em> Forcing endless battles is banned</small></div><div class=""><small><em>HP Percentage Mod:</em> HP is shown in percentages</small></div><div class=""><small><em>Swagger Clause:</em> Swagger is banned</small></div><div class=""><small><em>Baton Pass Clause:</em> Limit one Baton Passer, can't pass Spe and other stats simultaneously</small></div><div class="chat battle-history"><strong>MetalGro$$$$$$$$'s team:</strong> <em style="color:#445566;display:block;">Escavalier / Diancie / Sigilyph / Poliwrath / Fletchinder / Flygon</em></div><div class="chat battle-history"><strong>sam i yam's team:</strong> <em style="color:#445566;display:block;">Virizion / Diancie / Slowking / Meloetta / Absol / Flygon</em></div><div class="spacer battle-history"><br></div><div class="battle-history">Battle started between MetalGro$$$$ and sam i yam!<br></div><div class="spacer battle-history"><br></div><div class="battle-history">Go! charging the void (<strong>Escavalier</strong>)!<br></div><div class="spacer battle-history"><br></div><div class="battle-history">sam i yam sent out <strong>Diancie</strong>!<br></div><div class="spacer battle-history"><br></div><h2 class="battle-history">Turn 1</h2><div class="spacer battle-history"><br></div><div class="battle-history">The opposing Diancie used <strong>Stealth Rock</strong>!<br></div><div class="battle-history"><small>Pointed stones float in the air around your team!</small><br></div><div class="spacer battle-history"><br></div><div class="battle-history">charging the void used <strong>Swords Dance</strong>!<br></div><div class="battle-history"><small>charging the void's Attack rose sharply!</small><br></div><div class="spacer battle-history"><br></div><h2 class="battle-history">Turn 2</h2><div class="spacer battle-history"><br></div><div class="battle-history">The opposing Diancie used <strong>Earth Power</strong>!<br></div><div class="battle-history"><small>(charging the void lost <abbr title="−74/343">21.6%</abbr> of its health!)</small><br></div><div class="spacer battle-history"><br></div><div class="battle-history">charging the void used <strong>Drill Run</strong>!<br></div><div class="battle-history"><small>It's super effective!</small><br></div><div class="battle-history"><small>The opposing Diancie ate its Shuca Berry!</small><br></div><div class="battle-history"><small>The Shuca Berry weakened the damage to the opposing Diancie!</small><br></div><div class="battle-history"><small>(The opposing Diancie lost <abbr title="−126/303">41.6%</abbr> of its health!)</small><br></div><div class="spacer battle-history"><br></div><div class="battle-history"><small>charging the void restored a little HP using its Leftovers!</small><br></div><div class="spacer battle-history"><br></div><h2 class="battle-history">Turn 3</h2><div class="spacer battle-history"><br></div><div class="battle-history">The opposing Diancie used <strong>Earth Power</strong>!<br></div><div class="battle-history"><small>(charging the void lost <abbr title="−75/343">21.9%</abbr> of its health!)</small><br></div><div class="spacer battle-history"><br></div><div class="battle-history">charging the void used <strong>Drill Run</strong>!<br></div><div class="battle-history"><small>It's super effective!</small><br></div><div class="battle-history"><small>(The opposing Diancie lost <abbr title="−177/303">58.4%</abbr> of its health!)</small><br></div><div class="spacer battle-history"><br></div><div class="battle-history">The opposing Diancie fainted!<br></div><div class="spacer battle-history"><br></div><div class="battle-history"><small>charging the void restored a little HP using its Leftovers!</small><br></div><div class="spacer battle-history"><br></div><div class="battle-history">sam i yam sent out <strong>Absol</strong>!<br></div><div class="spacer battle-history"><br></div><h2 class="battle-history">Turn 4</h2><div class="spacer battle-history"><br></div><div class="battle-history">charging the void used <strong>Protect</strong>!<br></div><div class="battle-history"><small>charging the void protected itself!</small><br></div><div class="spacer battle-history"><br></div><div class="battle-history">The opposing Absol used <strong>Knock Off</strong>!<br></div><div class="battle-history"><small>charging the void protected itself!</small><br></div><div class="spacer battle-history"><br></div><div class="battle-history"><small>charging the void restored a little HP using its Leftovers!</small><br></div><div class="spacer battle-history"><br></div><h2 class="battle-history">Turn 5</h2><div class="spacer battle-history"><br></div><div class="battle-history">The opposing Absol used <strong>Knock Off</strong>!<br></div><div class="battle-history"><small>(charging the void lost <abbr title="−226/343">65.9%</abbr> of its health!)</small><br></div><div class="battle-history"><small>The opposing Absol knocked off charging the void's Leftovers!</small><br></div><div class="spacer battle-history"><br></div><div class="battle-history">charging the void used <strong>Megahorn</strong>!<br></div><div class="battle-history"><small>It's super effective!</small><br></div><div class="battle-history"><small>(The opposing Absol lost <abbr title="−271/271">100%</abbr> of its health!)</small><br></div><div class="spacer battle-history"><br></div><div class="battle-history">The opposing Absol fainted!<br></div><div class="chat chatmessage-samiyam"><strong style="color:hsl(335,87%,44%)"><small>☆</small><span class="username" data-name="sam i yam">sam i yam</span>:</strong> <em>forgot attack evs :(</em></div><div class="spacer battle-history"><br></div><div class="battle-history">sam i yam sent out <strong>Virizion</strong>!<br></div><div class="spacer battle-history"><br></div><h2 class="battle-history">Turn 6</h2><div class="chat chatmessage-metalgro"><strong style="color:hsl(74,72%,36.545780311326716%)"><small>☆</small><span class="username" data-name="MetalGro$$$$$$$$">MetalGro$$$$$$$$</span>:</strong> <em>:(</em></div><div class="spacer battle-history"><br></div><div class="battle-history">The opposing Virizion used <strong>Close Combat</strong>!<br></div><div class="battle-history"><small>(charging the void lost <abbr title="−31/343">9.0%</abbr> of its health!)</small><br></div><div class="battle-history"><small>The opposing Virizion's Defense fell!</small><br></div><div class="battle-history"><small>The opposing Virizion's Special Defense fell!</small><br></div><div class="spacer battle-history"><br></div><div class="battle-history">charging the void fainted!<br></div><div class="spacer battle-history"><br></div><div class="battle-history">Go! pteropticon (<strong>Flygon</strong>)!<br></div><div class="battle-history"><small>Pointed stones dug into pteropticon!</small><br></div><div class="spacer battle-history"><br></div><h2 class="battle-history">Turn 7</h2><div class="spacer battle-history"><br></div><div class="battle-history">The opposing Virizion used <strong>Close Combat</strong>!<br></div><div class="battle-history"><small>(pteropticon lost <abbr title="−184/343">53.6%</abbr> of its health!)</small><br></div><div class="battle-history"><small>The opposing Virizion's Defense fell!</small><br></div><div class="battle-history"><small>The opposing Virizion's Special Defense fell!</small><br></div><div class="spacer battle-history"><br></div><div class="battle-history">pteropticon used <strong>Defog</strong>!<br></div><div class="battle-history"><small>The opposing Virizion's evasiveness fell!</small><br></div><div class="battle-history"><small>The pointed stones disappeared from around your team!</small><br></div><div class="spacer battle-history"><br></div><div class="battle-history"><small>pteropticon restored a little HP using its Leftovers!</small><br></div><div class="spacer battle-history"><br></div><h2 class="battle-history">Turn 8</h2><div class="spacer battle-history"><br></div><div class="battle-history">The opposing Virizion used <strong>Close Combat</strong>!<br></div><div class="battle-history"><small>(pteropticon lost <abbr title="−159/343">46.4%</abbr> of its health!)</small><br></div><div class="battle-history"><small>The opposing Virizion's Defense fell!</small><br></div><div class="battle-history"><small>The opposing Virizion's Special Defense fell!</small><br></div><div class="spacer battle-history"><br></div><div class="battle-history">pteropticon fainted!<br></div><div class="spacer battle-history"><br></div><div class="battle-history">Go! collapse (<strong>Fletchinder</strong>)!<br></div><div class="spacer battle-history"><br></div><h2 class="battle-history">Turn 9</h2><div class="spacer battle-history"><br></div><div class="battle-history">sam i yam withdrew Virizion!<br></div><div class="battle-history">sam i yam sent out <strong>Slowking</strong>!<br></div><div class="spacer battle-history"><br></div><div class="battle-history">collapse, come back!<br></div><div class="battle-history">Go! psychotropia (<strong>Sigilyph</strong>)!<br></div><div class="spacer battle-history"><br></div><div class="battle-history"><small>psychotropia was burned!</small><br></div><div class="spacer battle-history"><br></div><h2 class="battle-history">Turn 10</h2><div class="spacer battle-history"><br></div><div class="battle-history">psychotropia used <strong>Calm Mind</strong>!<br></div><div class="battle-history"><small>psychotropia's Special Attack rose!</small><br></div><div class="battle-history"><small>psychotropia's Special Defense rose!</small><br></div><div class="spacer battle-history"><br></div><div class="battle-history">The opposing Slowking used <strong>Calm Mind</strong>!<br></div><div class="battle-history"><small>The opposing Slowking's Special Attack rose!</small><br></div><div class="battle-history"><small>The opposing Slowking's Special Defense rose!</small><br></div><div class="spacer battle-history"><br></div><h2 class="battle-history">Turn 11</h2><div class="spacer battle-history"><br></div><div class="battle-history">psychotropia used <strong>Psycho Shift</strong>!<br></div><div class="battle-history"><small>The opposing Slowking was burned!</small><br></div><div class="battle-history"><small>psychotropia's burn was healed.</small><br></div><div class="spacer battle-history"><br></div><div class="battle-history">The opposing Slowking used <strong>Calm Mind</strong>!<br></div><div class="battle-history"><small>The opposing Slowking's Special Attack rose!</small><br></div><div class="battle-history"><small>The opposing Slowking's Special Defense rose!</small><br></div><div class="spacer battle-history"><br></div><div class="battle-history"><small>The opposing Slowking was hurt by its burn!</small><br></div><div class="battle-history"><small>psychotropia was burned!</small><br></div><div class="spacer battle-history"><br></div><h2 class="battle-history">Turn 12</h2><div class="spacer battle-history"><br></div><div class="battle-history">psychotropia used <strong>Calm Mind</strong>!<br></div><div class="battle-history"><small>psychotropia's Special Attack rose!</small><br></div><div class="battle-history"><small>psychotropia's Special Defense rose!</small><br></div><div class="spacer battle-history"><br></div><div class="battle-history">The opposing Slowking used <strong>Calm Mind</strong>!<br></div><div class="battle-history"><small>The opposing Slowking's Special Attack rose!</small><br></div><div class="battle-history"><small>The opposing Slowking's Special Defense rose!</small><br></div><div class="spacer battle-history"><br></div><div class="battle-history"><small>The opposing Slowking restored a little HP using its Leftovers!</small><br></div><div class="battle-history"><small>The opposing Slowking was hurt by its burn!</small><br></div><div class="spacer battle-history"><br></div><h2 class="battle-history">Turn 13</h2><div class="spacer battle-history"><br></div><div class="battle-history">psychotropia used <strong>Air Slash</strong>!<br></div><div class="battle-history"><small>(The opposing Slowking lost <abbr title="−64/389">16.5%</abbr> of its health!)</small><br></div><div class="spacer battle-history"><br></div><div class="battle-history">The opposing Slowking used <strong>Calm Mind</strong>!<br></div><div class="battle-history"><small>The opposing Slowking's Special Attack rose!</small><br></div><div class="battle-history"><small>The opposing Slowking's Special Defense rose!</small><br></div><div class="spacer battle-history"><br></div><div class="battle-history"><small>The opposing Slowking restored a little HP using its Leftovers!</small><br></div><div class="battle-history"><small>The opposing Slowking was hurt by its burn!</small><br></div><div class="spacer battle-history"><br></div><h2 class="battle-history">Turn 14</h2><div class="spacer battle-history"><br></div><div class="battle-history">psychotropia used <strong>Air Slash</strong>!<br></div><div class="battle-history"><small>(The opposing Slowking lost <abbr title="−52/389">13.4%</abbr> of its health!)</small><br></div><div class="spacer battle-history"><br></div><div class="battle-history">The opposing Slowking used <strong>Slack Off</strong>!<br></div><div class="battle-history"><small>The opposing Slowking restored its HP.</small><br></div><div class="spacer battle-history"><br></div><div class="battle-history"><small>The opposing Slowking restored a little HP using its Leftovers!</small><br></div><div class="battle-history"><small>The opposing Slowking was hurt by its burn!</small><br></div><div class="spacer battle-history"><br></div><h2 class="battle-history">Turn 15</h2><div class="spacer battle-history"><br></div><div class="battle-history">psychotropia used <strong>Air Slash</strong>!<br></div><div class="battle-history"><small>(The opposing Slowking lost <abbr title="−60/389">15.4%</abbr> of its health!)</small><br></div><div class="spacer battle-history"><br></div><div class="battle-history">The opposing Slowking flinched and couldn't move!<br></div><div class="spacer battle-history"><br></div><div class="battle-history"><small>The opposing Slowking restored a little HP using its Leftovers!</small><br></div><div class="battle-history"><small>The opposing Slowking was hurt by its burn!</small><br></div><div class="spacer battle-history"><br></div><h2 class="battle-history">Turn 16</h2><div class="spacer battle-history"><br></div><div class="battle-history">psychotropia used <strong>Air Slash</strong>!<br></div><div class="battle-history"><small>(The opposing Slowking lost <abbr title="−60/389">15.4%</abbr> of its health!)</small><br></div><div class="spacer battle-history"><br></div><div class="battle-history">The opposing Slowking flinched and couldn't move!<br></div><div class="spacer battle-history"><br></div><div class="battle-history"><small>The opposing Slowking restored a little HP using its Leftovers!</small><br></div><div class="battle-history"><small>The opposing Slowking was hurt by its burn!</small><br></div><div class="spacer battle-history"><br></div><h2 class="battle-history">Turn 17</h2><div class="spacer battle-history"><br></div><div class="battle-history">psychotropia used <strong>Air Slash</strong>!<br></div><div class="battle-history"><small>(The opposing Slowking lost <abbr title="−51/389">13.1%</abbr> of its health!)</small><br></div><div class="spacer battle-history"><br></div><div class="battle-history">The opposing Slowking used <strong>Slack Off</strong>!<br></div><div class="battle-history"><small>The opposing Slowking restored its HP.</small><br></div><div class="spacer battle-history"><br></div><div class="battle-history"><small>The opposing Slowking restored a little HP using its Leftovers!</small><br></div><div class="battle-history"><small>The opposing Slowking was hurt by its burn!</small><br></div><div class="spacer battle-history"><br></div><h2 class="battle-history">Turn 18</h2><div class="spacer battle-history"><br></div><div class="battle-history">psychotropia used <strong>Air Slash</strong>!<br></div><div class="battle-history"><small>(The opposing Slowking lost <abbr title="−60/389">15.4%</abbr> of its health!)</small><br></div><div class="spacer battle-history"><br></div><div class="battle-history">The opposing Slowking flinched and couldn't move!<br></div><div class="spacer battle-history"><br></div><div class="battle-history"><small>The opposing Slowking restored a little HP using its Leftovers!</small><br></div><div class="battle-history"><small>The opposing Slowking was hurt by its burn!</small><br></div><div class="spacer battle-history"><br></div><h2 class="battle-history">Turn 19</h2><div class="spacer battle-history"><br></div><div class="battle-history">psychotropia, come back!<br></div><div class="battle-history">Go! ultimate artificer (<strong>Poliwrath</strong>)!<br></div><div class="spacer battle-history"><br></div><div class="battle-history">The opposing Slowking used <strong>Slack Off</strong>!<br></div><div class="battle-history"><small>The opposing Slowking restored its HP.</small><br></div><div class="spacer battle-history"><br></div><div class="battle-history"><small>The opposing Slowking was hurt by its burn!</small><br></div><div class="spacer battle-history"><br></div><h2 class="battle-history">Turn 20</h2><div class="spacer battle-history"><br></div><div class="battle-history">ultimate artificer used <strong>Substitute</strong>!<br></div><div class="battle-history"><small>ultimate artificer put in a substitute!</small><br></div><div class="battle-history"><small>(ultimate artificer lost <abbr title="−95/383">24.8%</abbr> of its health!)</small><br></div><div class="spacer battle-history"><br></div><div class="battle-history">The opposing Slowking used <strong>Psyshock</strong>!<br></div><div class="battle-history"><small>It's super effective!</small><br></div><div class="battle-history"><small>A critical hit!</small><br></div><div class="battle-history"><small>ultimate artificer's substitute faded!</small><br></div><div class="spacer battle-history"><br></div><div class="battle-history"><small>ultimate artificer restored a little HP using its Leftovers!</small><br></div><div class="battle-history"><small>The opposing Slowking restored a little HP using its Leftovers!</small><br></div><div class="battle-history"><small>The opposing Slowking was hurt by its burn!</small><br></div><div class="spacer battle-history"><br></div><h2 class="battle-history">Turn 21</h2><div class="spacer battle-history"><br></div><div class="battle-history">ultimate artificer used <strong>Substitute</strong>!<br></div><div class="battle-history"><small>ultimate artificer put in a substitute!</small><br></div><div class="battle-history"><small>(ultimate artificer lost <abbr title="−95/383">24.8%</abbr> of its health!)</small><br></div><div class="spacer battle-history"><br></div><div class="battle-history">The opposing Slowking used <strong>Psyshock</strong>!<br></div><div class="battle-history"><small>It's super effective!</small><br></div><div class="battle-history"><small>ultimate artificer's substitute faded!</small><br></div><div class="spacer battle-history"><br></div><div class="battle-history"><small>ultimate artificer restored a little HP using its Leftovers!</small><br></div><div class="battle-history"><small>The opposing Slowking restored a little HP using its Leftovers!</small><br></div><div class="battle-history"><small>The opposing Slowking was hurt by its burn!</small><br></div><div class="spacer battle-history"><br></div><h2 class="battle-history">Turn 22</h2><div class="spacer battle-history"><br></div><div class="battle-history">ultimate artificer used <strong>Substitute</strong>!<br></div><div class="battle-history"><small>ultimate artificer put in a substitute!</small><br></div><div class="battle-history"><small>(ultimate artificer lost <abbr title="−95/383">24.8%</abbr> of its health!)</small><br></div><div class="spacer battle-history"><br></div><div class="battle-history">The opposing Slowking used <strong>Psyshock</strong>!<br></div><div class="battle-history"><small>It's super effective!</small><br></div><div class="battle-history"><small>ultimate artificer's substitute faded!</small><br></div><div class="spacer battle-history"><br></div><div class="battle-history"><small>ultimate artificer restored a little HP using its Leftovers!</small><br></div><div class="battle-history"><small>The opposing Slowking restored a little HP using its Leftovers!</small><br></div><div class="battle-history"><small>The opposing Slowking was hurt by its burn!</small><br></div><div class="spacer battle-history"><br></div><h2 class="battle-history">Turn 23</h2><div class="spacer battle-history"><br></div><div class="battle-history">ultimate artificer used <strong>Substitute</strong>!<br></div><div class="battle-history"><small>ultimate artificer put in a substitute!</small><br></div><div class="battle-history"><small>(ultimate artificer lost <abbr title="−95/383">24.8%</abbr> of its health!)</small><br></div><div class="spacer battle-history"><br></div><div class="battle-history">The opposing Slowking used <strong>Psyshock</strong>!<br></div><div class="battle-history"><small>It's super effective!</small><br></div><div class="battle-history"><small>ultimate artificer's substitute faded!</small><br></div><div class="spacer battle-history"><br></div><div class="battle-history"><small>ultimate artificer restored a little HP using its Leftovers!</small><br></div><div class="battle-history"><small>The opposing Slowking restored a little HP using its Leftovers!</small><br></div><div class="battle-history"><small>The opposing Slowking was hurt by its burn!</small><br></div><div class="spacer battle-history"><br></div><h2 class="battle-history">Turn 24</h2><div class="spacer battle-history"><br></div><div class="battle-history">ultimate artificer used <strong>Waterfall</strong>!<br></div><div class="battle-history"><small>It's not very effective...</small><br></div><div class="battle-history"><small>(The opposing Slowking lost <abbr title="−46/389">11.8%</abbr> of its health!)</small><br></div><div class="spacer battle-history"><br></div><div class="battle-history">The opposing Slowking used <strong>Psyshock</strong>!<br></div><div class="battle-history"><small>It's super effective!</small><br></div><div class="battle-history"><small>(ultimate artificer lost <abbr title="−95/383">24.8%</abbr> of its health!)</small><br></div><div class="spacer battle-history"><br></div><div class="battle-history">ultimate artificer fainted!<br></div><div class="spacer battle-history"><br></div><div class="battle-history"><small>The opposing Slowking restored a little HP using its Leftovers!</small><br></div><div class="battle-history"><small>The opposing Slowking was hurt by its burn!</small><br></div><div class="spacer battle-history"><br></div><div class="battle-history">Go! collapse (<strong>Fletchinder</strong>)!<br></div><div class="spacer battle-history"><br></div><h2 class="battle-history">Turn 25</h2><div class="spacer battle-history"><br></div><div class="battle-history">collapse used <strong>Swords Dance</strong>!<br></div><div class="battle-history"><small>collapse's Attack rose sharply!</small><br></div><div class="spacer battle-history"><br></div><div class="battle-history">The opposing Slowking used <strong>Scald</strong>!<br></div><div class="battle-history"><small>It's super effective!</small><br></div><div class="battle-history"><small>(collapse lost <abbr title="−303/303">100%</abbr> of its health!)</small><br></div><div class="spacer battle-history"><br></div><div class="battle-history">collapse fainted!<br></div><div class="spacer battle-history"><br></div><div class="battle-history"><small>The opposing Slowking restored a little HP using its Leftovers!</small><br></div><div class="battle-history"><small>The opposing Slowking was hurt by its burn!</small><br></div><div class="spacer battle-history"><br></div><div class="battle-history">Go! liquid crystal dis (<strong>Diancie</strong>)!<br></div><div class="spacer battle-history"><br></div><h2 class="battle-history">Turn 26</h2><div class="spacer battle-history"><br></div><div class="battle-history">liquid crystal dis used <strong>Diamond Storm</strong>!<br></div><div class="battle-history"><small>(The opposing Slowking lost <abbr title="−100/389">25.7%</abbr> of its health!)</small><br></div><div class="battle-history"><small>liquid crystal dis's Defense rose!</small><br></div><div class="spacer battle-history"><br></div><div class="battle-history">The opposing Slowking used <strong>Slack Off</strong>!<br></div><div class="battle-history"><small>The opposing Slowking restored its HP.</small><br></div><div class="spacer battle-history"><br></div><div class="battle-history"><small>The opposing Slowking restored a little HP using its Leftovers!</small><br></div><div class="battle-history"><small>The opposing Slowking was hurt by its burn!</small><br></div><div class="spacer battle-history"><br></div><h2 class="battle-history">Turn 27</h2><div class="spacer battle-history"><br></div><div class="battle-history">liquid crystal dis used <strong>Diamond Storm</strong>!<br></div><div class="battle-history"><small>(The opposing Slowking lost <abbr title="−103/389">26.5%</abbr> of its health!)</small><br></div><div class="battle-history"><small>liquid crystal dis's Defense rose!</small><br></div><div class="spacer battle-history"><br></div><div class="battle-history">The opposing Slowking used <strong>Slack Off</strong>!<br></div><div class="battle-history"><small>The opposing Slowking restored its HP.</small><br></div><div class="spacer battle-history"><br></div><div class="battle-history"><small>The opposing Slowking restored a little HP using its Leftovers!</small><br></div><div class="battle-history"><small>The opposing Slowking was hurt by its burn!</small><br></div><div class="spacer battle-history"><br></div><h2 class="battle-history">Turn 28</h2><div class="spacer battle-history"><br></div><div class="battle-history">liquid crystal dis used <strong>Moonblast</strong>!<br></div><div class="battle-history"><small>(The opposing Slowking lost <abbr title="−37/389">9.5%</abbr> of its health!)</small><br></div><div class="spacer battle-history"><br></div><div class="battle-history">The opposing Slowking used <strong>Scald</strong>!<br></div><div class="battle-history"><small>It's super effective!</small><br></div><div class="battle-history"><small>(liquid crystal dis lost <abbr title="−303/303">100%</abbr> of its health!)</small><br></div><div class="spacer battle-history"><br></div><div class="battle-history">liquid crystal dis fainted!<br></div><div class="spacer battle-history"><br></div><div class="battle-history"><small>The opposing Slowking restored a little HP using its Leftovers!</small><br></div><div class="battle-history"><small>The opposing Slowking was hurt by its burn!</small><br></div><div class="spacer battle-history"><br></div><div class="battle-history">Go! psychotropia (<strong>Sigilyph</strong>)!<br></div><div class="spacer battle-history"><br></div><h2 class="battle-history">Turn 29</h2><div class="spacer battle-history"><br></div><div class="battle-history">psychotropia used <strong>Calm Mind</strong>!<br></div><div class="battle-history"><small>psychotropia's Special Attack rose!</small><br></div><div class="battle-history"><small>psychotropia's Special Defense rose!</small><br></div><div class="spacer battle-history"><br></div><div class="battle-history">The opposing Slowking used <strong>Scald</strong>!<br></div><div class="battle-history"><small>(psychotropia lost <abbr title="−237/348">68.1%</abbr> of its health!)</small><br></div><div class="spacer battle-history"><br></div><div class="battle-history"><small>The opposing Slowking restored a little HP using its Leftovers!</small><br></div><div class="battle-history"><small>The opposing Slowking was hurt by its burn!</small><br></div><div class="spacer battle-history"><br></div><h2 class="battle-history">Turn 30</h2><div class="spacer battle-history"><br></div><div class="battle-history">psychotropia used <strong>Roost</strong>!<br></div><div class="battle-history"><small>psychotropia restored its HP.</small><br></div><div class="spacer battle-history"><br></div><div class="battle-history">The opposing Slowking used <strong>Scald</strong>!<br></div><div class="battle-history"><small>(psychotropia lost <abbr title="−226/348">64.9%</abbr> of its health!)</small><br></div><div class="spacer battle-history"><br></div><div class="battle-history"><small>The opposing Slowking restored a little HP using its Leftovers!</small><br></div><div class="battle-history"><small>The opposing Slowking was hurt by its burn!</small><br></div><div class="spacer battle-history"><br></div><h2 class="battle-history">Turn 31</h2><div class="spacer battle-history"><br></div><div class="battle-history">psychotropia used <strong>Air Slash</strong>!<br></div><div class="battle-history"><small>(The opposing Slowking lost <abbr title="−40/389">10.3%</abbr> of its health!)</small><br></div><div class="spacer battle-history"><br></div><div class="battle-history">The opposing Slowking used <strong>Scald</strong>!<br></div><div class="battle-history"><small>(psychotropia lost <abbr title="−59/348">17.0%</abbr> of its health!)</small><br></div><div class="spacer battle-history"><br></div><div class="battle-history">psychotropia fainted!<br></div><div class="spacer battle-history"><br></div><div class="battle-history"><strong>sam i yam</strong> won the battle!<br></div></div><div class="inner-preempt"></div></div></div>
</div>
<script>
let daily = Math.floor(Date.now()/1000/60/60/24);document.write('<script src="https://play.pokemonshowdown.com/js/replay-embed.js?version'+daily+'"></'+'script>');
</script>
