<!DOCTYPE html>
<meta charset="utf-8" />
<!-- version 1 -->
<title>RU replay: igor dos santos vs. AllanG13</title>
<style>
html,body {font-family:Verdana, sans-serif;font-size:10pt;margin:0;padding:0;}body{padding:12px 0;} .battle-log {font-family:Verdana, sans-serif;font-size:10pt;} .battle-log-inline {border:1px solid #AAAAAA;background:#EEF2F5;color:black;max-width:640px;margin:0 auto 80px;padding-bottom:5px;} .battle-log .inner {padding:4px 8px 0px 8px;} .battle-log .inner-preempt {padding:0 8px 4px 8px;} .battle-log .inner-after {margin-top:0.5em;} .battle-log h2 {margin:0.5em -8px;padding:4px 8px;border:1px solid #AAAAAA;background:#E0E7EA;border-left:0;border-right:0;font-family:Verdana, sans-serif;font-size:13pt;} .battle-log .chat {vertical-align:middle;padding:3px 0 3px 0;font-size:8pt;} .battle-log .chat strong {color:#40576A;} .battle-log .chat em {padding:1px 4px 1px 3px;color:#000000;font-style:normal;} .chat.mine {background:rgba(0,0,0,0.05);margin-left:-8px;margin-right:-8px;padding-left:8px;padding-right:8px;} .spoiler {color:#BBBBBB;background:#BBBBBB;padding:0px 3px;} .spoiler:hover, .spoiler:active, .spoiler-shown {color:#000000;background:#E2E2E2;padding:0px 3px;} .spoiler a {color:#BBBBBB;} .spoiler:hover a, .spoiler:active a, .spoiler-shown a {color:#2288CC;} .chat code, .chat .spoiler:hover code, .chat .spoiler:active code, .chat .spoiler-shown code {border:1px solid #C0C0C0;background:#EEEEEE;color:black;padding:0 2px;} .chat .spoiler code {border:1px solid #CCCCCC;background:#CCCCCC;color:#CCCCCC;} .battle-log .rated {padding:3px 4px;} .battle-log .rated strong {color:white;background:#89A;padding:1px 4px;border-radius:4px;} .spacer {margin-top:0.5em;} .message-announce {background:#6688AA;color:white;padding:1px 4px 2px;} .message-announce a, .broadcast-green a, .broadcast-blue a, .broadcast-red a {color:#DDEEFF;} .broadcast-green {background-color:#559955;color:white;padding:2px 4px;} .broadcast-blue {background-color:#6688AA;color:white;padding:2px 4px;} .infobox {border:1px solid #6688AA;padding:2px 4px;} .infobox-limited {max-height:200px;overflow:auto;overflow-x:hidden;} .broadcast-red {background-color:#AA5544;color:white;padding:2px 4px;} .message-learn-canlearn {font-weight:bold;color:#228822;text-decoration:underline;} .message-learn-cannotlearn {font-weight:bold;color:#CC2222;text-decoration:underline;} .message-effect-weak {font-weight:bold;color:#CC2222;} .message-effect-resist {font-weight:bold;color:#6688AA;} .message-effect-immune {font-weight:bold;color:#666666;} .message-learn-list {margin-top:0;margin-bottom:0;} .message-throttle-notice, .message-error {color:#992222;} .message-overflow, .chat small.message-overflow {font-size:0pt;} .message-overflow::before {font-size:9pt;content:'...';} .subtle {color:#3A4A66;}
</style>
<div class="wrapper replay-wrapper" style="max-width:1180px;margin:0 auto">
<input type="hidden" name="replayid" value="ru-512303176" />
<div class="battle"></div><div class="battle-log"></div><div class="replay-controls"></div><div class="replay-controls-2"></div>
<h1 style="font-weight:normal;text-align:center"><strong>RU</strong><br /><a href="http://pokemonshowdown.com/users/igordossantos" class="subtle" target="_blank">igor dos santos</a> vs. <a href="http://pokemonshowdown.com/users/allang13" class="subtle" target="_blank">AllanG13</a></h1>
<script type="text/plain" class="battle-log-data">|j|igor dos santos
|j|AllanG13
|player|p1|igor dos santos|149
|player|p2|AllanG13|264
|gametype|singles
|gen|6
|tier|RU
|seed|37991,11534,57988,45668
|rule|Sleep Clause Mod: Limit one foe put to sleep
|rule|Species Clause: Limit one of each Pokémon
|rule|OHKO Clause: OHKO moves are banned
|rule|Moody Clause: Moody is banned
|rule|Evasion Moves Clause: Evasion moves are banned
|rule|Endless Battle Clause: Forcing endless battles is banned
|rule|HP Percentage Mod: HP is shown in percentages
|clearpoke
|poke|p1|Ambipom, M, shiny|item
|poke|p1|Camerupt, M, shiny|item
|poke|p1|Rhyperior, M, shiny|item
|poke|p1|Gallade, M, shiny|item
|poke|p1|Slowking, M, shiny|item
|poke|p1|Drapion, F, shiny|item
|poke|p2|Ambipom, M|item
|poke|p2|Banette, M|item
|poke|p2|Flygon, M, shiny|item
|poke|p2|Jolteon, M, shiny|item
|poke|p2|Druddigon, M, shiny|item
|poke|p2|Clawitzer, M, shiny|item
|rule|Swagger Clause: Swagger is banned
|rule|Baton Pass Clause: Limit one Baton Passer, can't pass Spe and other stats simultaneously
|teampreview
|c|★AllanG13|boa sorte o\/
|c|★igor dos santos|pra vc tbm
|choice|team 3, team 2, team 1, team 4, team 5, team 6|team 6, team 2, team 3, team 4, team 5, team 1
|
|start
|switch|p1a: Rhyperior|Rhyperior, M, shiny|371\/371
|switch|p2a: Duas caras|Clawitzer, M, shiny|283\/283
|turn|1
|choice|move stealthrock|move scald
|
|move|p2a: Duas caras|Scald|p1a: Rhyperior
|-supereffective|p1a: Rhyperior
|-enditem|p1a: Rhyperior|Focus Sash
|-damage|p1a: Rhyperior|1\/371
|-status|p1a: Rhyperior|brn
|-damage|p2a: Duas caras|255\/283|[from] item: Life Orb
|move|p1a: Rhyperior|Stealth Rock|p2a: Duas caras
|-sidestart|p2: AllanG13|move: Stealth Rock
|
|-damage|p1a: Rhyperior|0 fnt|[from] brn
|upkeep
|faint|p1a: Rhyperior
|c|★AllanG13|kkkk
|choice|switch 6|
|
|switch|p1a: Drapion|Drapion, F, shiny|281\/281
|turn|2
|choice|move toxicspikes|switch 5
|
|switch|p2a: Shrek|Druddigon, M, shiny|357\/357
|-damage|p2a: Shrek|313\/357|[from] Stealth Rock
|move|p1a: Drapion|Toxic Spikes|p2a: Shrek
|-sidestart|p2: AllanG13|move: Toxic Spikes
|
|upkeep
|turn|3
|choice|move swordsdance|move stealthrock
|
|move|p1a: Drapion|Swords Dance|p1a: Drapion
|-boost|p1a: Drapion|atk|2
|move|p2a: Shrek|Stealth Rock|p1a: Drapion
|-sidestart|p1: igor dos santos|move: Stealth Rock
|
|upkeep
|turn|4
|choice|move knockoff|move dragontail
|
|move|p1a: Drapion|Knock Off|p2a: Shrek
|-damage|p2a: Shrek|57\/357
|-damage|p1a: Drapion|246\/281|[from] ability: Rough Skin|[of] p2a: Shrek
|-damage|p1a: Drapion|200\/281|[from] item: Rocky Helmet|[of] p2a: Shrek
|-enditem|p2a: Shrek|Rocky Helmet|[from] move: Knock Off|[of] p1a: Drapion
|move|p2a: Shrek|Dragon Tail|p1a: Drapion
|-damage|p1a: Drapion|136\/281
|drag|p1a: Ambipom|Ambipom, M, shiny|291\/291
|-damage|p1a: Ambipom|255\/291|[from] Stealth Rock
|
|upkeep
|turn|5
|choice|move fakeout|move dragontail
|
|move|p1a: Ambipom|Fake Out|p2a: Shrek
|-damage|p2a: Shrek|0 fnt
|-damage|p1a: Ambipom|219\/291|[from] ability: Rough Skin|[of] p2a: Shrek
|-damage|p1a: Ambipom|190\/291|[from] item: Life Orb
|faint|p2a: Shrek
|
|upkeep
|choice||switch 3
|
|switch|p2a: QUERO MEGA!|Flygon, M, shiny|301\/301
|-damage|p2a: QUERO MEGA!|283\/301|[from] Stealth Rock
|turn|6
|choice|move return|move earthquake
|
|move|p2a: QUERO MEGA!|Earthquake|p1a: Ambipom
|-damage|p1a: Ambipom|40\/291
|move|p1a: Ambipom|Return|p2a: QUERO MEGA!
|-damage|p2a: QUERO MEGA!|87\/301
|-damage|p1a: Ambipom|11\/291|[from] item: Life Orb
|
|upkeep
|turn|7
|choice|move foulplay|move earthquake
|
|move|p2a: QUERO MEGA!|Earthquake|p1a: Ambipom
|-damage|p1a: Ambipom|0 fnt
|faint|p1a: Ambipom
|
|upkeep
|choice|switch 5|
|
|switch|p1a: Slowking|Slowking, M, shiny|331\/331
|-damage|p1a: Slowking|290\/331|[from] Stealth Rock
|turn|8
|choice|move scald|switch 5
|
|switch|p2a: Duas caras|Clawitzer, M, shiny|255\/283
|-damage|p2a: Duas caras|220\/283|[from] Stealth Rock
|-status|p2a: Duas caras|psn
|move|p1a: Slowking|Scald|p2a: Duas caras
|-resisted|p2a: Duas caras
|-damage|p2a: Duas caras|135\/283 psn
|
|-damage|p2a: Duas caras|100\/283 psn|[from] psn
|upkeep
|turn|9
|choice|move scald|move scald
|
|move|p2a: Duas caras|Scald|p1a: Slowking
|-resisted|p1a: Slowking
|-damage|p1a: Slowking|215\/331
|-damage|p2a: Duas caras|72\/283 psn|[from] item: Life Orb
|move|p1a: Slowking|Scald|p2a: Duas caras
|-resisted|p2a: Duas caras
|-damage|p2a: Duas caras|0 fnt
|faint|p2a: Duas caras
|
|upkeep
|choice||switch 5
|
|switch|p2a: QUERO MEGA!|Flygon, M, shiny|87\/301
|-damage|p2a: QUERO MEGA!|69\/301|[from] Stealth Rock
|turn|10
|choice|move scald|move defog
|
|move|p2a: QUERO MEGA!|Defog|p1a: Slowking
|-unboost|p1a: Slowking|evasion|1
|-sideend|p1: igor dos santos|Stealth Rock|[from] move: Defog|[of] p1a: Slowking
|-sideend|p2: AllanG13|Toxic Spikes|[from] move: Defog|[of] p2a: QUERO MEGA!
|-sideend|p2: AllanG13|Stealth Rock|[from] move: Defog|[of] p2a: QUERO MEGA!
|move|p1a: Slowking|Scald|p2a: QUERO MEGA!
|-damage|p2a: QUERO MEGA!|0 fnt
|faint|p2a: QUERO MEGA!
|
|upkeep
|choice||switch 2
|
|switch|p2a: DEMÔNIO|Banette, M|326\/326
|turn|11
|choice|switch 3|move knockoff mega
|
|switch|p1a: Drapion|Drapion, F, shiny|136\/281
|detailschange|p2a: DEMÔNIO|Banette-Mega, M
|-mega|p2a: DEMÔNIO|Banette|Banettite
|move|p2a: DEMÔNIO|Knock Off|p1a: Drapion
|-resisted|p1a: Drapion
|-damage|p1a: Drapion|80\/281
|-enditem|p1a: Drapion|Leftovers|[from] move: Knock Off|[of] p2a: DEMÔNIO
|
|upkeep
|turn|12
|choice|move knockoff|move willowisp
|
|move|p2a: DEMÔNIO|Will-O-Wisp|p1a: Drapion
|-status|p1a: Drapion|brn
|move|p1a: Drapion|Knock Off|p2a: DEMÔNIO
|-supereffective|p2a: DEMÔNIO
|-crit|p2a: DEMÔNIO
|-damage|p2a: DEMÔNIO|181\/326
|
|-damage|p1a: Drapion|45\/281 brn|[from] brn
|upkeep
|turn|13
|choice|move toxicspikes|move shadowclaw
|
|move|p1a: Drapion|Toxic Spikes|p2a: DEMÔNIO
|-sidestart|p2: AllanG13|move: Toxic Spikes
|move|p2a: DEMÔNIO|Shadow Claw|p1a: Drapion
|-resisted|p1a: Drapion
|-damage|p1a: Drapion|0 fnt
|faint|p1a: Drapion
|
|upkeep
|choice|switch 2|
|
|switch|p1a: Camerupt|Camerupt, M, shiny|281\/281
|turn|14
|choice|move fireblast mega|move shadowclaw
|
|detailschange|p1a: Camerupt|Camerupt-Mega, M, shiny
|-mega|p1a: Camerupt|Camerupt|Cameruptite
|move|p2a: DEMÔNIO|Shadow Claw|p1a: Camerupt
|-damage|p1a: Camerupt|125\/281
|move|p1a: Camerupt|Fire Blast|p2a: DEMÔNIO
|-crit|p2a: DEMÔNIO
|-damage|p2a: DEMÔNIO|0 fnt
|faint|p2a: DEMÔNIO
|
|upkeep
|choice||switch 6
|
|switch|p2a: George|Ambipom, M|291\/291
|-status|p2a: George|psn
|turn|15
|choice|move fireblast|move fakeout
|
|move|p2a: George|Fake Out|p1a: Camerupt
|-damage|p1a: Camerupt|28\/281
|-damage|p2a: George|262\/291 psn|[from] item: Life Orb
|cant|p1a: Camerupt|flinch
|
|-damage|p2a: George|226\/291 psn|[from] psn
|upkeep
|turn|16
|choice|move fireblast|move lastresort
|
|move|p2a: George|Last Resort|p1a: Camerupt
|-damage|p1a: Camerupt|0 fnt
|-damage|p2a: George|197\/291 psn|[from] item: Life Orb
|faint|p1a: Camerupt
|
|-damage|p2a: George|161\/291 psn|[from] psn
|upkeep
|choice|switch 4|
|
|switch|p1a: Gallade|Gallade, M, shiny|277\/277
|turn|17
|choice|move drainpunch|move lastresort
|
|move|p2a: George|Last Resort|p1a: Gallade
|-damage|p1a: Gallade|0 fnt
|-damage|p2a: George|132\/291 psn|[from] item: Life Orb
|faint|p1a: Gallade
|
|-damage|p2a: George|96\/291 psn|[from] psn
|upkeep
|choice|switch 3|
|
|switch|p1a: Slowking|Slowking, M, shiny|325\/331
|turn|18
|choice|move scald|move lastresort
|
|move|p2a: George|Last Resort|p1a: Slowking
|-damage|p1a: Slowking|16\/331
|-damage|p2a: George|67\/291 psn|[from] item: Life Orb
|move|p1a: Slowking|Scald|p2a: George
|-damage|p2a: George|0 fnt
|faint|p2a: George
|
|upkeep
|choice||switch 4
|
|switch|p2a: Sparky|Jolteon, M, shiny|271\/271
|-status|p2a: Sparky|psn
|turn|19
|c|★AllanG13|gg
|choice|move scald|move thunderbolt
|
|move|p2a: Sparky|Thunderbolt|p1a: Slowking
|-supereffective|p1a: Slowking
|-damage|p1a: Slowking|0 fnt
|faint|p1a: Slowking
|
|win|AllanG13
|player|p1
|player|p2
|c|★igor dos santos|parabens
|l|igor dos santos</script>
</div>
<div class="battle-log battle-log-inline"><div class="inner"><div class="battle-options"></div><div class="inner"><div class="chat"><small>igor dos santos joined.</small></div><div class="chat"><small>AllanG13 joined.</small></div><div class=""><small>Format:</small> <br><strong>RU</strong></div><div class=""><small><em>Sleep Clause Mod:</em> Limit one foe put to sleep</small></div><div class=""><small><em>Species Clause:</em> Limit one of each Pokémon</small></div><div class=""><small><em>OHKO Clause:</em> OHKO moves are banned</small></div><div class=""><small><em>Moody Clause:</em> Moody is banned</small></div><div class=""><small><em>Evasion Moves Clause:</em> Evasion moves are banned</small></div><div class=""><small><em>Endless Battle Clause:</em> Forcing endless battles is banned</small></div><div class=""><small><em>HP Percentage Mod:</em> HP is shown in percentages</small></div><div class=""><small><em>Swagger Clause:</em> Swagger is banned</small></div><div class=""><small><em>Baton Pass Clause:</em> Limit one Baton Passer, can't pass Spe and other stats simultaneously</small></div><div class="chat battle-history"><strong>igor dos santos's team:</strong> <em style="color:#445566;display:block;">Ambipom / Camerupt / Rhyperior / Gallade / Slowking / Drapion</em></div><div class="chat battle-history"><strong>AllanG13's team:</strong> <em style="color:#445566;display:block;">Ambipom / Banette / Flygon / Jolteon / Druddigon / Clawitzer</em></div><div class="chat chatmessage-allang13"><strong style="color:hsl(338,68%,49%)"><small>★</small><span class="username" data-name="AllanG13">AllanG13</span>:</strong> <em>boa sorte o/</em></div><div class="chat chatmessage-igordossantos"><strong style="color:hsl(2,69%,48%)"><small>★</small><span class="username" data-name="igor dos santos">igor dos santos</span>:</strong> <em>pra vc tbm</em></div><div class="spacer battle-history"><br></div><div class="battle-history">Battle started between igor dos santos and AllanG13!<br></div><div class="spacer battle-history"><br></div><div class="battle-history">Go! <strong>Rhyperior</strong>!<br></div><div class="spacer battle-history"><br></div><div class="battle-history">AllanG13 sent out Duas caras (<strong>Clawitzer</strong>)!<br></div><div class="spacer battle-history"><br></div><h2 class="battle-history">Turn 1</h2><div class="spacer battle-history"><br></div><div class="battle-history">The opposing Duas caras used <strong>Scald</strong>!<br></div><div class="battle-history"><small>It's super effective!</small><br></div><div class="battle-history"><small>Rhyperior hung on using its Focus Sash!</small><br></div><div class="battle-history"><small>(Rhyperior lost <abbr title="−370/371">99.7%</abbr> of its health!)</small><br></div><div class="battle-history"><small>Rhyperior was burned!</small><br></div><div class="battle-history"><small>The opposing Duas caras lost some of its HP!</small><br></div><div class="spacer battle-history"><br></div><div class="battle-history">Rhyperior used <strong>Stealth Rock</strong>!<br></div><div class="battle-history"><small>Pointed stones float in the air around the opposing team!</small><br></div><div class="spacer battle-history"><br></div><div class="battle-history"><small>Rhyperior was hurt by its burn!</small><br></div><div class="spacer battle-history"><br></div><div class="battle-history">Rhyperior fainted!<br></div><div class="chat chatmessage-allang13"><strong style="color:hsl(338,68%,49%)"><small>★</small><span class="username" data-name="AllanG13">AllanG13</span>:</strong> <em>kkkk</em></div><div class="spacer battle-history"><br></div><div class="battle-history">Go! <strong>Drapion</strong>!<br></div><div class="spacer battle-history"><br></div><h2 class="battle-history">Turn 2</h2><div class="spacer battle-history"><br></div><div class="battle-history">AllanG13 withdrew Duas caras!<br></div><div class="battle-history">AllanG13 sent out Shrek (<strong>Druddigon</strong>)!<br></div><div class="battle-history"><small>Pointed stones dug into the opposing Shrek!</small><br></div><div class="spacer battle-history"><br></div><div class="battle-history">Drapion used <strong>Toxic Spikes</strong>!<br></div><div class="battle-history"><small>Poison spikes were scattered on the ground all around the opposing team!</small><br></div><div class="spacer battle-history"><br></div><h2 class="battle-history">Turn 3</h2><div class="spacer battle-history"><br></div><div class="battle-history">Drapion used <strong>Swords Dance</strong>!<br></div><div class="battle-history"><small>Drapion's Attack rose sharply!</small><br></div><div class="spacer battle-history"><br></div><div class="battle-history">The opposing Shrek used <strong>Stealth Rock</strong>!<br></div><div class="battle-history"><small>Pointed stones float in the air around your team!</small><br></div><div class="spacer battle-history"><br></div><h2 class="battle-history">Turn 4</h2><div class="spacer battle-history"><br></div><div class="battle-history">Drapion used <strong>Knock Off</strong>!<br></div><div class="battle-history"><small>(The opposing Shrek lost <abbr title="−256/357">71.7%</abbr> of its health!)</small><br></div><div class="battle-history"><small>[The opposing Shrek's Rough Skin]</small><br><small>Drapion was hurt!</small><br></div><div class="battle-history"><small>Drapion was hurt by the Rocky Helmet!</small><br></div><div class="battle-history"><small>Drapion knocked off the opposing Shrek's Rocky Helmet!</small><br></div><div class="spacer battle-history"><br></div><div class="battle-history">The opposing Shrek used <strong>Dragon Tail</strong>!<br></div><div class="battle-history"><small>(Drapion lost <abbr title="−64/281">22.8%</abbr> of its health!)</small><br></div><div class="spacer battle-history"><br></div><div class="battle-history"><strong>Ambipom</strong> was dragged out!<br></div><div class="battle-history"><small>Pointed stones dug into Ambipom!</small><br></div><div class="spacer battle-history"><br></div><h2 class="battle-history">Turn 5</h2><div class="spacer battle-history"><br></div><div class="battle-history">Ambipom used <strong>Fake Out</strong>!<br></div><div class="battle-history"><small>(The opposing Shrek lost <abbr title="−57/357">16.0%</abbr> of its health!)</small><br></div><div class="battle-history"><small>[The opposing Shrek's Rough Skin]</small><br><small>Ambipom was hurt!</small><br></div><div class="battle-history"><small>Ambipom lost some of its HP!</small><br></div><div class="spacer battle-history"><br></div><div class="battle-history">The opposing Shrek fainted!<br></div><div class="spacer battle-history"><br></div><div class="battle-history">AllanG13 sent out QUERO MEGA! (<strong>Flygon</strong>)!<br></div><div class="battle-history"><small>Pointed stones dug into the opposing QUERO MEGA!!</small><br></div><div class="spacer battle-history"><br></div><h2 class="battle-history">Turn 6</h2><div class="spacer battle-history"><br></div><div class="battle-history">The opposing QUERO MEGA! used <strong>Earthquake</strong>!<br></div><div class="battle-history"><small>(Ambipom lost <abbr title="−150/291">51.5%</abbr> of its health!)</small><br></div><div class="spacer battle-history"><br></div><div class="battle-history">Ambipom used <strong>Return</strong>!<br></div><div class="battle-history"><small>(The opposing QUERO MEGA! lost <abbr title="−196/301">65.1%</abbr> of its health!)</small><br></div><div class="battle-history"><small>Ambipom lost some of its HP!</small><br></div><div class="spacer battle-history"><br></div><h2 class="battle-history">Turn 7</h2><div class="spacer battle-history"><br></div><div class="battle-history">The opposing QUERO MEGA! used <strong>Earthquake</strong>!<br></div><div class="battle-history"><small>(Ambipom lost <abbr title="−11/291">3.8%</abbr> of its health!)</small><br></div><div class="spacer battle-history"><br></div><div class="battle-history">Ambipom fainted!<br></div><div class="spacer battle-history"><br></div><div class="battle-history">Go! <strong>Slowking</strong>!<br></div><div class="battle-history"><small>Pointed stones dug into Slowking!</small><br></div><div class="spacer battle-history"><br></div><h2 class="battle-history">Turn 8</h2><div class="spacer battle-history"><br></div><div class="battle-history">AllanG13 withdrew QUERO MEGA!!<br></div><div class="battle-history">AllanG13 sent out Duas caras (<strong>Clawitzer</strong>)!<br></div><div class="battle-history"><small>Pointed stones dug into the opposing Duas caras!</small><br></div><div class="battle-history"><small>The opposing Duas caras was poisoned!</small><br></div><div class="spacer battle-history"><br></div><div class="battle-history">Slowking used <strong>Scald</strong>!<br></div><div class="battle-history"><small>It's not very effective...</small><br></div><div class="battle-history"><small>(The opposing Duas caras lost <abbr title="−85/283">30.0%</abbr> of its health!)</small><br></div><div class="spacer battle-history"><br></div><div class="battle-history"><small>The opposing Duas caras was hurt by poison!</small><br></div><div class="spacer battle-history"><br></div><h2 class="battle-history">Turn 9</h2><div class="spacer battle-history"><br></div><div class="battle-history">The opposing Duas caras used <strong>Scald</strong>!<br></div><div class="battle-history"><small>It's not very effective...</small><br></div><div class="battle-history"><small>(Slowking lost <abbr title="−75/331">22.7%</abbr> of its health!)</small><br></div><div class="battle-history"><small>The opposing Duas caras lost some of its HP!</small><br></div><div class="spacer battle-history"><br></div><div class="battle-history">Slowking used <strong>Scald</strong>!<br></div><div class="battle-history"><small>It's not very effective...</small><br></div><div class="battle-history"><small>(The opposing Duas caras lost <abbr title="−72/283">25.4%</abbr> of its health!)</small><br></div><div class="spacer battle-history"><br></div><div class="battle-history">The opposing Duas caras fainted!<br></div><div class="spacer battle-history"><br></div><div class="battle-history">AllanG13 sent out QUERO MEGA! (<strong>Flygon</strong>)!<br></div><div class="battle-history"><small>Pointed stones dug into the opposing QUERO MEGA!!</small><br></div><div class="spacer battle-history"><br></div><h2 class="battle-history">Turn 10</h2><div class="spacer battle-history"><br></div><div class="battle-history">The opposing QUERO MEGA! used <strong>Defog</strong>!<br></div><div class="battle-history"><small>Slowking's evasiveness fell!</small><br></div><div class="battle-history"><small>The pointed stones disappeared from around your team!</small><br></div><div class="battle-history"><small>The poison spikes disappeared from the ground around the opposing team!</small><br></div><div class="battle-history"><small>The pointed stones disappeared from around the opposing team!</small><br></div><div class="spacer battle-history"><br></div><div class="battle-history">Slowking used <strong>Scald</strong>!<br></div><div class="battle-history"><small>(The opposing QUERO MEGA! lost <abbr title="−69/301">22.9%</abbr> of its health!)</small><br></div><div class="spacer battle-history"><br></div><div class="battle-history">The opposing QUERO MEGA! fainted!<br></div><div class="spacer battle-history"><br></div><div class="battle-history">AllanG13 sent out DEMÔNIO (<strong>Banette</strong>)!<br></div><div class="spacer battle-history"><br></div><h2 class="battle-history">Turn 11</h2><div class="spacer battle-history"><br></div><div class="battle-history">Slowking, come back!<br></div><div class="battle-history">Go! <strong>Drapion</strong>!<br></div><div class="spacer battle-history"><br></div><div class="battle-history"><small>The opposing DEMÔNIO's Banettite is reacting to AllanG13's Mega Bracelet!</small><br>The opposing DEMÔNIO has Mega Evolved into Mega Banette!<br></div><div class="spacer battle-history"><br></div><div class="battle-history">The opposing DEMÔNIO used <strong>Knock Off</strong>!<br></div><div class="battle-history"><small>It's not very effective...</small><br></div><div class="battle-history"><small>(Drapion lost <abbr title="−56/281">19.9%</abbr> of its health!)</small><br></div><div class="battle-history"><small>The opposing DEMÔNIO knocked off Drapion's Leftovers!</small><br></div><div class="spacer battle-history"><br></div><h2 class="battle-history">Turn 12</h2><div class="spacer battle-history"><br></div><div class="battle-history">The opposing DEMÔNIO used <strong>Will-O-Wisp</strong>!<br></div><div class="battle-history"><small>Drapion was burned!</small><br></div><div class="spacer battle-history"><br></div><div class="battle-history">Drapion used <strong>Knock Off</strong>!<br></div><div class="battle-history"><small>It's super effective!</small><br></div><div class="battle-history"><small>A critical hit!</small><br></div><div class="battle-history"><small>(The opposing DEMÔNIO lost <abbr title="−145/326">44.5%</abbr> of its health!)</small><br></div><div class="spacer battle-history"><br></div><div class="battle-history"><small>Drapion was hurt by its burn!</small><br></div><div class="spacer battle-history"><br></div><h2 class="battle-history">Turn 13</h2><div class="spacer battle-history"><br></div><div class="battle-history">Drapion used <strong>Toxic Spikes</strong>!<br></div><div class="battle-history"><small>Poison spikes were scattered on the ground all around the opposing team!</small><br></div><div class="spacer battle-history"><br></div><div class="battle-history">The opposing DEMÔNIO used <strong>Shadow Claw</strong>!<br></div><div class="battle-history"><small>It's not very effective...</small><br></div><div class="battle-history"><small>(Drapion lost <abbr title="−45/281">16.0%</abbr> of its health!)</small><br></div><div class="spacer battle-history"><br></div><div class="battle-history">Drapion fainted!<br></div><div class="spacer battle-history"><br></div><div class="battle-history">Go! <strong>Camerupt</strong>!<br></div><div class="spacer battle-history"><br></div><h2 class="battle-history">Turn 14</h2><div class="spacer battle-history"><br></div><div class="battle-history"><small>Camerupt's Cameruptite is reacting to igor dos santos's Mega Bracelet!</small><br>Camerupt has Mega Evolved into Mega Camerupt!<br></div><div class="spacer battle-history"><br></div><div class="battle-history">The opposing DEMÔNIO used <strong>Shadow Claw</strong>!<br></div><div class="battle-history"><small>(Camerupt lost <abbr title="−156/281">55.5%</abbr> of its health!)</small><br></div><div class="spacer battle-history"><br></div><div class="battle-history">Camerupt used <strong>Fire Blast</strong>!<br></div><div class="battle-history"><small>A critical hit!</small><br></div><div class="battle-history"><small>(The opposing DEMÔNIO lost <abbr title="−181/326">55.5%</abbr> of its health!)</small><br></div><div class="spacer battle-history"><br></div><div class="battle-history">The opposing DEMÔNIO fainted!<br></div><div class="spacer battle-history"><br></div><div class="battle-history">AllanG13 sent out George (<strong>Ambipom</strong>)!<br></div><div class="battle-history"><small>The opposing George was poisoned!</small><br></div><div class="spacer battle-history"><br></div><h2 class="battle-history">Turn 15</h2><div class="spacer battle-history"><br></div><div class="battle-history">The opposing George used <strong>Fake Out</strong>!<br></div><div class="battle-history"><small>(Camerupt lost <abbr title="−97/281">34.5%</abbr> of its health!)</small><br></div><div class="battle-history"><small>The opposing George lost some of its HP!</small><br></div><div class="spacer battle-history"><br></div><div class="battle-history">Camerupt flinched and couldn't move!<br></div><div class="spacer battle-history"><br></div><div class="battle-history"><small>The opposing George was hurt by poison!</small><br></div><div class="spacer battle-history"><br></div><h2 class="battle-history">Turn 16</h2><div class="spacer battle-history"><br></div><div class="battle-history">The opposing George used <strong>Last Resort</strong>!<br></div><div class="battle-history"><small>(Camerupt lost <abbr title="−28/281">10.0%</abbr> of its health!)</small><br></div><div class="battle-history"><small>The opposing George lost some of its HP!</small><br></div><div class="spacer battle-history"><br></div><div class="battle-history">Camerupt fainted!<br></div><div class="spacer battle-history"><br></div><div class="battle-history"><small>The opposing George was hurt by poison!</small><br></div><div class="spacer battle-history"><br></div><div class="battle-history">Go! <strong>Gallade</strong>!<br></div><div class="spacer battle-history"><br></div><h2 class="battle-history">Turn 17</h2><div class="spacer battle-history"><br></div><div class="battle-history">The opposing George used <strong>Last Resort</strong>!<br></div><div class="battle-history"><small>(Gallade lost <abbr title="−277/277">100%</abbr> of its health!)</small><br></div><div class="battle-history"><small>The opposing George lost some of its HP!</small><br></div><div class="spacer battle-history"><br></div><div class="battle-history">Gallade fainted!<br></div><div class="spacer battle-history"><br></div><div class="battle-history"><small>The opposing George was hurt by poison!</small><br></div><div class="spacer battle-history"><br></div><div class="battle-history">Go! <strong>Slowking</strong>!<br></div><div class="spacer battle-history"><br></div><h2 class="battle-history">Turn 18</h2><div class="spacer battle-history"><br></div><div class="battle-history">The opposing George used <strong>Last Resort</strong>!<br></div><div class="battle-history"><small>(Slowking lost <abbr title="−309/331">93.4%</abbr> of its health!)</small><br></div><div class="battle-history"><small>The opposing George lost some of its HP!</small><br></div><div class="spacer battle-history"><br></div><div class="battle-history">Slowking used <strong>Scald</strong>!<br></div><div class="battle-history"><small>(The opposing George lost <abbr title="−67/291">23.0%</abbr> of its health!)</small><br></div><div class="spacer battle-history"><br></div><div class="battle-history">The opposing George fainted!<br></div><div class="spacer battle-history"><br></div><div class="battle-history">AllanG13 sent out Sparky (<strong>Jolteon</strong>)!<br></div><div class="battle-history"><small>The opposing Sparky was poisoned!</small><br></div><div class="spacer battle-history"><br></div><h2 class="battle-history">Turn 19</h2><div class="chat chatmessage-allang13"><strong style="color:hsl(338,68%,49%)"><small>★</small><span class="username" data-name="AllanG13">AllanG13</span>:</strong> <em>gg</em></div><div class="spacer battle-history"><br></div><div class="battle-history">The opposing Sparky used <strong>Thunderbolt</strong>!<br></div><div class="battle-history"><small>It's super effective!</small><br></div><div class="battle-history"><small>(Slowking lost <abbr title="−16/331">4.8%</abbr> of its health!)</small><br></div><div class="spacer battle-history"><br></div><div class="battle-history">Slowking fainted!<br></div><div class="spacer battle-history"><br></div><div class="battle-history"><strong>AllanG13</strong> won the battle!<br></div><div class="chat chatmessage-igordossantos"><strong style="color:hsl(2,69%,48%)"><small>★</small><span class="username" data-name="igor dos santos">igor dos santos</span>:</strong> <em>parabens</em></div><div class="chat"><small>igor dos santos left.</small></div></div><div class="inner-preempt"></div></div></div>
</div>
<script>
let daily = Math.floor(Date.now()/1000/60/60/24);document.write('<script src="https://play.pokemonshowdown.com/js/replay-embed.js?version'+daily+'"></'+'script>');
</script>
