<!DOCTYPE html>
<meta charset="utf-8" />
<!-- version 1 -->
<title>RU replay: mate amargo vs. EtienNU</title>
<style>
html,body {font-family:Verdana, sans-serif;font-size:10pt;margin:0;padding:0;}body{padding:12px 0;} .battle-log {font-family:Verdana, sans-serif;font-size:10pt;} .battle-log-inline {border:1px solid #AAAAAA;background:#EEF2F5;color:black;max-width:640px;margin:0 auto 80px;padding-bottom:5px;} .battle-log .inner {padding:4px 8px 0px 8px;} .battle-log .inner-preempt {padding:0 8px 4px 8px;} .battle-log .inner-after {margin-top:0.5em;} .battle-log h2 {margin:0.5em -8px;padding:4px 8px;border:1px solid #AAAAAA;background:#E0E7EA;border-left:0;border-right:0;font-family:Verdana, sans-serif;font-size:13pt;} .battle-log .chat {vertical-align:middle;padding:3px 0 3px 0;font-size:8pt;} .battle-log .chat strong {color:#40576A;} .battle-log .chat em {padding:1px 4px 1px 3px;color:#000000;font-style:normal;} .chat.mine {background:rgba(0,0,0,0.05);margin-left:-8px;margin-right:-8px;padding-left:8px;padding-right:8px;} .spoiler {color:#BBBBBB;background:#BBBBBB;padding:0px 3px;} .spoiler:hover, .spoiler:active, .spoiler-shown {color:#000000;background:#E2E2E2;padding:0px 3px;} .spoiler a {color:#BBBBBB;} .spoiler:hover a, .spoiler:active a, .spoiler-shown a {color:#2288CC;} .chat code, .chat .spoiler:hover code, .chat .spoiler:active code, .chat .spoiler-shown code {border:1px solid #C0C0C0;background:#EEEEEE;color:black;padding:0 2px;} .chat .spoiler code {border:1px solid #CCCCCC;background:#CCCCCC;color:#CCCCCC;} .battle-log .rated {padding:3px 4px;} .battle-log .rated strong {color:white;background:#89A;padding:1px 4px;border-radius:4px;} .spacer {margin-top:0.5em;} .message-announce {background:#6688AA;color:white;padding:1px 4px 2px;} .message-announce a, .broadcast-green a, .broadcast-blue a, .broadcast-red a {color:#DDEEFF;} .broadcast-green {background-color:#559955;color:white;padding:2px 4px;} .broadcast-blue {background-color:#6688AA;color:white;padding:2px 4px;} .infobox {border:1px solid #6688AA;padding:2px 4px;} .infobox-limited {max-height:200px;overflow:auto;overflow-x:hidden;} .broadcast-red {background-color:#AA5544;color:white;padding:2px 4px;} .message-learn-canlearn {font-weight:bold;color:#228822;text-decoration:underline;} .message-learn-cannotlearn {font-weight:bold;color:#CC2222;text-decoration:underline;} .message-effect-weak {font-weight:bold;color:#CC2222;} .message-effect-resist {font-weight:bold;color:#6688AA;} .message-effect-immune {font-weight:bold;color:#666666;} .message-learn-list {margin-top:0;margin-bottom:0;} .message-throttle-notice, .message-error {color:#992222;} .message-overflow, .chat small.message-overflow {font-size:0pt;} .message-overflow::before {font-size:9pt;content:'...';} .subtle {color:#3A4A66;}
</style>
<div class="wrapper replay-wrapper" style="max-width:1180px;margin:0 auto">
<input type="hidden" name="replayid" value="ru-497297237" />
<div class="battle"></div><div class="battle-log"></div><div class="replay-controls"></div><div class="replay-controls-2"></div>
<h1 style="font-weight:normal;text-align:center"><strong>RU</strong><br /><a href="http://pokemonshowdown.com/users/mateamargo" class="subtle" target="_blank">mate amargo</a> vs. <a href="http://pokemonshowdown.com/users/etiennu" class="subtle" target="_blank">EtienNU</a></h1>
<script type="text/plain" class="battle-log-data">|j|mate amargo
|j|EtienNU
|player|p1|mate amargo|12
|player|p2|EtienNU|266
|gametype|singles
|gen|6
|tier|RU
|rated
|seed|13573,22751,47236,45994
|rule|Sleep Clause Mod: Limit one foe put to sleep
|rule|Species Clause: Limit one of each Pokémon
|rule|OHKO Clause: OHKO moves are banned
|rule|Moody Clause: Moody is banned
|rule|Evasion Moves Clause: Evasion moves are banned
|rule|Endless Battle Clause: Forcing endless battles is banned
|rule|HP Percentage Mod: HP is shown in percentages
|clearpoke
|poke|p1|Leavanny, M|item
|poke|p1|Smeargle, F|item
|poke|p1|Golbat, F, shiny|item
|poke|p1|Machoke, M|item
|poke|p1|Kabutops, M|item
|poke|p1|Magneton|item
|poke|p2|Ambipom, M|item
|poke|p2|Spiritomb, M|item
|poke|p2|Cofagrigus, F|item
|poke|p2|Glalie, F|item
|poke|p2|Jolteon, M|item
|poke|p2|Cinccino, F|item
|rule|Swagger Clause: Swagger is banned
|rule|Baton Pass Clause: Limit one Baton Passer, can't pass Spe and other stats simultaneously
|teampreview
|c|★EtienNU|Gl
|choice|team 1, team 2, team 3, team 4, team 5, team 6|team 1, team 2, team 3, team 4, team 5, team 6
|
|start
|switch|p1a: 1°|Leavanny, M|354\/354
|switch|p2a: Ambipom|Ambipom, M|292\/292
|turn|1
|c|★mate amargo|u2
|choice|switch 5|move fakeout
|
|switch|p1a: 5°|Kabutops, M|262\/262
|move|p2a: Ambipom|Fake Out|p1a: 5°
|-resisted|p1a: 5°
|-damage|p1a: 5°|207\/262
|-ability|p1a: 5°|Weak Armor|boost
|-unboost|p1a: 5°|def|1
|-boost|p1a: 5°|spe|1
|-damage|p2a: Ambipom|263\/292|[from] item: Life Orb
|-enditem|p1a: 5°|White Herb
|-clearnegativeboost|p1a: 5°|[silent]
|
|upkeep
|turn|2
|choice|move waterfall|move poweruppunch
|
|move|p1a: 5°|Waterfall|p2a: Ambipom
|-damage|p2a: Ambipom|76\/292
|move|p2a: Ambipom|Power-Up Punch|p1a: 5°
|-supereffective|p1a: 5°
|-damage|p1a: 5°|61\/262
|-ability|p1a: 5°|Weak Armor|boost
|-unboost|p1a: 5°|def|1
|-boost|p1a: 5°|spe|1
|-boost|p2a: Ambipom|atk|1
|-damage|p2a: Ambipom|47\/292|[from] item: Life Orb
|
|upkeep
|turn|3
|choice|move waterfall|move poweruppunch
|
|move|p1a: 5°|Waterfall|p2a: Ambipom
|-damage|p2a: Ambipom|0 fnt
|faint|p2a: Ambipom
|
|upkeep
|choice||switch 5
|
|switch|p2a: Jolteon|Jolteon, M|272\/272
|turn|4
|choice|move rockslide|move thunderbolt
|
|move|p1a: 5°|Rock Slide|p2a: Jolteon
|-damage|p2a: Jolteon|67\/272
|-enditem|p2a: Jolteon|Sitrus Berry|[eat]
|-heal|p2a: Jolteon|135\/272|[from] item: Sitrus Berry
|move|p2a: Jolteon|Thunderbolt|p1a: 5°
|-supereffective|p1a: 5°
|-damage|p1a: 5°|0 fnt
|faint|p1a: 5°
|
|upkeep
|choice|switch 5|
|
|switch|p1a: 1°|Leavanny, M|354\/354
|turn|5
|choice|move stickyweb|move hiddenpower
|
|move|p2a: Jolteon|Hidden Power|p1a: 1°
|-supereffective|p1a: 1°
|-damage|p1a: 1°|242\/354
|move|p1a: 1°|Sticky Web|p2a: Jolteon
|-sidestart|p2: EtienNU|move: Sticky Web
|
|upkeep
|turn|6
|choice|move stringshot|switch 3
|
|switch|p2a: Cofagrigus|Cofagrigus, F|320\/320
|-activate|p2a: Cofagrigus|move: Sticky Web
|-unboost|p2a: Cofagrigus|spe|1
|move|p1a: 1°|String Shot|p2a: Cofagrigus|[miss]
|-miss|p1a: 1°|p2a: Cofagrigus
|
|upkeep
|turn|7
|choice|move lightscreen|move willowisp
|
|move|p1a: 1°|Light Screen|p1a: 1°
|-sidestart|p1: mate amargo|move: Light Screen
|move|p2a: Cofagrigus|Will-O-Wisp|p1a: 1°
|-status|p1a: 1°|brn
|
|-damage|p1a: 1°|198\/354 brn|[from] brn
|upkeep
|turn|8
|choice|move reflect|move hex
|
|move|p1a: 1°|Reflect|p1a: 1°
|-sidestart|p1: mate amargo|Reflect
|move|p2a: Cofagrigus|Hex|p1a: 1°
|-damage|p1a: 1°|141\/354 brn
|
|-damage|p1a: 1°|97\/354 brn|[from] brn
|upkeep
|turn|9
|choice|move stringshot|move haze
|
|move|p1a: 1°|String Shot|p2a: Cofagrigus
|-unboost|p2a: Cofagrigus|spe|2
|move|p2a: Cofagrigus|Haze|p2a: Cofagrigus
|-clearallboost
|
|-damage|p1a: 1°|53\/354 brn|[from] brn
|upkeep
|turn|10
|choice|move stringshot|move hex
|
|move|p1a: 1°|String Shot|p2a: Cofagrigus
|-unboost|p2a: Cofagrigus|spe|2
|move|p2a: Cofagrigus|Hex|p1a: 1°
|-damage|p1a: 1°|0 fnt
|faint|p1a: 1°
|
|upkeep
|choice|switch 3|
|
|switch|p1a: 3°|Golbat, F, shiny|354\/354
|turn|11
|choice|move shadowball|move willowisp
|
|move|p1a: 3°|Shadow Ball|p2a: Cofagrigus
|-supereffective|p2a: Cofagrigus
|-damage|p2a: Cofagrigus|182\/320
|-unboost|p2a: Cofagrigus|spd|1
|move|p2a: Cofagrigus|Will-O-Wisp|p1a: 3°
|-status|p1a: 3°|brn
|
|-heal|p2a: Cofagrigus|202\/320|[from] item: Leftovers
|-damage|p1a: 3°|310\/354 brn|[from] brn
|-sideend|p1: mate amargo|move: Light Screen
|upkeep
|turn|12
|choice|move airslash|switch 2
|
|switch|p2a: Spiritomb|Spiritomb, M|242\/242
|-activate|p2a: Spiritomb|move: Sticky Web
|-unboost|p2a: Spiritomb|spe|1
|move|p1a: 3°|Air Slash|p2a: Spiritomb
|-damage|p2a: Spiritomb|194\/242
|
|-damage|p1a: 3°|266\/354 brn|[from] brn
|-sideend|p1: mate amargo|Reflect
|upkeep
|turn|13
|choice|switch 2|move hiddenpower
|
|switch|p1a: 2°|Smeargle, F|314\/314
|move|p2a: Spiritomb|Hidden Power|p1a: 2°
|-damage|p1a: 2°|236\/314
|
|upkeep
|turn|14
|choice|move tailglow|switch 2
|
|switch|p2a: Cofagrigus|Cofagrigus, F|202\/320
|-activate|p2a: Cofagrigus|move: Sticky Web
|-unboost|p2a: Cofagrigus|spe|1
|move|p1a: 2°|Tail Glow|p1a: 2°
|-boost|p1a: 2°|spa|3
|
|-heal|p2a: Cofagrigus|222\/320|[from] item: Leftovers
|upkeep
|turn|15
|choice|move spore|move willowisp
|
|move|p1a: 2°|Spore|p2a: Cofagrigus
|-status|p2a: Cofagrigus|slp
|cant|p2a: Cofagrigus|slp
|
|-heal|p2a: Cofagrigus|242\/320 slp|[from] item: Leftovers
|upkeep
|turn|16
|choice|move tailglow|switch 4
|
|switch|p2a: Glalie|Glalie, F|364\/364
|-activate|p2a: Glalie|move: Sticky Web
|-unboost|p2a: Glalie|spe|1
|move|p1a: 2°|Tail Glow|p1a: 2°
|-boost|p1a: 2°|spa|3
|
|upkeep
|turn|17
|choice|move batonpass|move doubleedge mega
|
|detailschange|p2a: Glalie|Glalie-Mega, F
|-mega|p2a: Glalie|Glalie|Glalitite
|move|p1a: 2°|Baton Pass|p1a: 2°
|choice|switch 2|
|
|switch|p1a: 3°|Golbat, F, shiny|266\/354 brn
|move|p2a: Glalie|Double-Edge|p1a: 3°
|-supereffective|p1a: 3°
|-damage|p1a: 3°|0 fnt
|-damage|p2a: Glalie|276\/364|[from] recoil|[of] p1a: 3°
|faint|p1a: 3°
|
|upkeep
|choice|switch 4|
|
|switch|p1a: 4°|Machoke, M|364\/364
|turn|18
|choice|move dynamicpunch|move explosion
|
|move|p2a: Glalie|Explosion|p1a: 4°
|-damage|p1a: 4°|0 fnt
|faint|p2a: Glalie
|faint|p1a: 4°
|
|upkeep
|choice|switch 6|switch 6
|
|switch|p2a: Cinccino|Cinccino, F|292\/292
|switch|p1a: 6°|Magneton|241\/241
|-activate|p2a: Cinccino|move: Sticky Web
|-unboost|p2a: Cinccino|spe|1
|turn|19
|choice|move thunderbolt|move knockoff
|
|move|p1a: 6°|Thunderbolt|p2a: Cinccino
|-damage|p2a: Cinccino|55\/292
|move|p2a: Cinccino|Knock Off|p1a: 6°
|-damage|p1a: 6°|138\/241
|-enditem|p1a: 6°|Expert Belt|[from] move: Knock Off|[of] p2a: Cinccino
|
|upkeep
|turn|20
|choice|move flashcannon|move rockblast
|
|move|p1a: 6°|Flash Cannon|p2a: Cinccino
|-damage|p2a: Cinccino|0 fnt
|faint|p2a: Cinccino
|
|upkeep
|choice||switch 2
|
|switch|p2a: Spiritomb|Spiritomb, M|194\/242
|-activate|p2a: Spiritomb|move: Sticky Web
|-unboost|p2a: Spiritomb|spe|1
|turn|21
|choice|move signalbeam|move hiddenpower
|
|move|p1a: 6°|Signal Beam|p2a: Spiritomb
|-damage|p2a: Spiritomb|153\/242
|move|p2a: Spiritomb|Hidden Power|p1a: 6°
|-resisted|p1a: 6°
|-damage|p1a: 6°|107\/241
|
|upkeep
|turn|22
|choice|move triattack|move shadowball
|
|move|p1a: 6°|Tri Attack|p2a: Spiritomb
|-immune|p2a: Spiritomb|[msg]
|move|p2a: Spiritomb|Shadow Ball|p1a: 6°
|-damage|p1a: 6°|0 fnt
|faint|p1a: 6°
|
|upkeep
|c|★mate amargo|mis clic XD
|choice|switch 2|
|
|switch|p1a: 2°|Smeargle, F|236\/314
|turn|23
|c|★mate amargo|gg
|choice|move batonpass|move hiddenpower
|
|move|p1a: 2°|Baton Pass|p1a: 2°
|-fail|p1a: 2°
|move|p2a: Spiritomb|Hidden Power|p1a: 2°
|-damage|p1a: 2°|160\/314
|
|upkeep
|turn|24
|choice|move batonpass|move hiddenpower
|
|move|p1a: 2°|Baton Pass|p1a: 2°
|-fail|p1a: 2°
|move|p2a: Spiritomb|Hidden Power|p1a: 2°
|-damage|p1a: 2°|80\/314
|-enditem|p1a: 2°|Sitrus Berry|[eat]
|-heal|p1a: 2°|158\/314|[from] item: Sitrus Berry
|
|upkeep
|turn|25
|choice|move bellydrum|move hiddenpower
|
|move|p1a: 2°|Belly Drum|p1a: 2°
|-damage|p1a: 2°|1\/314
|-setboost|p1a: 2°|atk|6|[from] move: Belly Drum
|move|p2a: Spiritomb|Hidden Power|p1a: 2°
|-damage|p1a: 2°|0 fnt
|faint|p1a: 2°
|
|win|EtienNU
|player|p1
|player|p2
|l|mate amargo
|c|★EtienNU|Gg</script>
</div>
<div class="battle-log battle-log-inline"><div class="inner"><div class="battle-options"></div><div class="inner"><div class="chat"><small>mate amargo joined.</small></div><div class="chat"><small>EtienNU joined.</small></div><div class=""><small>Format:</small> <br><strong>RU</strong></div><div class="rated"><strong>Rated battle</strong></div><div class=""><small><em>Sleep Clause Mod:</em> Limit one foe put to sleep</small></div><div class=""><small><em>Species Clause:</em> Limit one of each Pokémon</small></div><div class=""><small><em>OHKO Clause:</em> OHKO moves are banned</small></div><div class=""><small><em>Moody Clause:</em> Moody is banned</small></div><div class=""><small><em>Evasion Moves Clause:</em> Evasion moves are banned</small></div><div class=""><small><em>Endless Battle Clause:</em> Forcing endless battles is banned</small></div><div class=""><small><em>HP Percentage Mod:</em> HP is shown in percentages</small></div><div class=""><small><em>Swagger Clause:</em> Swagger is banned</small></div><div class=""><small><em>Baton Pass Clause:</em> Limit one Baton Passer, can't pass Spe and other stats simultaneously</small></div><div class="chat battle-history"><strong>mate amargo's team:</strong> <em style="color:#445566;display:block;">Leavanny / Smeargle / Golbat / Machoke / Kabutops / Magneton</em></div><div class="chat battle-history"><strong>EtienNU's team:</strong> <em style="color:#445566;display:block;">Ambipom / Spiritomb / Cofagrigus / Glalie / Jolteon / Cinccino</em></div><div class="chat chatmessage-etiennu"><strong style="color:hsl(64,86%,32.62671238509347%)"><small>★</small><span class="username" data-name="EtienNU">EtienNU</span>:</strong> <em>Gl</em></div><div class="spacer battle-history"><br></div><div class="battle-history">Battle started between mate amargo and EtienNU!<br></div><div class="spacer battle-history"><br></div><div class="battle-history">Go! 1° (<strong>Leavanny</strong>)!<br></div><div class="spacer battle-history"><br></div><div class="battle-history">EtienNU sent out <strong>Ambipom</strong>!<br></div><div class="spacer battle-history"><br></div><h2 class="battle-history">Turn 1</h2><div class="chat chatmessage-mateamargo"><strong style="color:hsl(346,74%,46%)"><small>★</small><span class="username" data-name="mate amargo">mate amargo</span>:</strong> <em>u2</em></div><div class="spacer battle-history"><br></div><div class="battle-history">1°, come back!<br></div><div class="battle-history">Go! 5° (<strong>Kabutops</strong>)!<br></div><div class="spacer battle-history"><br></div><div class="battle-history">The opposing Ambipom used <strong>Fake Out</strong>!<br></div><div class="battle-history"><small>It's not very effective...</small><br></div><div class="battle-history"><small>(5° lost <abbr title="−55/262">21.0%</abbr> of its health!)</small><br></div><div class="battle-history"><small>[5°'s Weak Armor]</small><br></div><div class="battle-history"><small>5°'s Defense fell!</small><br></div><div class="battle-history"><small>5°'s Speed rose!</small><br></div><div class="battle-history"><small>The opposing Ambipom lost some of its HP!</small><br></div><div class="battle-history"><small>5° returned its status to normal using its White Herb!</small><br></div><div class="spacer battle-history"><br></div><h2 class="battle-history">Turn 2</h2><div class="spacer battle-history"><br></div><div class="battle-history">5° used <strong>Waterfall</strong>!<br></div><div class="battle-history"><small>(The opposing Ambipom lost <abbr title="−187/292">64.0%</abbr> of its health!)</small><br></div><div class="spacer battle-history"><br></div><div class="battle-history">The opposing Ambipom used <strong>Power-Up Punch</strong>!<br></div><div class="battle-history"><small>It's super effective!</small><br></div><div class="battle-history"><small>(5° lost <abbr title="−146/262">55.7%</abbr> of its health!)</small><br></div><div class="battle-history"><small>[5°'s Weak Armor]</small><br></div><div class="battle-history"><small>5°'s Defense fell!</small><br></div><div class="battle-history"><small>5°'s Speed rose!</small><br></div><div class="battle-history"><small>The opposing Ambipom's Attack rose!</small><br></div><div class="battle-history"><small>The opposing Ambipom lost some of its HP!</small><br></div><div class="spacer battle-history"><br></div><h2 class="battle-history">Turn 3</h2><div class="spacer battle-history"><br></div><div class="battle-history">5° used <strong>Waterfall</strong>!<br></div><div class="battle-history"><small>(The opposing Ambipom lost <abbr title="−47/292">16.1%</abbr> of its health!)</small><br></div><div class="spacer battle-history"><br></div><div class="battle-history">The opposing Ambipom fainted!<br></div><div class="spacer battle-history"><br></div><div class="battle-history">EtienNU sent out <strong>Jolteon</strong>!<br></div><div class="spacer battle-history"><br></div><h2 class="battle-history">Turn 4</h2><div class="spacer battle-history"><br></div><div class="battle-history">5° used <strong>Rock Slide</strong>!<br></div><div class="battle-history"><small>(The opposing Jolteon lost <abbr title="−205/272">75.4%</abbr> of its health!)</small><br></div><div class="battle-history"><small>The opposing Jolteon ate its Sitrus Berry!</small><br></div><div class="battle-history"><small>The opposing Jolteon restored HP using its Sitrus Berry!</small><br></div><div class="spacer battle-history"><br></div><div class="battle-history">The opposing Jolteon used <strong>Thunderbolt</strong>!<br></div><div class="battle-history"><small>It's super effective!</small><br></div><div class="battle-history"><small>(5° lost <abbr title="−61/262">23.3%</abbr> of its health!)</small><br></div><div class="spacer battle-history"><br></div><div class="battle-history">5° fainted!<br></div><div class="spacer battle-history"><br></div><div class="battle-history">Go! 1° (<strong>Leavanny</strong>)!<br></div><div class="spacer battle-history"><br></div><h2 class="battle-history">Turn 5</h2><div class="spacer battle-history"><br></div><div class="battle-history">The opposing Jolteon used <strong>Hidden Power</strong>!<br></div><div class="battle-history"><small>It's super effective!</small><br></div><div class="battle-history"><small>(1° lost <abbr title="−112/354">31.6%</abbr> of its health!)</small><br></div><div class="spacer battle-history"><br></div><div class="battle-history">1° used <strong>Sticky Web</strong>!<br></div><div class="battle-history"><small>A sticky web spreads out on the ground around the opposing team!</small><br></div><div class="spacer battle-history"><br></div><h2 class="battle-history">Turn 6</h2><div class="spacer battle-history"><br></div><div class="battle-history">EtienNU withdrew Jolteon!<br></div><div class="battle-history">EtienNU sent out <strong>Cofagrigus</strong>!<br></div><div class="battle-history"><small>The opposing Cofagrigus was caught in a sticky web!</small><br></div><div class="battle-history"><small>The opposing Cofagrigus's Speed fell!</small><br></div><div class="spacer battle-history"><br></div><div class="battle-history">1° used <strong>String Shot</strong>!<br></div><div class="battle-history"><small>The opposing Cofagrigus avoided the attack!</small><br></div><div class="spacer battle-history"><br></div><h2 class="battle-history">Turn 7</h2><div class="spacer battle-history"><br></div><div class="battle-history">1° used <strong>Light Screen</strong>!<br></div><div class="battle-history"><small>Light Screen made your team stronger against special moves!</small><br></div><div class="spacer battle-history"><br></div><div class="battle-history">The opposing Cofagrigus used <strong>Will-O-Wisp</strong>!<br></div><div class="battle-history"><small>1° was burned!</small><br></div><div class="spacer battle-history"><br></div><div class="battle-history"><small>1° was hurt by its burn!</small><br></div><div class="spacer battle-history"><br></div><h2 class="battle-history">Turn 8</h2><div class="spacer battle-history"><br></div><div class="battle-history">1° used <strong>Reflect</strong>!<br></div><div class="battle-history"><small>Reflect made your team stronger against physical moves!</small><br></div><div class="spacer battle-history"><br></div><div class="battle-history">The opposing Cofagrigus used <strong>Hex</strong>!<br></div><div class="battle-history"><small>(1° lost <abbr title="−57/354">16.1%</abbr> of its health!)</small><br></div><div class="spacer battle-history"><br></div><div class="battle-history"><small>1° was hurt by its burn!</small><br></div><div class="spacer battle-history"><br></div><h2 class="battle-history">Turn 9</h2><div class="spacer battle-history"><br></div><div class="battle-history">1° used <strong>String Shot</strong>!<br></div><div class="battle-history"><small>The opposing Cofagrigus's Speed fell harshly!</small><br></div><div class="spacer battle-history"><br></div><div class="battle-history">The opposing Cofagrigus used <strong>Haze</strong>!<br></div><div class="battle-history"><small>All stat changes were eliminated!</small><br></div><div class="spacer battle-history"><br></div><div class="battle-history"><small>1° was hurt by its burn!</small><br></div><div class="spacer battle-history"><br></div><h2 class="battle-history">Turn 10</h2><div class="spacer battle-history"><br></div><div class="battle-history">1° used <strong>String Shot</strong>!<br></div><div class="battle-history"><small>The opposing Cofagrigus's Speed fell harshly!</small><br></div><div class="spacer battle-history"><br></div><div class="battle-history">The opposing Cofagrigus used <strong>Hex</strong>!<br></div><div class="battle-history"><small>(1° lost <abbr title="−53/354">15.0%</abbr> of its health!)</small><br></div><div class="spacer battle-history"><br></div><div class="battle-history">1° fainted!<br></div><div class="spacer battle-history"><br></div><div class="battle-history">Go! 3° (<strong>Golbat</strong>)!<br></div><div class="spacer battle-history"><br></div><h2 class="battle-history">Turn 11</h2><div class="spacer battle-history"><br></div><div class="battle-history">3° used <strong>Shadow Ball</strong>!<br></div><div class="battle-history"><small>It's super effective!</small><br></div><div class="battle-history"><small>(The opposing Cofagrigus lost <abbr title="−138/320">43.1%</abbr> of its health!)</small><br></div><div class="battle-history"><small>The opposing Cofagrigus's Special Defense fell!</small><br></div><div class="spacer battle-history"><br></div><div class="battle-history">The opposing Cofagrigus used <strong>Will-O-Wisp</strong>!<br></div><div class="battle-history"><small>3° was burned!</small><br></div><div class="spacer battle-history"><br></div><div class="battle-history"><small>The opposing Cofagrigus restored a little HP using its Leftovers!</small><br></div><div class="battle-history"><small>3° was hurt by its burn!</small><br></div><div class="battle-history"><small>Your team's Light Screen wore off!</small><br></div><div class="spacer battle-history"><br></div><h2 class="battle-history">Turn 12</h2><div class="spacer battle-history"><br></div><div class="battle-history">EtienNU withdrew Cofagrigus!<br></div><div class="battle-history">EtienNU sent out <strong>Spiritomb</strong>!<br></div><div class="battle-history"><small>The opposing Spiritomb was caught in a sticky web!</small><br></div><div class="battle-history"><small>The opposing Spiritomb's Speed fell!</small><br></div><div class="spacer battle-history"><br></div><div class="battle-history">3° used <strong>Air Slash</strong>!<br></div><div class="battle-history"><small>(The opposing Spiritomb lost <abbr title="−48/242">19.8%</abbr> of its health!)</small><br></div><div class="spacer battle-history"><br></div><div class="battle-history"><small>3° was hurt by its burn!</small><br></div><div class="battle-history"><small>Your team's Reflect wore off!</small><br></div><div class="spacer battle-history"><br></div><h2 class="battle-history">Turn 13</h2><div class="spacer battle-history"><br></div><div class="battle-history">3°, come back!<br></div><div class="battle-history">Go! 2° (<strong>Smeargle</strong>)!<br></div><div class="spacer battle-history"><br></div><div class="battle-history">The opposing Spiritomb used <strong>Hidden Power</strong>!<br></div><div class="battle-history"><small>(2° lost <abbr title="−78/314">24.8%</abbr> of its health!)</small><br></div><div class="spacer battle-history"><br></div><h2 class="battle-history">Turn 14</h2><div class="spacer battle-history"><br></div><div class="battle-history">EtienNU withdrew Spiritomb!<br></div><div class="battle-history">EtienNU sent out <strong>Cofagrigus</strong>!<br></div><div class="battle-history"><small>The opposing Cofagrigus was caught in a sticky web!</small><br></div><div class="battle-history"><small>The opposing Cofagrigus's Speed fell!</small><br></div><div class="spacer battle-history"><br></div><div class="battle-history">2° used <strong>Tail Glow</strong>!<br></div><div class="battle-history"><small>2°'s Special Attack rose drastically!</small><br></div><div class="spacer battle-history"><br></div><div class="battle-history"><small>The opposing Cofagrigus restored a little HP using its Leftovers!</small><br></div><div class="spacer battle-history"><br></div><h2 class="battle-history">Turn 15</h2><div class="spacer battle-history"><br></div><div class="battle-history">2° used <strong>Spore</strong>!<br></div><div class="battle-history"><small>The opposing Cofagrigus fell asleep!</small><br></div><div class="spacer battle-history"><br></div><div class="battle-history">The opposing Cofagrigus is fast asleep.<br></div><div class="spacer battle-history"><br></div><div class="battle-history"><small>The opposing Cofagrigus restored a little HP using its Leftovers!</small><br></div><div class="spacer battle-history"><br></div><h2 class="battle-history">Turn 16</h2><div class="spacer battle-history"><br></div><div class="battle-history">EtienNU withdrew Cofagrigus!<br></div><div class="battle-history">EtienNU sent out <strong>Glalie</strong>!<br></div><div class="battle-history"><small>The opposing Glalie was caught in a sticky web!</small><br></div><div class="battle-history"><small>The opposing Glalie's Speed fell!</small><br></div><div class="spacer battle-history"><br></div><div class="battle-history">2° used <strong>Tail Glow</strong>!<br></div><div class="battle-history"><small>2°'s Special Attack rose drastically!</small><br></div><div class="spacer battle-history"><br></div><h2 class="battle-history">Turn 17</h2><div class="spacer battle-history"><br></div><div class="battle-history"><small>The opposing Glalie's Glalitite is reacting to EtienNU's Mega Bracelet!</small><br>The opposing Glalie has Mega Evolved into Mega Glalie!<br></div><div class="spacer battle-history"><br></div><div class="battle-history">2° used <strong>Baton Pass</strong>!<br></div><div class="spacer battle-history"><br></div><div class="battle-history">Go! 3° (<strong>Golbat</strong>)!<br></div><div class="spacer battle-history"><br></div><div class="battle-history">The opposing Glalie used <strong>Double-Edge</strong>!<br></div><div class="battle-history"><small>It's super effective!</small><br></div><div class="battle-history"><small>(3° lost <abbr title="−266/354">75.1%</abbr> of its health!)</small><br></div><div class="battle-history"><small>The opposing Glalie is damaged by the recoil!</small><br></div><div class="spacer battle-history"><br></div><div class="battle-history">3° fainted!<br></div><div class="spacer battle-history"><br></div><div class="battle-history">Go! 4° (<strong>Machoke</strong>)!<br></div><div class="spacer battle-history"><br></div><h2 class="battle-history">Turn 18</h2><div class="spacer battle-history"><br></div><div class="battle-history">The opposing Glalie used <strong>Explosion</strong>!<br></div><div class="battle-history"><small>(4° lost <abbr title="−364/364">100%</abbr> of its health!)</small><br></div><div class="spacer battle-history"><br></div><div class="battle-history">The opposing Glalie fainted!<br></div><div class="battle-history">4° fainted!<br></div><div class="spacer battle-history"><br></div><div class="battle-history">EtienNU sent out <strong>Cinccino</strong>!<br></div><div class="spacer battle-history"><br></div><div class="battle-history">Go! 6° (<strong>Magneton</strong>)!<br></div><div class="battle-history"><small>The opposing Cinccino was caught in a sticky web!</small><br></div><div class="battle-history"><small>The opposing Cinccino's Speed fell!</small><br></div><div class="spacer battle-history"><br></div><h2 class="battle-history">Turn 19</h2><div class="spacer battle-history"><br></div><div class="battle-history">6° used <strong>Thunderbolt</strong>!<br></div><div class="battle-history"><small>(The opposing Cinccino lost <abbr title="−237/292">81.2%</abbr> of its health!)</small><br></div><div class="spacer battle-history"><br></div><div class="battle-history">The opposing Cinccino used <strong>Knock Off</strong>!<br></div><div class="battle-history"><small>(6° lost <abbr title="−103/241">42.7%</abbr> of its health!)</small><br></div><div class="battle-history"><small>The opposing Cinccino knocked off 6°'s Expert Belt!</small><br></div><div class="spacer battle-history"><br></div><h2 class="battle-history">Turn 20</h2><div class="spacer battle-history"><br></div><div class="battle-history">6° used <strong>Flash Cannon</strong>!<br></div><div class="battle-history"><small>(The opposing Cinccino lost <abbr title="−55/292">18.8%</abbr> of its health!)</small><br></div><div class="spacer battle-history"><br></div><div class="battle-history">The opposing Cinccino fainted!<br></div><div class="spacer battle-history"><br></div><div class="battle-history">EtienNU sent out <strong>Spiritomb</strong>!<br></div><div class="battle-history"><small>The opposing Spiritomb was caught in a sticky web!</small><br></div><div class="battle-history"><small>The opposing Spiritomb's Speed fell!</small><br></div><div class="spacer battle-history"><br></div><h2 class="battle-history">Turn 21</h2><div class="spacer battle-history"><br></div><div class="battle-history">6° used <strong>Signal Beam</strong>!<br></div><div class="battle-history"><small>(The opposing Spiritomb lost <abbr title="−41/242">16.9%</abbr> of its health!)</small><br></div><div class="spacer battle-history"><br></div><div class="battle-history">The opposing Spiritomb used <strong>Hidden Power</strong>!<br></div><div class="battle-history"><small>It's not very effective...</small><br></div><div class="battle-history"><small>(6° lost <abbr title="−31/241">12.9%</abbr> of its health!)</small><br></div><div class="spacer battle-history"><br></div><h2 class="battle-history">Turn 22</h2><div class="spacer battle-history"><br></div><div class="battle-history">6° used <strong>Tri Attack</strong>!<br></div><div class="battle-history"><small>It doesn't affect the opposing Spiritomb...</small><br></div><div class="spacer battle-history"><br></div><div class="battle-history">The opposing Spiritomb used <strong>Shadow Ball</strong>!<br></div><div class="battle-history"><small>(6° lost <abbr title="−107/241">44.4%</abbr> of its health!)</small><br></div><div class="spacer battle-history"><br></div><div class="battle-history">6° fainted!<br></div><div class="chat chatmessage-mateamargo"><strong style="color:hsl(346,74%,46%)"><small>★</small><span class="username" data-name="mate amargo">mate amargo</span>:</strong> <em>mis clic XD</em></div><div class="spacer battle-history"><br></div><div class="battle-history">Go! 2° (<strong>Smeargle</strong>)!<br></div><div class="spacer battle-history"><br></div><h2 class="battle-history">Turn 23</h2><div class="chat chatmessage-mateamargo"><strong style="color:hsl(346,74%,46%)"><small>★</small><span class="username" data-name="mate amargo">mate amargo</span>:</strong> <em>gg</em></div><div class="spacer battle-history"><br></div><div class="battle-history">2° used <strong>Baton Pass</strong>!<br></div><div class="battle-history"><small>But it failed!</small><br></div><div class="spacer battle-history"><br></div><div class="battle-history">The opposing Spiritomb used <strong>Hidden Power</strong>!<br></div><div class="battle-history"><small>(2° lost <abbr title="−76/314">24.2%</abbr> of its health!)</small><br></div><div class="spacer battle-history"><br></div><h2 class="battle-history">Turn 24</h2><div class="spacer battle-history"><br></div><div class="battle-history">2° used <strong>Baton Pass</strong>!<br></div><div class="battle-history"><small>But it failed!</small><br></div><div class="spacer battle-history"><br></div><div class="battle-history">The opposing Spiritomb used <strong>Hidden Power</strong>!<br></div><div class="battle-history"><small>(2° lost <abbr title="−80/314">25.5%</abbr> of its health!)</small><br></div><div class="battle-history"><small>2° ate its Sitrus Berry!</small><br></div><div class="battle-history"><small>2° restored HP using its Sitrus Berry!</small><br></div><div class="spacer battle-history"><br></div><h2 class="battle-history">Turn 25</h2><div class="spacer battle-history"><br></div><div class="battle-history">2° used <strong>Belly Drum</strong>!<br></div><div class="battle-history"><small>(2° lost <abbr title="−157/314">50%</abbr> of its health!)</small><br></div><div class="battle-history"><small>2° cut its own HP and maximized its Attack!</small><br></div><div class="spacer battle-history"><br></div><div class="battle-history">The opposing Spiritomb used <strong>Hidden Power</strong>!<br></div><div class="battle-history"><small>(2° lost <abbr title="−1/314">0.3%</abbr> of its health!)</small><br></div><div class="spacer battle-history"><br></div><div class="battle-history">2° fainted!<br></div><div class="spacer battle-history"><br></div><div class="battle-history"><strong>EtienNU</strong> won the battle!<br></div><div class="chat"><small>mate amargo left.</small></div><div class="chat chatmessage-etiennu"><strong style="color:hsl(64,86%,32.62671238509347%)"><small>★</small><span class="username" data-name="EtienNU">EtienNU</span>:</strong> <em>Gg</em></div></div><div class="inner-preempt"></div></div></div>
</div>
<script>
let daily = Math.floor(Date.now()/1000/60/60/24);document.write('<script src="https://play.pokemonshowdown.com/js/replay-embed.js?version'+daily+'"></'+'script>');
</script>
