<!DOCTYPE html>
<meta charset="utf-8" />
<!-- version 1 -->
<title>RU replay: Pawnnet vs. Kingchristo4</title>
<style>
html,body {font-family:Verdana, sans-serif;font-size:10pt;margin:0;padding:0;}body{padding:12px 0;} .battle-log {font-family:Verdana, sans-serif;font-size:10pt;} .battle-log-inline {border:1px solid #AAAAAA;background:#EEF2F5;color:black;max-width:640px;margin:0 auto 80px;padding-bottom:5px;} .battle-log .inner {padding:4px 8px 0px 8px;} .battle-log .inner-preempt {padding:0 8px 4px 8px;} .battle-log .inner-after {margin-top:0.5em;} .battle-log h2 {margin:0.5em -8px;padding:4px 8px;border:1px solid #AAAAAA;background:#E0E7EA;border-left:0;border-right:0;font-family:Verdana, sans-serif;font-size:13pt;} .battle-log .chat {vertical-align:middle;padding:3px 0 3px 0;font-size:8pt;} .battle-log .chat strong {color:#40576A;} .battle-log .chat em {padding:1px 4px 1px 3px;color:#000000;font-style:normal;} .chat.mine {background:rgba(0,0,0,0.05);margin-left:-8px;margin-right:-8px;padding-left:8px;padding-right:8px;} .spoiler {color:#BBBBBB;background:#BBBBBB;padding:0px 3px;} .spoiler:hover, .spoiler:active, .spoiler-shown {color:#000000;background:#E2E2E2;padding:0px 3px;} .spoiler a {color:#BBBBBB;} .spoiler:hover a, .spoiler:active a, .spoiler-shown a {color:#2288CC;} .chat code, .chat .spoiler:hover code, .chat .spoiler:active code, .chat .spoiler-shown code {border:1px solid #C0C0C0;background:#EEEEEE;color:black;padding:0 2px;} .chat .spoiler code {border:1px solid #CCCCCC;background:#CCCCCC;color:#CCCCCC;} .battle-log .rated {padding:3px 4px;} .battle-log .rated strong {color:white;background:#89A;padding:1px 4px;border-radius:4px;} .spacer {margin-top:0.5em;} .message-announce {background:#6688AA;color:white;padding:1px 4px 2px;} .message-announce a, .broadcast-green a, .broadcast-blue a, .broadcast-red a {color:#DDEEFF;} .broadcast-green {background-color:#559955;color:white;padding:2px 4px;} .broadcast-blue {background-color:#6688AA;color:white;padding:2px 4px;} .infobox {border:1px solid #6688AA;padding:2px 4px;} .infobox-limited {max-height:200px;overflow:auto;overflow-x:hidden;} .broadcast-red {background-color:#AA5544;color:white;padding:2px 4px;} .message-learn-canlearn {font-weight:bold;color:#228822;text-decoration:underline;} .message-learn-cannotlearn {font-weight:bold;color:#CC2222;text-decoration:underline;} .message-effect-weak {font-weight:bold;color:#CC2222;} .message-effect-resist {font-weight:bold;color:#6688AA;} .message-effect-immune {font-weight:bold;color:#666666;} .message-learn-list {margin-top:0;margin-bottom:0;} .message-throttle-notice, .message-error {color:#992222;} .message-overflow, .chat small.message-overflow {font-size:0pt;} .message-overflow::before {font-size:9pt;content:'...';} .subtle {color:#3A4A66;}
</style>
<div class="wrapper replay-wrapper" style="max-width:1180px;margin:0 auto">
<input type="hidden" name="replayid" value="ru-504326160" />
<div class="battle"></div><div class="battle-log"></div><div class="replay-controls"></div><div class="replay-controls-2"></div>
<h1 style="font-weight:normal;text-align:center"><strong>RU</strong><br /><a href="http://pokemonshowdown.com/users/pawnnet" class="subtle" target="_blank">Pawnnet</a> vs. <a href="http://pokemonshowdown.com/users/kingchristo4" class="subtle" target="_blank">Kingchristo4</a></h1>
<script type="text/plain" class="battle-log-data">|j|Pawnnet
|j|Kingchristo4
|player|p1|Pawnnet|176
|player|p2|Kingchristo4|54
|gametype|singles
|gen|6
|tier|RU
|rated
|seed|6420,15417,62539,26363
|rule|Sleep Clause Mod: Limit one foe put to sleep
|rule|Species Clause: Limit one of each Pokémon
|rule|OHKO Clause: OHKO moves are banned
|rule|Moody Clause: Moody is banned
|rule|Evasion Moves Clause: Evasion moves are banned
|rule|Endless Battle Clause: Forcing endless battles is banned
|rule|HP Percentage Mod: HP is shown in percentages
|clearpoke
|poke|p1|Jolteon, M, shiny|item
|poke|p1|Drapion, F, shiny|item
|poke|p1|Hitmonlee, M, shiny|item
|poke|p1|Bronzong, shiny|item
|poke|p1|Sigilyph, M, shiny|item
|poke|p1|Scrafty, M, shiny|item
|poke|p2|Bronzong|item
|poke|p2|Absol, F|item
|poke|p2|Cacturne, F|item
|poke|p2|Manectric, F|item
|poke|p2|Flygon, F|item
|poke|p2|Typhlosion, F|
|rule|Swagger Clause: Swagger is banned
|rule|Baton Pass Clause: Limit one Baton Passer, can't pass Spe and other stats simultaneously
|teampreview
|choice|team 6, team 2, team 3, team 4, team 5, team 1|team 5, team 2, team 3, team 4, team 1, team 6
|
|start
|switch|p1a: Pj masks|Scrafty, M, shiny|271\/271
|switch|p2a: Flygon|Flygon, F|301\/301
|turn|1
|choice|move dragondance|move uturn
|
|move|p2a: Flygon|U-turn|p1a: Pj masks
|-damage|p1a: Pj masks|213\/271
|choice||switch 6
|
|switch|p2a: Typhlosion|Typhlosion, F|297\/297
|move|p1a: Pj masks|Dragon Dance|p1a: Pj masks
|-boost|p1a: Pj masks|atk|1
|-boost|p1a: Pj masks|spe|1
|
|upkeep
|turn|2
|choice|move highjumpkick|move willowisp
|
|move|p1a: Pj masks|High Jump Kick|p2a: Typhlosion
|-damage|p2a: Typhlosion|0 fnt
|-damage|p1a: Pj masks|186\/271|[from] item: Life Orb
|faint|p2a: Typhlosion
|-ability|p1a: Pj masks|Moxie|boost
|-boost|p1a: Pj masks|atk|1
|
|upkeep
|j|NaiiXus
|choice||switch 5
|
|switch|p2a: Bronzong|Bronzong|275\/275
|turn|3
|choice|move crunch|move trickroom
|
|move|p1a: Pj masks|Crunch|p2a: Bronzong
|-supereffective|p2a: Bronzong
|-damage|p2a: Bronzong|0 fnt
|-damage|p1a: Pj masks|159\/271|[from] item: Life Orb
|faint|p2a: Bronzong
|-ability|p1a: Pj masks|Moxie|boost
|-boost|p1a: Pj masks|atk|1
|
|upkeep
|choice||switch 6
|
|switch|p2a: Flygon|Flygon, F|301\/301
|turn|4
|choice|move icepunch|move earthquake
|
|move|p1a: Pj masks|Ice Punch|p2a: Flygon
|-supereffective|p2a: Flygon
|-damage|p2a: Flygon|0 fnt
|-damage|p1a: Pj masks|132\/271|[from] item: Life Orb
|faint|p2a: Flygon
|-ability|p1a: Pj masks|Moxie|boost
|-boost|p1a: Pj masks|atk|1
|
|upkeep
|choice||switch 2
|
|switch|p2a: Absol|Absol, F|271\/271
|turn|5
|choice|move highjumpkick|move xscissor
|
|move|p1a: Pj masks|High Jump Kick|p2a: Absol
|-supereffective|p2a: Absol
|-damage|p2a: Absol|0 fnt
|-damage|p1a: Pj masks|105\/271|[from] item: Life Orb
|faint|p2a: Absol
|-ability|p1a: Pj masks|Moxie|boost
|-boost|p1a: Pj masks|atk|1
|
|upkeep
|choice||switch 4
|
|switch|p2a: Manectric|Manectric, F|282\/282
|turn|6
|choice|move crunch|move voltswitch
|
|move|p1a: Pj masks|Crunch|p2a: Manectric
|-damage|p2a: Manectric|0 fnt
|-damage|p1a: Pj masks|78\/271|[from] item: Life Orb
|faint|p2a: Manectric
|-ability|p1a: Pj masks|Moxie|boost
|-boost|p1a: Pj masks|atk|1
|
|upkeep
|c|★Pawnnet|GG
|choice||switch 3
|
|switch|p2a: Cacturne|Cacturne, F|282\/282
|turn|7
|choice|move icepunch|move spikyshield
|
|move|p2a: Cacturne|Spiky Shield|p2a: Cacturne
|-singleturn|p2a: Cacturne|move: Protect
|move|p1a: Pj masks|Ice Punch|p2a: Cacturne
|-activate|p2a: Cacturne|move: Protect
|-damage|p1a: Pj masks|45\/271|[from] Spiky Shield|[of] p2a: Cacturne
|
|upkeep
|turn|8
|choice|move icepunch|move suckerpunch
|
|move|p2a: Cacturne|Sucker Punch|p1a: Pj masks
|-resisted|p1a: Pj masks
|-damage|p1a: Pj masks|15\/271
|move|p1a: Pj masks|Ice Punch|p2a: Cacturne
|-supereffective|p2a: Cacturne
|-damage|p2a: Cacturne|0 fnt
|-damage|p1a: Pj masks|0 fnt|[from] item: Rocky Helmet|[of] p2a: Cacturne
|faint|p1a: Pj masks
|faint|p2a: Cacturne
|
|win|Pawnnet
|player|p1
|player|p2
|raw|Pawnnet's rating: 1218 &rarr; <strong>1232<\/strong><br \/>(+14 for winning)
|raw|Kingchristo4's rating: 1045 &rarr; <strong>1036<\/strong><br \/>(-9 for losing)</script>
</div>
<div class="battle-log battle-log-inline"><div class="inner"><div class="battle-options"></div><div class="inner"><div class="chat"><small>Pawnnet joined.</small></div><div class="chat"><small>Kingchristo4 joined.</small></div><div class=""><small>Format:</small> <br><strong>RU</strong></div><div class="rated"><strong>Rated battle</strong></div><div class=""><small><em>Sleep Clause Mod:</em> Limit one foe put to sleep</small></div><div class=""><small><em>Species Clause:</em> Limit one of each Pokémon</small></div><div class=""><small><em>OHKO Clause:</em> OHKO moves are banned</small></div><div class=""><small><em>Moody Clause:</em> Moody is banned</small></div><div class=""><small><em>Evasion Moves Clause:</em> Evasion moves are banned</small></div><div class=""><small><em>Endless Battle Clause:</em> Forcing endless battles is banned</small></div><div class=""><small><em>HP Percentage Mod:</em> HP is shown in percentages</small></div><div class=""><small><em>Swagger Clause:</em> Swagger is banned</small></div><div class=""><small><em>Baton Pass Clause:</em> Limit one Baton Passer, can't pass Spe and other stats simultaneously</small></div><div class="chat battle-history"><strong>Pawnnet's team:</strong> <em style="color:#445566;display:block;">Jolteon / Drapion / Hitmonlee / Bronzong / Sigilyph / Scrafty</em></div><div class="chat battle-history"><strong>Kingchristo4's team:</strong> <em style="color:#445566;display:block;">Bronzong / Absol / Cacturne / Manectric / Flygon / Typhlosion</em></div><div class="spacer battle-history"><br></div><div class="battle-history">Battle started between Pawnnet and Kingchristo4!<br></div><div class="spacer battle-history"><br></div><div class="battle-history">Go! Pj masks (<strong>Scrafty</strong>)!<br></div><div class="spacer battle-history"><br></div><div class="battle-history">Kingchristo4 sent out <strong>Flygon</strong>!<br></div><div class="spacer battle-history"><br></div><h2 class="battle-history">Turn 1</h2><div class="spacer battle-history"><br></div><div class="battle-history">The opposing Flygon used <strong>U-turn</strong>!<br></div><div class="battle-history"><small>(Pj masks lost <abbr title="−58/271">21.4%</abbr> of its health!)</small><br></div><div class="spacer battle-history"><br></div><div class="battle-history">The opposing Flygon went back to Kingchristo4!<br></div><div class="battle-history">Kingchristo4 sent out <strong>Typhlosion</strong>!<br></div><div class="spacer battle-history"><br></div><div class="battle-history">Pj masks used <strong>Dragon Dance</strong>!<br></div><div class="battle-history"><small>Pj masks's Attack rose!</small><br></div><div class="battle-history"><small>Pj masks's Speed rose!</small><br></div><div class="spacer battle-history"><br></div><h2 class="battle-history">Turn 2</h2><div class="spacer battle-history"><br></div><div class="battle-history">Pj masks used <strong>High Jump Kick</strong>!<br></div><div class="battle-history"><small>(The opposing Typhlosion lost <abbr title="−297/297">100%</abbr> of its health!)</small><br></div><div class="battle-history"><small>Pj masks lost some of its HP!</small><br></div><div class="spacer battle-history"><br></div><div class="battle-history">The opposing Typhlosion fainted!<br></div><div class="battle-history"><small>[Pj masks's Moxie]</small><br></div><div class="battle-history"><small>Pj masks's Attack rose!</small><br></div><div class="chat"><small>NaiiXus joined.</small></div><div class="spacer battle-history"><br></div><div class="battle-history">Kingchristo4 sent out <strong>Bronzong</strong>!<br></div><div class="spacer battle-history"><br></div><h2 class="battle-history">Turn 3</h2><div class="spacer battle-history"><br></div><div class="battle-history">Pj masks used <strong>Crunch</strong>!<br></div><div class="battle-history"><small>It's super effective!</small><br></div><div class="battle-history"><small>(The opposing Bronzong lost <abbr title="−275/275">100%</abbr> of its health!)</small><br></div><div class="battle-history"><small>Pj masks lost some of its HP!</small><br></div><div class="spacer battle-history"><br></div><div class="battle-history">The opposing Bronzong fainted!<br></div><div class="battle-history"><small>[Pj masks's Moxie]</small><br></div><div class="battle-history"><small>Pj masks's Attack rose!</small><br></div><div class="spacer battle-history"><br></div><div class="battle-history">Kingchristo4 sent out <strong>Flygon</strong>!<br></div><div class="spacer battle-history"><br></div><h2 class="battle-history">Turn 4</h2><div class="spacer battle-history"><br></div><div class="battle-history">Pj masks used <strong>Ice Punch</strong>!<br></div><div class="battle-history"><small>It's super effective!</small><br></div><div class="battle-history"><small>(The opposing Flygon lost <abbr title="−301/301">100%</abbr> of its health!)</small><br></div><div class="battle-history"><small>Pj masks lost some of its HP!</small><br></div><div class="spacer battle-history"><br></div><div class="battle-history">The opposing Flygon fainted!<br></div><div class="battle-history"><small>[Pj masks's Moxie]</small><br></div><div class="battle-history"><small>Pj masks's Attack rose!</small><br></div><div class="spacer battle-history"><br></div><div class="battle-history">Kingchristo4 sent out <strong>Absol</strong>!<br></div><div class="spacer battle-history"><br></div><h2 class="battle-history">Turn 5</h2><div class="spacer battle-history"><br></div><div class="battle-history">Pj masks used <strong>High Jump Kick</strong>!<br></div><div class="battle-history"><small>It's super effective!</small><br></div><div class="battle-history"><small>(The opposing Absol lost <abbr title="−271/271">100%</abbr> of its health!)</small><br></div><div class="battle-history"><small>Pj masks lost some of its HP!</small><br></div><div class="spacer battle-history"><br></div><div class="battle-history">The opposing Absol fainted!<br></div><div class="battle-history"><small>[Pj masks's Moxie]</small><br></div><div class="battle-history"><small>Pj masks's Attack rose!</small><br></div><div class="spacer battle-history"><br></div><div class="battle-history">Kingchristo4 sent out <strong>Manectric</strong>!<br></div><div class="spacer battle-history"><br></div><h2 class="battle-history">Turn 6</h2><div class="spacer battle-history"><br></div><div class="battle-history">Pj masks used <strong>Crunch</strong>!<br></div><div class="battle-history"><small>(The opposing Manectric lost <abbr title="−282/282">100%</abbr> of its health!)</small><br></div><div class="battle-history"><small>Pj masks lost some of its HP!</small><br></div><div class="spacer battle-history"><br></div><div class="battle-history">The opposing Manectric fainted!<br></div><div class="battle-history"><small>[Pj masks's Moxie]</small><br></div><div class="battle-history"><small>Pj masks's Attack rose!</small><br></div><div class="chat chatmessage-pawnnet"><strong style="color:hsl(6,84%,44.80789182663353%)"><small>★</small><span class="username" data-name="Pawnnet">Pawnnet</span>:</strong> <em>GG</em></div><div class="spacer battle-history"><br></div><div class="battle-history">Kingchristo4 sent out <strong>Cacturne</strong>!<br></div><div class="spacer battle-history"><br></div><h2 class="battle-history">Turn 7</h2><div class="spacer battle-history"><br></div><div class="battle-history">The opposing Cacturne used <strong>Spiky Shield</strong>!<br></div><div class="battle-history"><small>The opposing Cacturne protected itself!</small><br></div><div class="spacer battle-history"><br></div><div class="battle-history">Pj masks used <strong>Ice Punch</strong>!<br></div><div class="battle-history"><small>The opposing Cacturne protected itself!</small><br></div><div class="battle-history"><small>Pj masks was hurt!</small><br></div><div class="spacer battle-history"><br></div><h2 class="battle-history">Turn 8</h2><div class="spacer battle-history"><br></div><div class="battle-history">The opposing Cacturne used <strong>Sucker Punch</strong>!<br></div><div class="battle-history"><small>It's not very effective...</small><br></div><div class="battle-history"><small>(Pj masks lost <abbr title="−30/271">11.1%</abbr> of its health!)</small><br></div><div class="spacer battle-history"><br></div><div class="battle-history">Pj masks used <strong>Ice Punch</strong>!<br></div><div class="battle-history"><small>It's super effective!</small><br></div><div class="battle-history"><small>(The opposing Cacturne lost <abbr title="−282/282">100%</abbr> of its health!)</small><br></div><div class="battle-history"><small>Pj masks was hurt by the Rocky Helmet!</small><br></div><div class="spacer battle-history"><br></div><div class="battle-history">Pj masks fainted!<br></div><div class="battle-history">The opposing Cacturne fainted!<br></div><div class="spacer battle-history"><br></div><div class="battle-history"><strong>Pawnnet</strong> won the battle!<br></div><div class="chat">Pawnnet's rating: 1218 → <strong>1232</strong><br>(+14 for winning)</div><div class="chat">Kingchristo4's rating: 1045 → <strong>1036</strong><br>(-9 for losing)</div></div><div class="inner-preempt"></div></div></div>
</div>
<script>
let daily = Math.floor(Date.now()/1000/60/60/24);document.write('<script src="https://play.pokemonshowdown.com/js/replay-embed.js?version'+daily+'"></'+'script>');
</script>
