<!DOCTYPE html>
<meta charset="utf-8" />
<!-- version 1 -->
<title>RU replay: Stylus vs. hittboy</title>
<style>
html,body {font-family:Verdana, sans-serif;font-size:10pt;margin:0;padding:0;}body{padding:12px 0;} .battle-log {font-family:Verdana, sans-serif;font-size:10pt;} .battle-log-inline {border:1px solid #AAAAAA;background:#EEF2F5;color:black;max-width:640px;margin:0 auto 80px;padding-bottom:5px;} .battle-log .inner {padding:4px 8px 0px 8px;} .battle-log .inner-preempt {padding:0 8px 4px 8px;} .battle-log .inner-after {margin-top:0.5em;} .battle-log h2 {margin:0.5em -8px;padding:4px 8px;border:1px solid #AAAAAA;background:#E0E7EA;border-left:0;border-right:0;font-family:Verdana, sans-serif;font-size:13pt;} .battle-log .chat {vertical-align:middle;padding:3px 0 3px 0;font-size:8pt;} .battle-log .chat strong {color:#40576A;} .battle-log .chat em {padding:1px 4px 1px 3px;color:#000000;font-style:normal;} .chat.mine {background:rgba(0,0,0,0.05);margin-left:-8px;margin-right:-8px;padding-left:8px;padding-right:8px;} .spoiler {color:#BBBBBB;background:#BBBBBB;padding:0px 3px;} .spoiler:hover, .spoiler:active, .spoiler-shown {color:#000000;background:#E2E2E2;padding:0px 3px;} .spoiler a {color:#BBBBBB;} .spoiler:hover a, .spoiler:active a, .spoiler-shown a {color:#2288CC;} .chat code, .chat .spoiler:hover code, .chat .spoiler:active code, .chat .spoiler-shown code {border:1px solid #C0C0C0;background:#EEEEEE;color:black;padding:0 2px;} .chat .spoiler code {border:1px solid #CCCCCC;background:#CCCCCC;color:#CCCCCC;} .battle-log .rated {padding:3px 4px;} .battle-log .rated strong {color:white;background:#89A;padding:1px 4px;border-radius:4px;} .spacer {margin-top:0.5em;} .message-announce {background:#6688AA;color:white;padding:1px 4px 2px;} .message-announce a, .broadcast-green a, .broadcast-blue a, .broadcast-red a {color:#DDEEFF;} .broadcast-green {background-color:#559955;color:white;padding:2px 4px;} .broadcast-blue {background-color:#6688AA;color:white;padding:2px 4px;} .infobox {border:1px solid #6688AA;padding:2px 4px;} .infobox-limited {max-height:200px;overflow:auto;overflow-x:hidden;} .broadcast-red {background-color:#AA5544;color:white;padding:2px 4px;} .message-learn-canlearn {font-weight:bold;color:#228822;text-decoration:underline;} .message-learn-cannotlearn {font-weight:bold;color:#CC2222;text-decoration:underline;} .message-effect-weak {font-weight:bold;color:#CC2222;} .message-effect-resist {font-weight:bold;color:#6688AA;} .message-effect-immune {font-weight:bold;color:#666666;} .message-learn-list {margin-top:0;margin-bottom:0;} .message-throttle-notice, .message-error {color:#992222;} .message-overflow, .chat small.message-overflow {font-size:0pt;} .message-overflow::before {font-size:9pt;content:'...';} .subtle {color:#3A4A66;}
</style>
<div class="wrapper replay-wrapper" style="max-width:1180px;margin:0 auto">
<input type="hidden" name="replayid" value="ru-543518763" />
<div class="battle"></div><div class="battle-log"></div><div class="replay-controls"></div><div class="replay-controls-2"></div>
<h1 style="font-weight:normal;text-align:center"><strong>RU</strong><br /><a href="http://pokemonshowdown.com/users/stylus" class="subtle" target="_blank">Stylus</a> vs. <a href="http://pokemonshowdown.com/users/hittboy" class="subtle" target="_blank">hittboy</a></h1>
<script type="text/plain" class="battle-log-data">|j|Stylus
|j|hittboy
|player|p1|Stylus|#clemont
|player|p2|hittboy|101
|gametype|singles
|gen|6
|tier|RU
|rated
|seed|429,26172,30600,55507
|rule|Sleep Clause Mod: Limit one foe put to sleep
|rule|Species Clause: Limit one of each Pokémon
|rule|OHKO Clause: OHKO moves are banned
|rule|Moody Clause: Moody is banned
|rule|Evasion Moves Clause: Evasion moves are banned
|rule|Endless Battle Clause: Forcing endless battles is banned
|rule|HP Percentage Mod: HP is shown in percentages
|clearpoke
|poke|p1|Scrafty, M, shiny|item
|poke|p1|Jolteon, F|item
|poke|p1|Accelgor, M, shiny|item
|poke|p1|Exploud, M|item
|poke|p1|Hitmonlee, M|item
|poke|p1|Glalie, M, shiny|item
|poke|p2|Accelgor, M|item
|poke|p2|Alomomola, M|item
|poke|p2|Drapion, F|item
|poke|p2|Flygon, F|item
|poke|p2|Clawitzer, M|item
|poke|p2|Granbull, M|item
|rule|Swagger Clause: Swagger is banned
|rule|Baton Pass Clause: Limit one Baton Passer, can't pass Spe and other stats simultaneously
|teampreview
|choice|team 1, team 2, team 3, team 4, team 5, team 6|team 3, team 2, team 1, team 4, team 5, team 6
|
|start
|switch|p1a: "Le Hood"|Scrafty, M, shiny|272\/272
|switch|p2a: Drapion|Drapion, F|344\/344
|turn|1
|choice|move dragondance|move toxicspikes
|
|move|p2a: Drapion|Toxic Spikes|p1a: "Le Hood"
|-sidestart|p1: Stylus|move: Toxic Spikes
|move|p1a: "Le Hood"|Dragon Dance|p1a: "Le Hood"
|-boost|p1a: "Le Hood"|atk|1
|-boost|p1a: "Le Hood"|spe|1
|
|upkeep
|turn|2
|choice|move dragondance|move crosspoison
|
|move|p1a: "Le Hood"|Dragon Dance|p1a: "Le Hood"
|-boost|p1a: "Le Hood"|atk|1
|-boost|p1a: "Le Hood"|spe|1
|move|p2a: Drapion|Cross Poison|p1a: "Le Hood"
|-crit|p1a: "Le Hood"
|-damage|p1a: "Le Hood"|61\/272
|
|upkeep
|turn|3
|choice|move drainpunch|switch 2
|
|switch|p2a: Alomomola|Alomomola, M|534\/534
|move|p1a: "Le Hood"|Drain Punch|p2a: Alomomola
|-damage|p2a: Alomomola|356\/534
|-heal|p1a: "Le Hood"|150\/272|[from] drain|[of] p2a: Alomomola
|-damage|p1a: "Le Hood"|105\/272|[from] item: Rocky Helmet|[of] p2a: Alomomola
|
|upkeep
|turn|4
|choice|move knockoff|move scald
|
|move|p1a: "Le Hood"|Knock Off|p2a: Alomomola
|-damage|p2a: Alomomola|110\/534
|-damage|p1a: "Le Hood"|60\/272|[from] item: Rocky Helmet|[of] p2a: Alomomola
|-enditem|p2a: Alomomola|Rocky Helmet|[from] move: Knock Off|[of] p1a: "Le Hood"
|move|p2a: Alomomola|Scald|p1a: "Le Hood"
|-damage|p1a: "Le Hood"|21\/272
|-status|p1a: "Le Hood"|brn
|
|-activate|p1a: "Le Hood"|ability: Shed Skin
|-curestatus|p1a: "Le Hood"|brn|[msg]
|upkeep
|turn|5
|choice|move drainpunch|move scald
|
|move|p1a: "Le Hood"|Drain Punch|p2a: Alomomola
|-damage|p2a: Alomomola|0 fnt
|-heal|p1a: "Le Hood"|76\/272|[from] drain|[of] p2a: Alomomola
|faint|p2a: Alomomola
|
|upkeep
|choice||switch 3
|
|switch|p2a: Accelgor|Accelgor, M|364\/364
|turn|6
|choice|move knockoff|move bugbuzz
|
|move|p1a: "Le Hood"|Knock Off|p2a: Accelgor
|-damage|p2a: Accelgor|0 fnt
|-enditem|p2a: Accelgor|Mental Herb|[from] move: Knock Off|[of] p1a: "Le Hood"
|faint|p2a: Accelgor
|
|upkeep
|choice||switch 6
|
|switch|p2a: Granbull|Granbull, M|384\/384
|-ability|p2a: Granbull|Intimidate|boost
|-unboost|p1a: "Le Hood"|atk|1
|turn|7
|choice|move ironhead|move playrough
|
|move|p1a: "Le Hood"|Iron Head|p2a: Granbull
|-supereffective|p2a: Granbull
|-damage|p2a: Granbull|98\/384
|cant|p2a: Granbull|flinch
|
|-heal|p2a: Granbull|122\/384|[from] item: Leftovers
|upkeep
|turn|8
|choice|move ironhead|switch 2
|
|switch|p2a: Drapion|Drapion, F|344\/344
|move|p1a: "Le Hood"|Iron Head|p2a: Drapion
|-damage|p2a: Drapion|238\/344
|
|upkeep
|turn|9
|choice|move drainpunch|move crosspoison
|
|move|p1a: "Le Hood"|Drain Punch|p2a: Drapion
|-damage|p2a: Drapion|82\/344
|-heal|p1a: "Le Hood"|154\/272|[from] drain|[of] p2a: Drapion
|move|p2a: Drapion|Cross Poison|p1a: "Le Hood"
|-damage|p1a: "Le Hood"|58\/272
|
|upkeep
|turn|10
|choice|move drainpunch|move crosspoison
|
|move|p1a: "Le Hood"|Drain Punch|p2a: Drapion
|-damage|p2a: Drapion|0 fnt
|-heal|p1a: "Le Hood"|99\/272|[from] drain|[of] p2a: Drapion
|faint|p2a: Drapion
|
|upkeep
|choice||switch 2
|
|switch|p2a: Granbull|Granbull, M|122\/384
|-ability|p2a: Granbull|Intimidate|boost
|-unboost|p1a: "Le Hood"|atk|1
|turn|11
|choice|move ironhead|switch 5
|
|switch|p2a: Clawitzer|Clawitzer, M|283\/283
|move|p1a: "Le Hood"|Iron Head|p2a: Clawitzer
|-resisted|p2a: Clawitzer
|-damage|p2a: Clawitzer|239\/283
|
|upkeep
|turn|12
|choice|move drainpunch|switch 5
|
|switch|p2a: Granbull|Granbull, M|122\/384
|-ability|p2a: Granbull|Intimidate|boost
|-unboost|p1a: "Le Hood"|atk|1
|move|p1a: "Le Hood"|Drain Punch|p2a: Granbull
|-resisted|p2a: Granbull
|-damage|p2a: Granbull|75\/384
|-heal|p1a: "Le Hood"|123\/272|[from] drain|[of] p2a: Granbull
|
|-heal|p2a: Granbull|99\/384|[from] item: Leftovers
|upkeep
|turn|13
|choice|move ironhead|move playrough
|
|move|p1a: "Le Hood"|Iron Head|p2a: Granbull
|-supereffective|p2a: Granbull
|-damage|p2a: Granbull|0 fnt
|faint|p2a: Granbull
|
|upkeep
|choice||switch 4
|
|switch|p2a: Flygon|Flygon, F|355\/355
|turn|14
|choice|move knockoff|move bugbuzz
|
|move|p1a: "Le Hood"|Knock Off|p2a: Flygon
|-damage|p2a: Flygon|229\/355
|-enditem|p2a: Flygon|Leftovers|[from] move: Knock Off|[of] p1a: "Le Hood"
|move|p2a: Flygon|Bug Buzz|p1a: "Le Hood"
|-damage|p1a: "Le Hood"|46\/272
|
|upkeep
|turn|15
|choice|move drainpunch|move earthpower
|
|move|p1a: "Le Hood"|Drain Punch|p2a: Flygon
|-damage|p2a: Flygon|133\/355
|-heal|p1a: "Le Hood"|94\/272|[from] drain|[of] p2a: Flygon
|move|p2a: Flygon|Earth Power|p1a: "Le Hood"
|-damage|p1a: "Le Hood"|0 fnt
|faint|p1a: "Le Hood"
|
|upkeep
|choice|switch 5|
|
|switch|p1a: Hard Knocks|Hitmonlee, M|241\/241
|-status|p1a: Hard Knocks|psn
|turn|16
|choice|move fakeout|move dracometeor
|
|move|p1a: Hard Knocks|Fake Out|p2a: Flygon
|-enditem|p1a: Hard Knocks|Normal Gem|[from] gem|[move] Fake Out
|-damage|p2a: Flygon|50\/355
|cant|p2a: Flygon|flinch
|
|-damage|p1a: Hard Knocks|211\/241 psn|[from] psn
|upkeep
|turn|17
|choice|move bulletpunch|move dracometeor
|
|move|p1a: Hard Knocks|Bullet Punch|p2a: Flygon
|-damage|p2a: Flygon|0 fnt
|faint|p2a: Flygon
|
|-damage|p1a: Hard Knocks|181\/241 psn|[from] psn
|upkeep
|choice||switch 5
|
|switch|p2a: Clawitzer|Clawitzer, M|239\/283
|turn|18
|choice|move closecombat|move scald
|
|move|p1a: Hard Knocks|Close Combat|p2a: Clawitzer
|-damage|p2a: Clawitzer|0 fnt
|-unboost|p1a: Hard Knocks|def|1
|-unboost|p1a: Hard Knocks|spd|1
|faint|p2a: Clawitzer
|
|win|Stylus
|player|p1
|player|p2
|l|hittboy
|raw|Stylus's rating: 1034 &rarr; <strong>1091<\/strong><br \/>(+57 for winning)
|raw|hittboy's rating: 1289 &rarr; <strong>1248<\/strong><br \/>(-41 for losing)</script>
</div>
<div class="battle-log battle-log-inline"><div class="inner"><div class="battle-options"></div><div class="inner"><div class="chat"><small>Stylus joined.</small></div><div class="chat"><small>hittboy joined.</small></div><div class=""><small>Format:</small> <br><strong>RU</strong></div><div class="rated"><strong>Rated battle</strong></div><div class=""><small><em>Sleep Clause Mod:</em> Limit one foe put to sleep</small></div><div class=""><small><em>Species Clause:</em> Limit one of each Pokémon</small></div><div class=""><small><em>OHKO Clause:</em> OHKO moves are banned</small></div><div class=""><small><em>Moody Clause:</em> Moody is banned</small></div><div class=""><small><em>Evasion Moves Clause:</em> Evasion moves are banned</small></div><div class=""><small><em>Endless Battle Clause:</em> Forcing endless battles is banned</small></div><div class=""><small><em>HP Percentage Mod:</em> HP is shown in percentages</small></div><div class=""><small><em>Swagger Clause:</em> Swagger is banned</small></div><div class=""><small><em>Baton Pass Clause:</em> Limit one Baton Passer, can't pass Spe and other stats simultaneously</small></div><div class="chat battle-history"><strong>Stylus's team:</strong> <em style="color:#445566;display:block;">Scrafty / Jolteon / Accelgor / Exploud / Hitmonlee / Glalie</em></div><div class="chat battle-history"><strong>hittboy's team:</strong> <em style="color:#445566;display:block;">Accelgor / Alomomola / Drapion / Flygon / Clawitzer / Granbull</em></div><div class="spacer battle-history"><br></div><div class="battle-history">Battle started between Stylus and hittboy!<br></div><div class="spacer battle-history"><br></div><div class="battle-history">Go! "Le Hood" (<strong>Scrafty</strong>)!<br></div><div class="spacer battle-history"><br></div><div class="battle-history">hittboy sent out <strong>Drapion</strong>!<br></div><div class="spacer battle-history"><br></div><h2 class="battle-history">Turn 1</h2><div class="spacer battle-history"><br></div><div class="battle-history">The opposing Drapion used <strong>Toxic Spikes</strong>!<br></div><div class="battle-history"><small>Poison spikes were scattered on the ground all around your team!</small><br></div><div class="spacer battle-history"><br></div><div class="battle-history">"Le Hood" used <strong>Dragon Dance</strong>!<br></div><div class="battle-history"><small>"Le Hood"'s Attack rose!</small><br></div><div class="battle-history"><small>"Le Hood"'s Speed rose!</small><br></div><div class="spacer battle-history"><br></div><h2 class="battle-history">Turn 2</h2><div class="spacer battle-history"><br></div><div class="battle-history">"Le Hood" used <strong>Dragon Dance</strong>!<br></div><div class="battle-history"><small>"Le Hood"'s Attack rose!</small><br></div><div class="battle-history"><small>"Le Hood"'s Speed rose!</small><br></div><div class="spacer battle-history"><br></div><div class="battle-history">The opposing Drapion used <strong>Cross Poison</strong>!<br></div><div class="battle-history"><small>A critical hit!</small><br></div><div class="battle-history"><small>("Le Hood" lost <abbr title="−211/272">77.6%</abbr> of its health!)</small><br></div><div class="spacer battle-history"><br></div><h2 class="battle-history">Turn 3</h2><div class="spacer battle-history"><br></div><div class="battle-history">hittboy withdrew Drapion!<br></div><div class="battle-history">hittboy sent out <strong>Alomomola</strong>!<br></div><div class="spacer battle-history"><br></div><div class="battle-history">"Le Hood" used <strong>Drain Punch</strong>!<br></div><div class="battle-history"><small>(The opposing Alomomola lost <abbr title="−178/534">33.3%</abbr> of its health!)</small><br></div><div class="battle-history"><small>The opposing Alomomola had its energy drained!</small><br></div><div class="battle-history"><small>"Le Hood" was hurt by the Rocky Helmet!</small><br></div><div class="spacer battle-history"><br></div><h2 class="battle-history">Turn 4</h2><div class="spacer battle-history"><br></div><div class="battle-history">"Le Hood" used <strong>Knock Off</strong>!<br></div><div class="battle-history"><small>(The opposing Alomomola lost <abbr title="−246/534">46.1%</abbr> of its health!)</small><br></div><div class="battle-history"><small>"Le Hood" was hurt by the Rocky Helmet!</small><br></div><div class="battle-history"><small>"Le Hood" knocked off the opposing Alomomola's Rocky Helmet!</small><br></div><div class="spacer battle-history"><br></div><div class="battle-history">The opposing Alomomola used <strong>Scald</strong>!<br></div><div class="battle-history"><small>("Le Hood" lost <abbr title="−39/272">14.3%</abbr> of its health!)</small><br></div><div class="battle-history"><small>"Le Hood" was burned!</small><br></div><div class="spacer battle-history"><br></div><div class="battle-history"><small>["Le Hood"'s Shed Skin]</small><br></div><div class="battle-history"><small>"Le Hood"'s burn was healed.</small><br></div><div class="spacer battle-history"><br></div><h2 class="battle-history">Turn 5</h2><div class="spacer battle-history"><br></div><div class="battle-history">"Le Hood" used <strong>Drain Punch</strong>!<br></div><div class="battle-history"><small>(The opposing Alomomola lost <abbr title="−110/534">20.6%</abbr> of its health!)</small><br></div><div class="battle-history"><small>The opposing Alomomola had its energy drained!</small><br></div><div class="spacer battle-history"><br></div><div class="battle-history">The opposing Alomomola fainted!<br></div><div class="spacer battle-history"><br></div><div class="battle-history">hittboy sent out <strong>Accelgor</strong>!<br></div><div class="spacer battle-history"><br></div><h2 class="battle-history">Turn 6</h2><div class="spacer battle-history"><br></div><div class="battle-history">"Le Hood" used <strong>Knock Off</strong>!<br></div><div class="battle-history"><small>(The opposing Accelgor lost <abbr title="−364/364">100%</abbr> of its health!)</small><br></div><div class="battle-history"><small>"Le Hood" knocked off the opposing Accelgor's Mental Herb!</small><br></div><div class="spacer battle-history"><br></div><div class="battle-history">The opposing Accelgor fainted!<br></div><div class="spacer battle-history"><br></div><div class="battle-history">hittboy sent out <strong>Granbull</strong>!<br></div><div class="battle-history"><small>[The opposing Granbull's Intimidate]</small><br></div><div class="battle-history"><small>"Le Hood"'s Attack fell!</small><br></div><div class="spacer battle-history"><br></div><h2 class="battle-history">Turn 7</h2><div class="spacer battle-history"><br></div><div class="battle-history">"Le Hood" used <strong>Iron Head</strong>!<br></div><div class="battle-history"><small>It's super effective!</small><br></div><div class="battle-history"><small>(The opposing Granbull lost <abbr title="−286/384">74.5%</abbr> of its health!)</small><br></div><div class="spacer battle-history"><br></div><div class="battle-history">The opposing Granbull flinched and couldn't move!<br></div><div class="spacer battle-history"><br></div><div class="battle-history"><small>The opposing Granbull restored a little HP using its Leftovers!</small><br></div><div class="spacer battle-history"><br></div><h2 class="battle-history">Turn 8</h2><div class="spacer battle-history"><br></div><div class="battle-history">hittboy withdrew Granbull!<br></div><div class="battle-history">hittboy sent out <strong>Drapion</strong>!<br></div><div class="spacer battle-history"><br></div><div class="battle-history">"Le Hood" used <strong>Iron Head</strong>!<br></div><div class="battle-history"><small>(The opposing Drapion lost <abbr title="−106/344">30.8%</abbr> of its health!)</small><br></div><div class="spacer battle-history"><br></div><h2 class="battle-history">Turn 9</h2><div class="spacer battle-history"><br></div><div class="battle-history">"Le Hood" used <strong>Drain Punch</strong>!<br></div><div class="battle-history"><small>(The opposing Drapion lost <abbr title="−156/344">45.3%</abbr> of its health!)</small><br></div><div class="battle-history"><small>The opposing Drapion had its energy drained!</small><br></div><div class="spacer battle-history"><br></div><div class="battle-history">The opposing Drapion used <strong>Cross Poison</strong>!<br></div><div class="battle-history"><small>("Le Hood" lost <abbr title="−96/272">35.3%</abbr> of its health!)</small><br></div><div class="spacer battle-history"><br></div><h2 class="battle-history">Turn 10</h2><div class="spacer battle-history"><br></div><div class="battle-history">"Le Hood" used <strong>Drain Punch</strong>!<br></div><div class="battle-history"><small>(The opposing Drapion lost <abbr title="−82/344">23.8%</abbr> of its health!)</small><br></div><div class="battle-history"><small>The opposing Drapion had its energy drained!</small><br></div><div class="spacer battle-history"><br></div><div class="battle-history">The opposing Drapion fainted!<br></div><div class="spacer battle-history"><br></div><div class="battle-history">hittboy sent out <strong>Granbull</strong>!<br></div><div class="battle-history"><small>[The opposing Granbull's Intimidate]</small><br></div><div class="battle-history"><small>"Le Hood"'s Attack fell!</small><br></div><div class="spacer battle-history"><br></div><h2 class="battle-history">Turn 11</h2><div class="spacer battle-history"><br></div><div class="battle-history">hittboy withdrew Granbull!<br></div><div class="battle-history">hittboy sent out <strong>Clawitzer</strong>!<br></div><div class="spacer battle-history"><br></div><div class="battle-history">"Le Hood" used <strong>Iron Head</strong>!<br></div><div class="battle-history"><small>It's not very effective...</small><br></div><div class="battle-history"><small>(The opposing Clawitzer lost <abbr title="−44/283">15.5%</abbr> of its health!)</small><br></div><div class="spacer battle-history"><br></div><h2 class="battle-history">Turn 12</h2><div class="spacer battle-history"><br></div><div class="battle-history">hittboy withdrew Clawitzer!<br></div><div class="battle-history">hittboy sent out <strong>Granbull</strong>!<br></div><div class="battle-history"><small>[The opposing Granbull's Intimidate]</small><br></div><div class="battle-history"><small>"Le Hood"'s Attack fell!</small><br></div><div class="spacer battle-history"><br></div><div class="battle-history">"Le Hood" used <strong>Drain Punch</strong>!<br></div><div class="battle-history"><small>It's not very effective...</small><br></div><div class="battle-history"><small>(The opposing Granbull lost <abbr title="−47/384">12.2%</abbr> of its health!)</small><br></div><div class="battle-history"><small>The opposing Granbull had its energy drained!</small><br></div><div class="spacer battle-history"><br></div><div class="battle-history"><small>The opposing Granbull restored a little HP using its Leftovers!</small><br></div><div class="spacer battle-history"><br></div><h2 class="battle-history">Turn 13</h2><div class="spacer battle-history"><br></div><div class="battle-history">"Le Hood" used <strong>Iron Head</strong>!<br></div><div class="battle-history"><small>It's super effective!</small><br></div><div class="battle-history"><small>(The opposing Granbull lost <abbr title="−99/384">25.8%</abbr> of its health!)</small><br></div><div class="spacer battle-history"><br></div><div class="battle-history">The opposing Granbull fainted!<br></div><div class="spacer battle-history"><br></div><div class="battle-history">hittboy sent out <strong>Flygon</strong>!<br></div><div class="spacer battle-history"><br></div><h2 class="battle-history">Turn 14</h2><div class="spacer battle-history"><br></div><div class="battle-history">"Le Hood" used <strong>Knock Off</strong>!<br></div><div class="battle-history"><small>(The opposing Flygon lost <abbr title="−126/355">35.5%</abbr> of its health!)</small><br></div><div class="battle-history"><small>"Le Hood" knocked off the opposing Flygon's Leftovers!</small><br></div><div class="spacer battle-history"><br></div><div class="battle-history">The opposing Flygon used <strong>Bug Buzz</strong>!<br></div><div class="battle-history"><small>("Le Hood" lost <abbr title="−77/272">28.3%</abbr> of its health!)</small><br></div><div class="spacer battle-history"><br></div><h2 class="battle-history">Turn 15</h2><div class="spacer battle-history"><br></div><div class="battle-history">"Le Hood" used <strong>Drain Punch</strong>!<br></div><div class="battle-history"><small>(The opposing Flygon lost <abbr title="−96/355">27.0%</abbr> of its health!)</small><br></div><div class="battle-history"><small>The opposing Flygon had its energy drained!</small><br></div><div class="spacer battle-history"><br></div><div class="battle-history">The opposing Flygon used <strong>Earth Power</strong>!<br></div><div class="battle-history"><small>("Le Hood" lost <abbr title="−94/272">34.6%</abbr> of its health!)</small><br></div><div class="spacer battle-history"><br></div><div class="battle-history">"Le Hood" fainted!<br></div><div class="spacer battle-history"><br></div><div class="battle-history">Go! Hard Knocks (<strong>Hitmonlee</strong>)!<br></div><div class="battle-history"><small>Hard Knocks was poisoned!</small><br></div><div class="spacer battle-history"><br></div><h2 class="battle-history">Turn 16</h2><div class="spacer battle-history"><br></div><div class="battle-history">Hard Knocks used <strong>Fake Out</strong>!<br></div><div class="battle-history"><small>The Normal Gem strengthened Hard Knocks's power!</small><br></div><div class="battle-history"><small>(The opposing Flygon lost <abbr title="−83/355">23.4%</abbr> of its health!)</small><br></div><div class="spacer battle-history"><br></div><div class="battle-history">The opposing Flygon flinched and couldn't move!<br></div><div class="spacer battle-history"><br></div><div class="battle-history"><small>Hard Knocks was hurt by poison!</small><br></div><div class="spacer battle-history"><br></div><h2 class="battle-history">Turn 17</h2><div class="spacer battle-history"><br></div><div class="battle-history">Hard Knocks used <strong>Bullet Punch</strong>!<br></div><div class="battle-history"><small>(The opposing Flygon lost <abbr title="−50/355">14.1%</abbr> of its health!)</small><br></div><div class="spacer battle-history"><br></div><div class="battle-history">The opposing Flygon fainted!<br></div><div class="spacer battle-history"><br></div><div class="battle-history"><small>Hard Knocks was hurt by poison!</small><br></div><div class="spacer battle-history"><br></div><div class="battle-history">hittboy sent out <strong>Clawitzer</strong>!<br></div><div class="spacer battle-history"><br></div><h2 class="battle-history">Turn 18</h2><div class="spacer battle-history"><br></div><div class="battle-history">Hard Knocks used <strong>Close Combat</strong>!<br></div><div class="battle-history"><small>(The opposing Clawitzer lost <abbr title="−239/283">84.5%</abbr> of its health!)</small><br></div><div class="battle-history"><small>Hard Knocks's Defense fell!</small><br></div><div class="battle-history"><small>Hard Knocks's Special Defense fell!</small><br></div><div class="spacer battle-history"><br></div><div class="battle-history">The opposing Clawitzer fainted!<br></div><div class="spacer battle-history"><br></div><div class="battle-history"><strong>Stylus</strong> won the battle!<br></div><div class="chat"><small>hittboy left.</small></div><div class="chat">Stylus's rating: 1034 → <strong>1091</strong><br>(+57 for winning)</div><div class="chat">hittboy's rating: 1289 → <strong>1248</strong><br>(-41 for losing)</div></div><div class="inner-preempt"></div></div></div>
</div>
<script>
let daily = Math.floor(Date.now()/1000/60/60/24);document.write('<script src="https://play.pokemonshowdown.com/js/replay-embed.js?version'+daily+'"></'+'script>');
</script>
