<!DOCTYPE html>
<meta charset="utf-8" />
<!-- version 1 -->
<title>RU replay: EGalvanc ✘✘✘ vs. SableyeMyBae (</title>
<style>
html,body {font-family:Verdana, sans-serif;font-size:10pt;margin:0;padding:0;}body{padding:12px 0;} .battle-log {font-family:Verdana, sans-serif;font-size:10pt;} .battle-log-inline {border:1px solid #AAAAAA;background:#EEF2F5;color:black;max-width:640px;margin:0 auto 80px;padding-bottom:5px;} .battle-log .inner {padding:4px 8px 0px 8px;} .battle-log .inner-preempt {padding:0 8px 4px 8px;} .battle-log .inner-after {margin-top:0.5em;} .battle-log h2 {margin:0.5em -8px;padding:4px 8px;border:1px solid #AAAAAA;background:#E0E7EA;border-left:0;border-right:0;font-family:Verdana, sans-serif;font-size:13pt;} .battle-log .chat {vertical-align:middle;padding:3px 0 3px 0;font-size:8pt;} .battle-log .chat strong {color:#40576A;} .battle-log .chat em {padding:1px 4px 1px 3px;color:#000000;font-style:normal;} .chat.mine {background:rgba(0,0,0,0.05);margin-left:-8px;margin-right:-8px;padding-left:8px;padding-right:8px;} .spoiler {color:#BBBBBB;background:#BBBBBB;padding:0px 3px;} .spoiler:hover, .spoiler:active, .spoiler-shown {color:#000000;background:#E2E2E2;padding:0px 3px;} .spoiler a {color:#BBBBBB;} .spoiler:hover a, .spoiler:active a, .spoiler-shown a {color:#2288CC;} .chat code, .chat .spoiler:hover code, .chat .spoiler:active code, .chat .spoiler-shown code {border:1px solid #C0C0C0;background:#EEEEEE;color:black;padding:0 2px;} .chat .spoiler code {border:1px solid #CCCCCC;background:#CCCCCC;color:#CCCCCC;} .battle-log .rated {padding:3px 4px;} .battle-log .rated strong {color:white;background:#89A;padding:1px 4px;border-radius:4px;} .spacer {margin-top:0.5em;} .message-announce {background:#6688AA;color:white;padding:1px 4px 2px;} .message-announce a, .broadcast-green a, .broadcast-blue a, .broadcast-red a {color:#DDEEFF;} .broadcast-green {background-color:#559955;color:white;padding:2px 4px;} .broadcast-blue {background-color:#6688AA;color:white;padding:2px 4px;} .infobox {border:1px solid #6688AA;padding:2px 4px;} .infobox-limited {max-height:200px;overflow:auto;overflow-x:hidden;} .broadcast-red {background-color:#AA5544;color:white;padding:2px 4px;} .message-learn-canlearn {font-weight:bold;color:#228822;text-decoration:underline;} .message-learn-cannotlearn {font-weight:bold;color:#CC2222;text-decoration:underline;} .message-effect-weak {font-weight:bold;color:#CC2222;} .message-effect-resist {font-weight:bold;color:#6688AA;} .message-effect-immune {font-weight:bold;color:#666666;} .message-learn-list {margin-top:0;margin-bottom:0;} .message-throttle-notice, .message-error {color:#992222;} .message-overflow, .chat small.message-overflow {font-size:0pt;} .message-overflow::before {font-size:9pt;content:'...';} .subtle {color:#3A4A66;}
</style>
<div class="wrapper replay-wrapper" style="max-width:1180px;margin:0 auto">
<input type="hidden" name="replayid" value="destiny-ru-118071" />
<div class="battle"></div><div class="battle-log"></div><div class="replay-controls"></div><div class="replay-controls-2"></div>
<h1 style="font-weight:normal;text-align:center"><strong>RU</strong><br /><a href="http://pokemonshowdown.com/users/egalvanc" class="subtle" target="_blank">EGalvanc ✘✘✘</a> vs. <a href="http://pokemonshowdown.com/users/sableyemybae" class="subtle" target="_blank">SableyeMyBae (</a></h1>
<script type="text/plain" class="battle-log-data">|j|EGalvanc ✘✘✘
|j|SableyeMyBae (
|unlink|||clan
|player|p1|EGalvanc ✘✘✘|egalvanc.gif?5b05e592
|player|p2|SableyeMyBae (|smb.png?f7359518
|gametype|singles
|gen|7
|tier|RU
|seed|6503,45036,20477,19034
|rule|Cláusula-Mod de Dormir: solo puedes dormir a uno de tus oponentes a la vez.
|rule|Cláusula de Especie: Hasta un Pokémon de cada especie
|rule|Cláusula de Golpe Fulminante: los movimientos fulminantes (OHKO) estan prohibidos
|rule|Cláusula de Moody: la habilidad Moody está prohibida
|rule|Cláusula de Movimientos Evasivos: los movimientos de evasion estan prohibidos
|rule|Cláusula de Batallas Eternas: forzar batallas eternas está prohibido
|clearpoke
|poke|p1|Exploud, F|item
|poke|p1|Dhelmise|item
|poke|p1|Gardevoir, M|item
|poke|p1|Tyrantrum, M|item
|poke|p1|Blastoise, M|item
|poke|p1|Rotom-Heat|item
|poke|p2|Gligar, M|item
|poke|p2|Reuniclus, F|item
|poke|p2|Umbreon, M|item
|poke|p2|Quagsire, M|item
|poke|p2|Milotic, M|item
|poke|p2|Registeel|item
|teampreview
|j|Miguelmart ✖✖✖
|j|Bloody alfa
|j|W@mr
|j|Cusho
|j|RamboSS
|c| Cusho|vamos edgar gana we
|c|☆EGalvanc ✘✘✘|hf
|j|H2K Odoamne
|c|☆SableyeMyBae (|hf
|choice|*team 623451|*
|choice|*|*team 123456
|choice|team 6, team 2, team 3, team 4, team 5, team 1|team 1, team 2, team 3, team 4, team 5, team 6
|
|start
|switch|p1a: Rotom|Rotom-Heat|241\/241
|switch|p2a: Gligar|Gligar, M|334\/334
|turn|1
|choice|*move 4|*
|c| H2K Odoamne|SableyeMyBae
|c| H2K Odoamne|vas a ser titular?
|c| H2K Odoamne|o spectear
|c|☆SableyeMyBae (|no sé
|c| RamboSS|si te preparas contra stall en ru, se puede ganar? xd
|c|☆SableyeMyBae (|!dt hoopa
|c|~|\/data-pokemon Hoopa
|raw|<font size="1"><font color=#585858>Dex#:<\/font> 720&nbsp;|&ThickSpace;<font color=#585858>Gen:<\/font> 6&nbsp;|&ThickSpace;<font color=#585858>Altura:<\/font> 0.5 m&nbsp;|&ThickSpace;<font color=#585858>Peso:<\/font> 9 kg <em>(20 BP)<\/em>&nbsp;|&ThickSpace;<font color=#585858>Color:<\/font> Purple&nbsp;|&ThickSpace;<font color=#585858>Familia:<\/font> Undiscovered&nbsp;|&ThickSpace;<font color=#585858><font color=#585858>No Evoluciona<\/font><\/font><\/font>
|j|Pirlо 「☮」
|j|Rey Joya
|choice|*|*switch 5
|choice|move hiddenpower|switch 5
|
|switch|p2a: Milotic|Milotic, M|394\/394
|move|p1a: Rotom|Hidden Power|p2a: Milotic
|-resisted|p2a: Milotic
|-damage|p2a: Milotic|368\/394
|-damage|p1a: Rotom|217\/241|[from] item: Life Orb
|
|-heal|p2a: Milotic|392\/394|[from] item: Leftovers
|upkeep
|turn|2
|choice|*|*switch 3
|choice|*move 3|*
|choice|move voltswitch|switch 3
|
|switch|p2a: Umbreon|Umbreon, M|394\/394
|move|p1a: Rotom|Volt Switch|p2a: Umbreon
|-crit|p2a: Umbreon
|-damage|p2a: Umbreon|254\/394
|-damage|p1a: Rotom|193\/241|[from] item: Life Orb
|choice|*switch 4|*
|choice|switch 4|
|
|switch|p1a: Tyrantrum|Tyrantrum, M|305\/305
|
|-heal|p2a: Umbreon|278\/394|[from] item: Leftovers
|upkeep
|turn|3
|choice|*move 2|*
|choice|*|*switch 5
|choice|move stealthrock|switch 5
|
|switch|p2a: Gligar|Gligar, M|334\/334
|move|p1a: Tyrantrum|Stealth Rock|p2a: Gligar
|-sidestart|p2: SableyeMyBae (|move: Stealth Rock
|
|upkeep
|turn|4
|choice|*|*move 3
|choice|*switch 4|*
|choice|switch 4|move defog
|
|switch|p1a: Rotom|Rotom-Heat|193\/241
|move|p2a: Gligar|Defog|p1a: Rotom
|-unboost|p1a: Rotom|evasion|1
|-sideend|p2: SableyeMyBae (|Stealth Rock|[from] move: Defog|[of] p2a: Gligar
|
|upkeep
|turn|5
|j|ZDen
|choice|*move 1|*
|choice|*|*switch 6
|choice|move raindance|switch 6
|
|switch|p2a: Registeel|Registeel|364\/364
|move|p1a: Rotom|Rain Dance|p1a: Rotom
|-weather|RainDance
|
|-weather|RainDance|[upkeep]
|upkeep
|turn|6
|choice|*move 3|*
|choice|*|*move 3
|choice|move voltswitch|move toxic
|
|move|p1a: Rotom|Volt Switch|p2a: Registeel
|-damage|p2a: Registeel|293\/364
|-damage|p1a: Rotom|169\/241|[from] item: Life Orb
|j|Jaicron
|choice|*switch 5|*
|choice|switch 5|
|
|switch|p1a: Blastoise|Blastoise, M|299\/299
|move|p2a: Registeel|Toxic|p1a: Blastoise
|-status|p1a: Blastoise|tox
|
|-weather|RainDance|[upkeep]
|-heal|p2a: Registeel|315\/364|[from] item: Leftovers
|-damage|p1a: Blastoise|281\/299 tox|[from] psn
|upkeep
|turn|7
|choice|*move 4|*
|choice|*|*move 4
|choice|move waterspout|move protect
|
|move|p2a: Registeel|Protect|p2a: Registeel
|-singleturn|p2a: Registeel|Protect
|move|p1a: Blastoise|Water Spout|p2a: Registeel
|-activate|p2a: Registeel|move: Protect
|
|-weather|RainDance|[upkeep]
|-heal|p2a: Registeel|337\/364|[from] item: Leftovers
|-damage|p1a: Blastoise|245\/299 tox|[from] psn
|upkeep
|turn|8
|choice|*switch 4|*
|choice|*|*switch 3
|choice|switch 4|switch 3
|
|switch|p1a: Tyrantrum|Tyrantrum, M|305\/305
|switch|p2a: Milotic|Milotic, M|392\/394
|
|-weather|RainDance|[upkeep]
|-heal|p2a: Milotic|394\/394|[from] item: Leftovers
|upkeep
|turn|9
|choice|*move 1|*
|choice|*|*switch 6
|choice|move headsmash|switch 6
|
|switch|p2a: Gligar|Gligar, M|334\/334
|move|p1a: Tyrantrum|Head Smash|p2a: Gligar
|-damage|p2a: Gligar|148\/334
|
|-weather|none
|upkeep
|turn|10
|j|❄Inverno
|choice|*move 1|*
|choice|*|*switch 3
|choice|move headsmash|switch 3
|
|switch|p2a: Registeel|Registeel|337\/364
|move|p1a: Tyrantrum|Head Smash|p2a: Registeel
|-resisted|p2a: Registeel
|-damage|p2a: Registeel|182\/364
|
|-heal|p2a: Registeel|204\/364|[from] item: Leftovers
|upkeep
|turn|11
|l|Jaicron
|choice|*move 1|*
|choice|*|*move 4
|choice|move headsmash|move protect
|
|move|p2a: Registeel|Protect|p2a: Registeel
|-singleturn|p2a: Registeel|Protect
|move|p1a: Tyrantrum|Head Smash|p2a: Registeel
|-activate|p2a: Registeel|move: Protect
|
|-heal|p2a: Registeel|226\/364|[from] item: Leftovers
|upkeep
|turn|12
|choice|*switch 5|*
|choice|*undo|*
|choice|*switch 3|*
|choice|*undo|*
|choice|*move 1|*
|l|Miguelmart ✖✖✖
|c|♦❄Inverno|q golpazo
|choice|*|*switch 4
|choice|move headsmash|switch 4
|
|switch|p2a: Quagsire|Quagsire, M|394\/394
|move|p1a: Tyrantrum|Head Smash|p2a: Quagsire
|-resisted|p2a: Quagsire
|-crit|p2a: Quagsire
|-damage|p2a: Quagsire|152\/394
|
|-heal|p2a: Quagsire|176\/394|[from] item: Leftovers
|upkeep
|turn|13
|choice|*move 1|*
|c| Cusho|a la veerga
|c| Cusho|xD
|choice|*|*move 3
|choice|move headsmash|move recover
|
|move|p1a: Tyrantrum|Head Smash|p2a: Quagsire
|-resisted|p2a: Quagsire
|-damage|p2a: Quagsire|20\/394
|move|p2a: Quagsire|Recover|p2a: Quagsire
|-heal|p2a: Quagsire|217\/394
|
|-heal|p2a: Quagsire|241\/394|[from] item: Leftovers
|upkeep
|turn|14
|choice|*switch 2|*
|choice|*|*move 3
|choice|switch 2|move recover
|
|switch|p1a: Dhelmise|Dhelmise|343\/343
|move|p2a: Quagsire|Recover|p2a: Quagsire
|-heal|p2a: Quagsire|394\/394
|
|upkeep
|turn|15
|c| Cusho|hahahaha
|c| Cusho|crack
|choice|*move 4|*
|j|kiwikidd
|choice|*|*switch 5
|choice|move shadowclaw|switch 5
|
|switch|p2a: Umbreon|Umbreon, M|278\/394
|move|p1a: Dhelmise|Shadow Claw|p2a: Umbreon
|-resisted|p2a: Umbreon
|-damage|p2a: Umbreon|182\/394
|
|-heal|p2a: Umbreon|206\/394|[from] item: Leftovers
|upkeep
|turn|16
|choice|*move 4|*
|choice|*|*move 1
|choice|move shadowclaw|move wish
|
|move|p2a: Umbreon|Wish|p2a: Umbreon
|move|p1a: Dhelmise|Shadow Claw|p2a: Umbreon
|-resisted|p2a: Umbreon
|-damage|p2a: Umbreon|113\/394
|
|-heal|p2a: Umbreon|137\/394|[from] item: Leftovers
|upkeep
|turn|17
|choice|*switch 2|*
|choice|*undo|*
|choice|*switch 6|*
|choice|*|*move 4
|choice|switch 6|move foulplay
|
|switch|p1a: Exploud|Exploud, F|349\/349
|move|p2a: Umbreon|Foul Play|p1a: Exploud
|-damage|p1a: Exploud|232\/349
|
|-heal|p2a: Umbreon|334\/394|[from] move: Wish|[wisher] Umbreon
|-heal|p2a: Umbreon|358\/394|[from] item: Leftovers
|upkeep
|turn|18
|choice|*|*move 1
|choice|*move 2|*
|choice|move focusblast|move wish
|
|move|p1a: Exploud|Focus Blast|p2a: Umbreon
|-supereffective|p2a: Umbreon
|-damage|p2a: Umbreon|134\/394
|move|p2a: Umbreon|Wish|p2a: Umbreon
|
|-heal|p2a: Umbreon|158\/394|[from] item: Leftovers
|upkeep
|turn|19
|choice|*|*move 2
|choice|*switch 2|*
|choice|switch 2|move protect
|
|switch|p1a: Tyrantrum|Tyrantrum, M|305\/305
|move|p2a: Umbreon|Protect|p2a: Umbreon
|-fail|p2a: Umbreon
|
|-heal|p2a: Umbreon|355\/394|[from] move: Wish|[wisher] Umbreon
|-heal|p2a: Umbreon|379\/394|[from] item: Leftovers
|upkeep
|turn|20
|choice|*move 2|*
|choice|*undo|*
|choice|*move 3|*
|j|CursedStar
|choice|*undo|*
|choice|*move 2|*
|choice|*|*switch 5
|choice|move stealthrock|switch 5
|
|switch|p2a: Quagsire|Quagsire, M|394\/394
|move|p1a: Tyrantrum|Stealth Rock|p2a: Quagsire
|-sidestart|p2: SableyeMyBae (|move: Stealth Rock
|
|upkeep
|turn|21
|choice|*|*move 1
|choice|*switch 6|*
|choice|switch 6|move scald
|
|switch|p1a: Dhelmise|Dhelmise|343\/343
|move|p2a: Quagsire|Scald|p1a: Dhelmise
|-resisted|p1a: Dhelmise
|-damage|p1a: Dhelmise|306\/343
|-status|p1a: Dhelmise|brn
|
|-damage|p1a: Dhelmise|285\/343 brn|[from] brn
|upkeep
|turn|22
|choice|*|*switch 5
|choice|*switch 6|*
|choice|switch 6|switch 5
|
|switch|p1a: Tyrantrum|Tyrantrum, M|305\/305
|switch|p2a: Umbreon|Umbreon, M|379\/394
|-damage|p2a: Umbreon|330\/394|[from] Stealth Rock
|
|-heal|p2a: Umbreon|354\/394|[from] item: Leftovers
|upkeep
|turn|23
|choice|*move 3|*
|choice|*|*move 2
|choice|move superpower|move protect
|
|move|p2a: Umbreon|Protect|p2a: Umbreon
|-singleturn|p2a: Umbreon|Protect
|move|p1a: Tyrantrum|Superpower|p2a: Umbreon
|-activate|p2a: Umbreon|move: Protect
|
|-heal|p2a: Umbreon|378\/394|[from] item: Leftovers
|upkeep
|turn|24
|choice|*move 3|*
|choice|*|*switch 5
|choice|move superpower|switch 5
|
|switch|p2a: Quagsire|Quagsire, M|394\/394
|-damage|p2a: Quagsire|370\/394|[from] Stealth Rock
|move|p1a: Tyrantrum|Superpower|p2a: Quagsire
|-crit|p2a: Quagsire
|-damage|p2a: Quagsire|91\/394
|-unboost|p1a: Tyrantrum|atk|1
|-unboost|p1a: Tyrantrum|def|1
|
|-heal|p2a: Quagsire|115\/394|[from] item: Leftovers
|upkeep
|turn|25
|choice|*move 3|*
|c|☆SableyeMyBae (|zzz
|choice|*undo|*
|choice|*switch 4|*
|j|Feliks✘✘
|c| RamboSS|wincon
|c| RamboSS|crits
|choice|*|*switch 3
|choice|switch 4|switch 3
|
|switch|p1a: Blastoise|Blastoise, M|245\/299 tox
|switch|p2a: Gligar|Gligar, M|148\/334
|-damage|p2a: Gligar|107\/334|[from] Stealth Rock
|
|-damage|p1a: Blastoise|227\/299 tox|[from] psn
|upkeep
|turn|26
|choice|*|*move 2
|choice|*|*undo
|j|Chiyoka☆彡
|choice|*switch 2|*
|choice|*|*switch 5
|choice|switch 2|switch 5
|
|switch|p1a: Exploud|Exploud, F|232\/349
|switch|p2a: Umbreon|Umbreon, M|378\/394
|-damage|p2a: Umbreon|329\/394|[from] Stealth Rock
|
|-heal|p2a: Umbreon|353\/394|[from] item: Leftovers
|upkeep
|turn|27
|choice|*move 1|*
|choice|*|*move 1
|choice|move boomburst|move wish
|
|move|p1a: Exploud|Boomburst|p2a: Umbreon
|-damage|p2a: Umbreon|154\/394
|move|p2a: Umbreon|Wish|p2a: Umbreon
|
|-heal|p2a: Umbreon|178\/394|[from] item: Leftovers
|upkeep
|turn|28
|j|CC) Misicloud
|choice|*move 1|*
|choice|*|*move 2
|choice|move boomburst|move protect
|
|move|p2a: Umbreon|Protect|p2a: Umbreon
|-singleturn|p2a: Umbreon|Protect
|move|p1a: Exploud|Boomburst|p2a: Umbreon
|-activate|p2a: Umbreon|move: Protect
|
|-heal|p2a: Umbreon|375\/394|[from] move: Wish|[wisher] Umbreon
|-heal|p2a: Umbreon|394\/394|[from] item: Leftovers
|upkeep
|turn|29
|choice|*move 1|*
|choice|*|*move 1
|choice|move boomburst|move wish
|
|move|p1a: Exploud|Boomburst|p2a: Umbreon
|-damage|p2a: Umbreon|189\/394
|move|p2a: Umbreon|Wish|p2a: Umbreon
|
|-heal|p2a: Umbreon|213\/394|[from] item: Leftovers
|upkeep
|turn|30
|choice|*|*move 2
|c|+kiwikidd|ahora critea
|choice|*move 1|*
|choice|move boomburst|move protect
|
|move|p2a: Umbreon|Protect|p2a: Umbreon
|-singleturn|p2a: Umbreon|Protect
|move|p1a: Exploud|Boomburst|p2a: Umbreon
|-activate|p2a: Umbreon|move: Protect
|
|-heal|p2a: Umbreon|394\/394|[from] move: Wish|[wisher] Umbreon
|upkeep
|turn|31
|choice|*move 1|*
|c|☆SableyeMyBae (|más?
|choice|*|*move 1
|choice|move boomburst|move wish
|
|move|p1a: Exploud|Boomburst|p2a: Umbreon
|-damage|p2a: Umbreon|208\/394
|move|p2a: Umbreon|Wish|p2a: Umbreon
|
|-heal|p2a: Umbreon|232\/394|[from] item: Leftovers
|upkeep
|turn|32
|choice|*switch 3|*
|choice|*|*switch 4
|choice|switch 3|switch 4
|
|switch|p1a: Gardevoir|Gardevoir, M|277\/277
|-ability|p1a: Gardevoir|Synchronize|[from] ability: Trace|[of] p2a: Umbreon
|switch|p2a: Registeel|Registeel|226\/364
|-damage|p2a: Registeel|204\/364|[from] Stealth Rock
|
|-heal|p2a: Registeel|364\/364|[from] move: Wish|[wisher] Umbreon
|upkeep
|turn|33
|c|%CC) Misicloud|lol
|choice|*move 1|*
|c|%CC) Misicloud|human?
|choice|*|*move 4
|choice|move trick|move protect
|
|move|p2a: Registeel|Protect|p2a: Registeel
|-singleturn|p2a: Registeel|Protect
|move|p1a: Gardevoir|Trick|p2a: Registeel
|-activate|p2a: Registeel|move: Protect
|
|upkeep
|turn|34
|c|+kiwikidd|not human
|j|Jaicron
|choice|*move 1|*
|choice|*|*switch 3
|choice|move trick|switch 3
|
|switch|p2a: Quagsire|Quagsire, M|115\/394
|-damage|p2a: Quagsire|91\/394|[from] Stealth Rock
|move|p1a: Gardevoir|Trick|p2a: Quagsire
|-activate|p1a: Gardevoir|move: Trick|[of] p2a: Quagsire
|-item|p2a: Quagsire|Choice Scarf|[from] move: Trick
|-item|p1a: Gardevoir|Leftovers|[from] move: Trick
|
|upkeep
|turn|35
|c| Cusho|alien
|choice|*move 1|*
|choice|*|*move 3
|choice|move trick|move recover
|
|move|p1a: Gardevoir|Trick|p2a: Quagsire
|-activate|p1a: Gardevoir|move: Trick|[of] p2a: Quagsire
|-item|p2a: Quagsire|Leftovers|[from] move: Trick
|-item|p1a: Gardevoir|Choice Scarf|[from] move: Trick
|move|p2a: Quagsire|Recover|p2a: Quagsire
|-heal|p2a: Quagsire|288\/394
|
|-heal|p2a: Quagsire|312\/394|[from] item: Leftovers
|upkeep
|turn|36
|c|♦❄Inverno|elfo
|c| Cusho|haha
|choice|*move 2|*
|c|@Pirlо 「☮」|xd
|c|%CC) Misicloud|lol
|c|%CC) Misicloud|humillao
|c|+kiwikidd|plays
|j|A4cher®
|j|Dilan Yankins
|c| RamboSS|humilladisimo
|c| RamboSS|dios
|c|%CC) Misicloud|o sea
|c|%CC) Misicloud|ha recuperado a Quagsire
|c| A4cher®|yo pense q alvanc era pro
|c| A4cher®|sad
|c|%CC) Misicloud|en un trick
|choice|*|*switch 6
|choice|move moonblast|switch 6
|
|switch|p2a: Milotic|Milotic, M|394\/394
|-damage|p2a: Milotic|345\/394|[from] Stealth Rock
|move|p1a: Gardevoir|Moonblast|p2a: Milotic
|-damage|p2a: Milotic|227\/394
|
|-heal|p2a: Milotic|251\/394|[from] item: Leftovers
|upkeep
|turn|37
|c| Dilan Yankins|vamos egalvanc
|c| RamboSS|que cojones xd
|c|%CC) Misicloud|SableyeMyBae
|choice|*|*move 1
|c|%CC) Misicloud|guárdate la polla
|c|%CC) Misicloud|un ratico
|j|Cardenas19
|j|nyan dash*^*
|c| RamboSS|o sea eso era sack obvio, gran doble trick
|c| nyan dash*^*|**smb king**
|c|+kiwikidd|pero si es egalvanc el que la está liando
|j|Miguelmart ✖✖✖
|j|Leiteng
|c|☆EGalvanc ✘✘✘|hmm
|choice|*|*undo
|choice|*|*move 2
|c|+Rolo Sparkler|esta en tus manos
|j|Recci
|c|☆EGalvanc ✘✘✘|ya wey
|c|☆EGalvanc ✘✘✘|déjame pensar
|c| Cusho|Piensa mas rapido
|c| Cusho|xD
|c| Bloody alfa|no
|c|+Rolo Sparkler|no
|c| Bloody alfa|piensa lento ostias
|j|Israel 77
|c| Bloody alfa|de echo no
|c| Cusho|Usted no se meta bloody
|c|+Rolo Sparkler|lento pero seguro
|c| Bloody alfa|piensa rapido
|l|A4cher®
|c| Bloody alfa|que el timer
|c| Bloody alfa|jaja
|c|%CC) Misicloud|piensa lento
|c| Cusho|piensa lento
|c|%CC) Misicloud|piensa lento
|choice|*switch 6|*
|choice|switch 6|move recover
|
|switch|p1a: Dhelmise|Dhelmise|285\/343 brn
|move|p2a: Milotic|Recover|p2a: Milotic
|-heal|p2a: Milotic|394\/394
|
|-damage|p1a: Dhelmise|264\/343 brn|[from] brn
|upkeep
|turn|38
|l|Israel 77
|c|%CC) Misicloud|no te preocupes
|c| Cusho|dijo bloody
|choice|*switch 5|*
|j|ℙℭ El Ojo Blanco
|j|mtmga
|c|☆EGalvanc ✘✘✘|coño
|c|☆EGalvanc ✘✘✘|se pueden callar?
|c|%CC) Misicloud|!data dhelmise
|c|~|\/data-pokemon Dhelmise

|c| Cusho|usa heal bell
|j|Mandex ∯
|raw|<div class="broadcast-red"><b>Chat Moderado. Nivel: +!<\/b><br \/>Solo quienes tengan rango + o superior pueden hablar.<\/div>
|choice|*|*switch 3
|choice|switch 5|switch 3
|
|switch|p2a: Registeel|Registeel|364\/364
|-damage|p2a: Registeel|342\/364|[from] Stealth Rock
|switch|p1a: Rotom|Rotom-Heat|169\/241
|
|-heal|p2a: Registeel|364\/364|[from] item: Leftovers
|upkeep
|turn|39
|j|Akaru Kokuyo
|choice|*move 2|*
|choice|*|*move 4
|choice|move thunder|move protect
|
|move|p2a: Registeel|Protect|p2a: Registeel
|-singleturn|p2a: Registeel|Protect
|move|p1a: Rotom|Thunder|p2a: Registeel
|-activate|p2a: Registeel|move: Protect
|
|upkeep
|turn|40
|choice|*move 2|*
|choice|*undo|*
|choice|*move 3|*
|j|NatGía ѓзў
|choice|*|*move 2
|choice|move voltswitch|move stealthrock
|
|move|p1a: Rotom|Volt Switch|p2a: Registeel
|-damage|p2a: Registeel|285\/364
|-damage|p1a: Rotom|145\/241|[from] item: Life Orb
|choice|*switch 4|*
|choice|switch 4|
|
|switch|p1a: Tyrantrum|Tyrantrum, M|305\/305
|move|p2a: Registeel|Stealth Rock|p1a: Tyrantrum
|-sidestart|p1: EGalvanc ✘✘✘|move: Stealth Rock
|
|-heal|p2a: Registeel|307\/364|[from] item: Leftovers
|upkeep
|turn|41
|choice|*move 3|*
|choice|*|*move 4
|choice|move superpower|move protect
|
|move|p2a: Registeel|Protect|p2a: Registeel
|-singleturn|p2a: Registeel|Protect
|move|p1a: Tyrantrum|Superpower|p2a: Registeel
|-activate|p2a: Registeel|move: Protect
|
|-heal|p2a: Registeel|329\/364|[from] item: Leftovers
|upkeep
|turn|42
|choice|*|*switch 2
|choice|*move 3|*
|choice|move superpower|switch 2
|
|switch|p2a: Reuniclus|Reuniclus, F|424\/424
|move|p1a: Tyrantrum|Superpower|p2a: Reuniclus
|-resisted|p2a: Reuniclus
|-crit|p2a: Reuniclus
|-damage|p2a: Reuniclus|273\/424
|-unboost|p1a: Tyrantrum|atk|1
|-unboost|p1a: Tyrantrum|def|1
|
|-heal|p2a: Reuniclus|299\/424|[from] item: Leftovers
|upkeep
|turn|43
|j|oh95
|choice|*switch 6|*
|c|☆SableyeMyBae (|periscopio band
|c|%NatGía ѓзў|smb
|choice|*|*move 2
|choice|switch 6|move recover
|
|switch|p1a: Gardevoir|Gardevoir, M|277\/277
|-damage|p1a: Gardevoir|243\/277|[from] Stealth Rock
|-ability|p1a: Gardevoir|Magic Guard|[from] ability: Trace|[of] p2a: Reuniclus
|move|p2a: Reuniclus|Recover|p2a: Reuniclus
|-heal|p2a: Reuniclus|424\/424
|
|upkeep
|turn|44
|choice|*|*switch 3
|choice|*move 1|*
|choice|move trick|switch 3
|
|switch|p2a: Milotic|Milotic, M|394\/394
|-damage|p2a: Milotic|345\/394|[from] Stealth Rock
|move|p1a: Gardevoir|Trick|p2a: Milotic
|-activate|p1a: Gardevoir|move: Trick|[of] p2a: Milotic
|-item|p2a: Milotic|Choice Scarf|[from] move: Trick
|-item|p1a: Gardevoir|Leftovers|[from] move: Trick
|
|-heal|p1a: Gardevoir|260\/277|[from] item: Leftovers
|upkeep
|turn|45
|choice|*move 3|*
|choice|*|*move 1
|choice|move psyshock|move scald
|
|move|p2a: Milotic|Scald|p1a: Gardevoir
|-damage|p1a: Gardevoir|170\/277
|-status|p1a: Gardevoir|brn
|move|p1a: Gardevoir|Psyshock|p2a: Milotic
|-damage|p2a: Milotic|198\/394
|
|-heal|p1a: Gardevoir|187\/277 brn|[from] item: Leftovers
|upkeep
|turn|46
|choice|*|*move 1
|choice|*move 3|*
|choice|move psyshock|move scald
|
|move|p2a: Milotic|Scald|p1a: Gardevoir
|-damage|p1a: Gardevoir|103\/277 brn
|move|p1a: Gardevoir|Psyshock|p2a: Milotic
|-damage|p2a: Milotic|62\/394
|
|-heal|p1a: Gardevoir|120\/277 brn|[from] item: Leftovers
|upkeep
|turn|47
|choice|*|*move 1
|choice|*move 3|*
|choice|move psyshock|move scald
|
|move|p2a: Milotic|Scald|p1a: Gardevoir
|-damage|p1a: Gardevoir|41\/277 brn
|move|p1a: Gardevoir|Psyshock|p2a: Milotic
|-damage|p2a: Milotic|0 fnt
|faint|p2a: Milotic
|
|-heal|p1a: Gardevoir|58\/277 brn|[from] item: Leftovers
|upkeep
|choice|*|*switch 3
|choice||switch 3
|
|switch|p2a: Reuniclus|Reuniclus, F|424\/424
|turn|48
|choice|*|*move 4
|choice|*move 4|*
|choice|move healingwish|move acidarmor
|
|move|p1a: Gardevoir|Healing Wish|p1a: Gardevoir
|faint|p1a: Gardevoir
|move|p2a: Reuniclus|Acid Armor|p2a: Reuniclus
|-boost|p2a: Reuniclus|def|2
|
|upkeep
|choice|*switch 5|*
|choice|switch 5|
|
|switch|p1a: Dhelmise|Dhelmise|264\/343 brn
|-heal|p1a: Dhelmise|343\/343|[from] move: Healing Wish
|-damage|p1a: Dhelmise|301\/343|[from] Stealth Rock
|turn|49
|choice|*move 4|*
|choice|*|*move 1
|choice|move shadowclaw|move psyshock
|
|move|p1a: Dhelmise|Shadow Claw|p2a: Reuniclus
|-supereffective|p2a: Reuniclus
|-damage|p2a: Reuniclus|226\/424
|move|p2a: Reuniclus|Psyshock|p1a: Dhelmise
|-damage|p1a: Dhelmise|192\/343
|
|-heal|p2a: Reuniclus|252\/424|[from] item: Leftovers
|upkeep
|turn|50
|choice|*move 4|*
|choice|*|*switch 4
|choice|move shadowclaw|switch 4
|
|switch|p2a: Umbreon|Umbreon, M|232\/394
|-damage|p2a: Umbreon|183\/394|[from] Stealth Rock
|move|p1a: Dhelmise|Shadow Claw|p2a: Umbreon
|-resisted|p2a: Umbreon
|-damage|p2a: Umbreon|84\/394
|
|-heal|p2a: Umbreon|108\/394|[from] item: Leftovers
|upkeep
|turn|51
|j|Bleach
|l|Bleach
|choice|*move 4|*
|choice|*|*move 1
|choice|move shadowclaw|move wish
|
|move|p2a: Umbreon|Wish|p2a: Umbreon
|move|p1a: Dhelmise|Shadow Claw|p2a: Umbreon
|-resisted|p2a: Umbreon
|-crit|p2a: Umbreon
|-damage|p2a: Umbreon|0 fnt
|faint|p2a: Umbreon
|
|upkeep
|c|☆EGalvanc ✘✘✘|vámonos
|c|♦Miguelmart ✖✖✖|vamonos
|c|♦Miguelmart ✖✖✖|dice
|c|♦Miguelmart ✖✖✖|xddd
|c|☆SableyeMyBae (|pero
|l|mtmga
|c|☆SableyeMyBae (|si me has criteado la mitad de turnos
|c|☆SableyeMyBae (|de la battle
|c|☆SableyeMyBae (|xd
|choice|*|*switch 5
|choice||switch 5
|
|switch|p2a: Gligar|Gligar, M|107\/334
|-damage|p2a: Gligar|66\/334|[from] Stealth Rock
|turn|52
|c|☆EGalvanc ✘✘✘|!dt shadow claw
|c|~|\/data-move Shadow Claw
|raw|<font size="1"><font color=#585858>Prioridad:<\/font> 0&nbsp;|&ThickSpace;<font color=#585858>Gen:<\/font> 4&nbsp;|&ThickSpace;<font color=#585858><font color=black>&#10003; Contacto<\/font><\/font>&nbsp;|&ThickSpace;<font color=#585858>Poder Z:<\/font> 140&nbsp;|&ThickSpace;<font color=#585858>Objetivo:<\/font> Pokémon Adyacentes<\/font>
|choice|*|*move 2
|choice|*move 4|*
|choice|move shadowclaw|move roost
|
|move|p2a: Gligar|Roost|p2a: Gligar
|-heal|p2a: Gligar|233\/334
|move|p1a: Dhelmise|Shadow Claw|p2a: Gligar
|-damage|p2a: Gligar|139\/334
|
|-heal|p2a: Gligar|334\/334|[from] move: Wish|[wisher] Umbreon
|upkeep
|turn|53
|c|%CC) Misicloud|sabes
|c|☆SableyeMyBae (|!dt head smash
|c|~|\/data-move Head Smash
|raw|<font size="1"><font color=#585858>Prioridad:<\/font> 0&nbsp;|&ThickSpace;<font color=#585858>Gen:<\/font> 4&nbsp;|&ThickSpace;<font color=#585858><font color=black>&#10003; Contacto<\/font><\/font>&nbsp;|&ThickSpace;<font color=#585858>Poder Z:<\/font> 200&nbsp;|&ThickSpace;<font color=#585858>Objetivo:<\/font> Pokémon Adyacentes<\/font>
|j|mtmga
|choice|*switch 4|*
|c|%CC) Misicloud|que el high crit ratio
|c|%NatGía ѓзў|tranqui smb
|c|☆SableyeMyBae (|!dt superpower
|c|~|\/data-move Superpower
|raw|<font size="1"><font color=#585858>Prioridad:<\/font> 0&nbsp;|&ThickSpace;<font color=#585858>Gen:<\/font> 3&nbsp;|&ThickSpace;<font color=#585858><font color=black>&#10003; Contacto<\/font><\/font>&nbsp;|&ThickSpace;<font color=#585858>Poder Z:<\/font> 190&nbsp;|&ThickSpace;<font color=#585858>Objetivo:<\/font> Pokémon Adyacentes<\/font>
|c|%CC) Misicloud|es 12'5%
|c|☆SableyeMyBae (|xDD
|c|%CC) Misicloud|no?
|c|%CC) Misicloud|o sea
|choice|*|*move 1
|choice|switch 4|move earthquake
|
|switch|p1a: Rotom|Rotom-Heat|145\/241
|-damage|p1a: Rotom|85\/241|[from] Stealth Rock
|move|p2a: Gligar|Earthquake|p1a: Rotom
|-immune|p1a: Rotom|[msg]|[from] ability: Levitate
|
|upkeep
|turn|54
|c|%CC) Misicloud|significa 1\/8 no 1\/2
|l|Jaicron
|choice|*|*switch 6
|c|%CC) Misicloud|pura matemática
|choice|*switch 4|*
|choice|switch 4|switch 6
|
|switch|p1a: Dhelmise|Dhelmise|192\/343
|-damage|p1a: Dhelmise|150\/343|[from] Stealth Rock
|switch|p2a: Quagsire|Quagsire, M|312\/394
|-damage|p2a: Quagsire|288\/394|[from] Stealth Rock
|
|-heal|p2a: Quagsire|312\/394|[from] item: Leftovers
|upkeep
|turn|55
|choice|*move 3|*
|choice|*|*switch 6
|choice|move rapidspin|switch 6
|
|switch|p2a: Gligar|Gligar, M|334\/334
|-damage|p2a: Gligar|293\/334|[from] Stealth Rock
|move|p1a: Dhelmise|Rapid Spin|p2a: Gligar
|-crit|p2a: Gligar
|-damage|p2a: Gligar|265\/334
|-sideend|p1: EGalvanc ✘✘✘|Stealth Rock|[from] move: Rapid Spin|[of] p1a: Dhelmise
|
|upkeep
|turn|56
|choice|*switch 3|*
|choice|*|*move 3
|choice|switch 3|move defog
|
|switch|p1a: Exploud|Exploud, F|232\/349
|move|p2a: Gligar|Defog|p1a: Exploud
|-unboost|p1a: Exploud|evasion|1
|-sideend|p2: SableyeMyBae (|Stealth Rock|[from] move: Defog|[of] p2a: Gligar
|
|upkeep
|turn|57
|choice|*move 3|*
|choice|*|*switch 2
|choice|move fireblast|switch 2
|
|switch|p2a: Registeel|Registeel|329\/364
|move|p1a: Exploud|Fire Blast|p2a: Registeel
|-supereffective|p2a: Registeel
|-damage|p2a: Registeel|145\/364
|
|-heal|p2a: Registeel|167\/364|[from] item: Leftovers
|upkeep
|turn|58
|choice|*|*move 4
|choice|*move 3|*
|choice|move fireblast|move protect
|
|move|p2a: Registeel|Protect|p2a: Registeel
|-singleturn|p2a: Registeel|Protect
|move|p1a: Exploud|Fire Blast|p2a: Registeel
|-activate|p2a: Registeel|move: Protect
|
|-heal|p2a: Registeel|189\/364|[from] item: Leftovers
|upkeep
|turn|59
|choice|*switch 3|*
|choice|*undo|*
|choice|*move 3|*
|l|ZDen
|choice|*|*switch 6
|choice|move fireblast|switch 6
|
|switch|p2a: Quagsire|Quagsire, M|312\/394
|move|p1a: Exploud|Fire Blast|p2a: Quagsire|[miss]
|-miss|p1a: Exploud|p2a: Quagsire
|
|-heal|p2a: Quagsire|336\/394|[from] item: Leftovers
|upkeep
|turn|60
|choice|*switch 2|*
|choice|*|*move 1
|choice|switch 2|move scald
|
|switch|p1a: Blastoise|Blastoise, M|227\/299 tox
|move|p2a: Quagsire|Scald|p1a: Blastoise
|-resisted|p1a: Blastoise
|-damage|p1a: Blastoise|197\/299 tox
|
|-heal|p2a: Quagsire|360\/394|[from] item: Leftovers
|-damage|p1a: Blastoise|179\/299 tox|[from] psn
|upkeep
|turn|61
|choice|*|*switch 6
|choice|*|*undo
|choice|*|*move 3
|choice|*move 3|*
|choice|move hydropump|move recover
|
|move|p1a: Blastoise|Hydro Pump|p2a: Quagsire
|-damage|p2a: Quagsire|29\/394
|move|p2a: Quagsire|Recover|p2a: Quagsire
|-heal|p2a: Quagsire|226\/394
|
|-heal|p2a: Quagsire|250\/394|[from] item: Leftovers
|-damage|p1a: Blastoise|143\/299 tox|[from] psn
|upkeep
|turn|62
|choice|*move 3|*
|choice|*|*switch 6
|choice|move hydropump|switch 6
|
|switch|p2a: Registeel|Registeel|189\/364
|move|p1a: Blastoise|Hydro Pump|p2a: Registeel
|-damage|p2a: Registeel|51\/364
|
|-heal|p2a: Registeel|73\/364|[from] item: Leftovers
|-damage|p1a: Blastoise|89\/299 tox|[from] psn
|upkeep
|turn|63
|choice|*|*move 4
|choice|*switch 3|*
|choice|switch 3|move protect
|
|switch|p1a: Dhelmise|Dhelmise|150\/343
|move|p2a: Registeel|Protect|p2a: Registeel
|-fail|p2a: Registeel
|
|-heal|p2a: Registeel|95\/364|[from] item: Leftovers
|upkeep
|turn|64
|choice|*move 4|*
|choice|*|*move 4
|choice|move shadowclaw|move protect
|
|move|p2a: Registeel|Protect|p2a: Registeel
|-singleturn|p2a: Registeel|Protect
|move|p1a: Dhelmise|Shadow Claw|p2a: Registeel
|-activate|p2a: Registeel|move: Protect
|
|-heal|p2a: Registeel|117\/364|[from] item: Leftovers
|upkeep
|turn|65
|choice|*move 4|*
|l|SableyeMyBae (
|player|p2
|c|☆EGalvanc ✘✘✘|ya es game
|j|Bleach
|c|%CC) Misicloud|si ya es game
|c|%CC) Misicloud|espérale
|c|%CC) Misicloud|lol
|c|☆EGalvanc ✘✘✘|espera
|c|☆EGalvanc ✘✘✘|cuando queden 10
|c|☆EGalvanc ✘✘✘|lo paro
|c|+kiwikidd|sabes q no lo harás
|c|+kiwikidd|jajajajajajajajajajajajajaja
|c|+kiwikidd|puto idolo
|j|SableyeMyBae (
|player|p2|SableyeMyBae (|smb.png?f7359518
|c|+kiwikidd|cuando queden 10 dice
|c|&Rey Joya|..
|c|+kiwikidd|jajajajajajajajaj
|choice|*|*move 4
|choice|move shadowclaw|move protect
|
|move|p2a: Registeel|Protect|p2a: Registeel
|-singleturn|p2a: Registeel|Protect
|move|p1a: Dhelmise|Shadow Claw|p2a: Registeel
|-activate|p2a: Registeel|move: Protect
|
|-heal|p2a: Registeel|139\/364|[from] item: Leftovers
|upkeep
|turn|66
|choice|*move 4|*
|choice|*|*switch 2
|choice|move shadowclaw|switch 2
|
|switch|p2a: Gligar|Gligar, M|265\/334
|move|p1a: Dhelmise|Shadow Claw|p2a: Gligar
|-crit|p2a: Gligar
|-damage|p2a: Gligar|114\/334
|
|upkeep
|turn|67
|c|☆EGalvanc ✘✘✘|sableye
|c|%CC) Misicloud|otro crit
|c|%CC) Misicloud|jajajaja
|choice|*|*move 2
|choice|*|*undo
|c|☆EGalvanc ✘✘✘|quieres que quite timer?
|choice|*|*move 1
|choice|*switch 4|*
|choice|switch 4|move earthquake
|
|switch|p1a: Rotom|Rotom-Heat|85\/241
|move|p2a: Gligar|Earthquake|p1a: Rotom
|-immune|p1a: Rotom|[msg]|[from] ability: Levitate
|
|upkeep
|turn|68
|l|kiwikidd
|c|☆SableyeMyBae (|si me caigo y
|c|☆SableyeMyBae (|si no me da =
|choice|*move 4|*
|choice|*|*move 2
|choice|move hiddenpower|move roost
|
|move|p1a: Rotom|Hidden Power|p2a: Gligar
|-supereffective|p2a: Gligar
|-damage|p2a: Gligar|0 fnt
|-damage|p1a: Rotom|61\/241|[from] item: Life Orb
|faint|p2a: Gligar
|
|upkeep
|choice|*|*switch 4
|choice||switch 4
|
|switch|p2a: Reuniclus|Reuniclus, F|252\/424
|turn|69
|choice|*move 1|*
|choice|*|*move 2
|choice|move raindance|move recover
|
|move|p1a: Rotom|Rain Dance|p1a: Rotom
|-weather|RainDance
|move|p2a: Reuniclus|Recover|p2a: Reuniclus
|-heal|p2a: Reuniclus|424\/424
|
|-weather|RainDance|[upkeep]
|upkeep
|turn|70
|choice|*move 2|*
|c|♦❄Inverno|lul
|choice|*|*move 3
|choice|move thunder|move calmmind
|
|move|p1a: Rotom|Thunder|p2a: Reuniclus
|-damage|p2a: Reuniclus|178\/424
|-damage|p1a: Rotom|37\/241|[from] item: Life Orb
|move|p2a: Reuniclus|Calm Mind|p2a: Reuniclus
|-boost|p2a: Reuniclus|spa|1
|-boost|p2a: Reuniclus|spd|1
|
|-weather|RainDance|[upkeep]
|-heal|p2a: Reuniclus|204\/424|[from] item: Leftovers
|upkeep
|turn|71
|choice|*move 2|*
|choice|*|*move 2
|choice|move thunder|move recover
|
|move|p1a: Rotom|Thunder|p2a: Reuniclus
|-damage|p2a: Reuniclus|31\/424
|-damage|p1a: Rotom|13\/241|[from] item: Life Orb
|move|p2a: Reuniclus|Recover|p2a: Reuniclus
|-heal|p2a: Reuniclus|243\/424
|
|-weather|RainDance|[upkeep]
|-heal|p2a: Reuniclus|269\/424|[from] item: Leftovers
|upkeep
|turn|72
|choice|*move 2|*
|choice|*|*move 2
|choice|move thunder|move recover
|
|move|p1a: Rotom|Thunder|p2a: Reuniclus
|-crit|p2a: Reuniclus
|-damage|p2a: Reuniclus|0 fnt
|-damage|p1a: Rotom|0 fnt|[from] item: Life Orb
|faint|p2a: Reuniclus
|faint|p1a: Rotom
|
|-weather|RainDance|[upkeep]
|upkeep
|c|%NatGía ѓзў|alv
|choice|*switch 3|*
|c|%NatGía ѓзў|xD
|c|%CC) Misicloud|xddddddddddddddd
|c|☆SableyeMyBae (|joder
|c|%NatGía ѓзў|pobre smb
|j|kiwikidd
|c|&Rey Joya|Venga ya
|l|Mandex ∯
|c|%CursedStar|esto no es normal
|c|%CursedStar|lol
|c|☆SableyeMyBae (|así es imposible
|l|Miguelmart ✖✖✖
|c|♦❄Inverno|riperino pepino
|c|%CC) Misicloud|SableyeMyBae
|c|%CC) Misicloud|seguro que eres tú
|c|%CC) Misicloud|y no yo?
|c|☆EGalvanc ✘✘✘|espera sableye
|choice|*|*switch 2
|choice|switch 3|switch 2
|
|switch|p1a: Blastoise|Blastoise, M|89\/299 tox
|switch|p2a: Registeel|Registeel|139\/364
|turn|73
|c|☆EGalvanc ✘✘✘|el specs blastoise
|choice|*|*move 4
|c|☆EGalvanc ✘✘✘|no gana igual?
|choice|*move 3|*
|choice|move hydropump|move protect
|
|move|p2a: Registeel|Protect|p2a: Registeel
|-singleturn|p2a: Registeel|Protect
|move|p1a: Blastoise|Hydro Pump|p2a: Registeel
|-activate|p2a: Registeel|move: Protect
|
|-weather|none
|-heal|p2a: Registeel|161\/364|[from] item: Leftovers
|-damage|p1a: Blastoise|71\/299 tox|[from] psn
|upkeep
|turn|74
|choice|*move 3|*
|c|☆SableyeMyBae (|la cuestion
|c|☆SableyeMyBae (|no es ahora
|c|♦❄Inverno|los miss
|c|&Rey Joya|Podría fallar una
|c|&Rey Joya|Y tal
|c|☆SableyeMyBae (|es todo el combate
|choice|*|*move 4
|choice|move hydropump|move protect
|
|move|p2a: Registeel|Protect|p2a: Registeel
|-fail|p2a: Registeel
|move|p1a: Blastoise|Hydro Pump|p2a: Registeel
|-damage|p2a: Registeel|0 fnt
|faint|p2a: Registeel
|
|-damage|p1a: Blastoise|35\/299 tox|[from] psn
|upkeep
|c|%CC) Misicloud|qué va a fallar
|c|♦❄Inverno|bum
|choice|*|*switch 6
|choice||switch 6
|
|switch|p2a: Quagsire|Quagsire, M|250\/394
|turn|75
|c|%CC) Misicloud|jaja
|choice|*|*move 4
|c|☆EGalvanc ✘✘✘|specs modest
|c|☆EGalvanc ✘✘✘|best set
|c|☆SableyeMyBae (|que no es
|c|☆SableyeMyBae (|el blastoise
|c|☆EGalvanc ✘✘✘|since 1996
|c|☆SableyeMyBae (|no ahora
|choice|*move 3|*
|choice|move hydropump|move curse
|
|move|p1a: Blastoise|Hydro Pump|p2a: Quagsire
|-damage|p2a: Quagsire|0 fnt
|faint|p2a: Quagsire
|
|win|EGalvanc ✘✘✘
|player|p1
|player|p2
|c|☆SableyeMyBae (|ni*
|l|❄Inverno
|l|NatGía ѓзў
|l|Cardenas19
|l|SableyeMyBae (
|l|Rey Joya
|l|Chiyoka☆彡
|l|mtmga
|l|CC) Misicloud
|l|kiwikidd
|l|Akaru Kokuyo
|l|oh95
|l|Bleach
|l|Leiteng
|l|W@mr
|l|Cusho
|l|CursedStar
|l|RamboSS
|l|Rolo Sparkler
|l|Pirlо 「☮」
|j|Jaicron
|l|Feliks✘✘
|l|Bloody alfa
|l|Jaicron
|j|Jaicron
|l|Jaicron
|l|Recci
|l|H2K Odoamne
|l|ℙℭ El Ojo Blanco
|l|nyan dash*^*</script>
</div>
<div class="battle-log battle-log-inline"><div class="inner"><div class="battle-options"></div><div class="inner"><div class="chat"><small>EGalvanc ✘✘✘ joined.</small></div><div class="chat"><small>SableyeMyBae ( joined.</small></div><div class=""><small>Format:</small> <br><strong>RU</strong></div><div class=""><small><em>Cláusula-Mod de Dormir:</em> solo puedes dormir a uno de tus oponentes a la vez.</small></div><div class=""><small><em>Cláusula de Especie:</em> Hasta un Pokémon de cada especie</small></div><div class=""><small><em>Cláusula de Golpe Fulminante:</em> los movimientos fulminantes (OHKO) estan prohibidos</small></div><div class=""><small><em>Cláusula de Moody:</em> la habilidad Moody está prohibida</small></div><div class=""><small><em>Cláusula de Movimientos Evasivos:</em> los movimientos de evasion estan prohibidos</small></div><div class=""><small><em>Cláusula de Batallas Eternas:</em> forzar batallas eternas está prohibido</small></div><div class="chat battle-history"><strong>EGalvanc ✘✘✘'s team:</strong> <em style="color:#445566;display:block;">Exploud / Dhelmise / Gardevoir / Tyrantrum / Blastoise / Rotom-Heat</em></div><div class="chat battle-history"><strong>SableyeMyBae ('s team:</strong> <em style="color:#445566;display:block;">Gligar / Reuniclus / Umbreon / Quagsire / Milotic / Registeel</em></div><div class="chat"><small>Miguelmart ✖✖✖ joined.</small></div><div class="chat"><small>Bloody alfa joined.</small></div><div class="chat"><small>W@mr joined.</small></div><div class="chat"><small>Cusho joined.</small></div><div class="chat"><small>RamboSS joined.</small></div><div class="chat chatmessage-cusho"><strong style="color:hsl(0,59%,50.84664459081895%)"><small> </small><span class="username" data-name="Cusho">Cusho</span>:</strong> <em>vamos edgar gana we</em></div><div class="chat chatmessage-egalvanc"><strong style="color:hsl(189,65%,38%)"><small>☆</small><span class="username" data-name="EGalvanc ✘✘✘">EGalvanc ✘✘✘</span>:</strong> <em>hf</em></div><div class="chat"><small>H2K Odoamne joined.</small></div><div class="chat chatmessage-sableyemybae"><strong style="color:hsl(63,53%,39.786338788226445%)"><small>☆</small><span class="username" data-name="SableyeMyBae (">SableyeMyBae (</span>:</strong> <em>hf</em></div><div class="spacer battle-history"><br></div><div class="battle-history">Battle started between EGalvanc ✘✘✘ and SableyeMyBae (!<br></div><div class="spacer battle-history"><br></div><div class="battle-history">Go! Rotom (<strong>Rotom-Heat</strong>)!<br></div><div class="spacer battle-history"><br></div><div class="battle-history">SableyeMyBae ( sent out <strong>Gligar</strong>!<br></div><div class="spacer battle-history"><br></div><h2 class="battle-history">Turn 1</h2><div class="chat chatmessage-h2kodoamne"><strong style="color:hsl(285,55%,52.58189692010313%)"><small> </small><span class="username" data-name="H2K Odoamne">H2K Odoamne</span>:</strong> <em>SableyeMyBae</em></div><div class="chat chatmessage-h2kodoamne"><strong style="color:hsl(285,55%,52.58189692010313%)"><small> </small><span class="username" data-name="H2K Odoamne">H2K Odoamne</span>:</strong> <em>vas a ser titular?</em></div><div class="chat chatmessage-h2kodoamne"><strong style="color:hsl(285,55%,52.58189692010313%)"><small> </small><span class="username" data-name="H2K Odoamne">H2K Odoamne</span>:</strong> <em>o spectear</em></div><div class="chat chatmessage-sableyemybae"><strong style="color:hsl(63,53%,39.786338788226445%)"><small>☆</small><span class="username" data-name="SableyeMyBae (">SableyeMyBae (</span>:</strong> <em>no sé</em></div><div class="chat chatmessage-ramboss"><strong style="color:hsl(11,75%,48%)"><small> </small><span class="username" data-name="RamboSS">RamboSS</span>:</strong> <em>si te preparas contra stall en ru, se puede ganar? xd</em></div><div class="chat chatmessage-sableyemybae"><strong style="color:hsl(63,53%,39.786338788226445%)"><small>☆</small><span class="username" data-name="SableyeMyBae (">SableyeMyBae (</span>:</strong> <em>!dt hoopa</em></div><div class="chat message-error">[outdated code no longer supported]</div><div class="chat"><font size="1"><font color="#585858">Dex#:</font> 720&nbsp;|  <font color="#585858">Gen:</font> 6&nbsp;|  <font color="#585858">Altura:</font> 0.5 m&nbsp;|  <font color="#585858">Peso:</font> 9 kg <em>(20 BP)</em>&nbsp;|  <font color="#585858">Color:</font> Purple&nbsp;|  <font color="#585858">Familia:</font> Undiscovered&nbsp;|  <font color="#585858"><font color="#585858">No Evoluciona</font></font></font></div><div class="chat"><small>Pirlо 「☮」 joined.</small></div><div class="chat"><small>Rey Joya joined.</small></div><div class="spacer battle-history"><br></div><div class="battle-history">SableyeMyBae ( withdrew Gligar!<br></div><div class="battle-history">SableyeMyBae ( sent out <strong>Milotic</strong>!<br></div><div class="spacer battle-history"><br></div><div class="battle-history">Rotom used <strong>Hidden Power</strong>!<br></div><div class="battle-history"><small>It's not very effective...</small><br></div><div class="battle-history"><small>(The opposing Milotic lost <abbr title="−26/394">6.6%</abbr> of its health!)</small><br></div><div class="battle-history"><small>Rotom lost some of its HP!</small><br></div><div class="spacer battle-history"><br></div><div class="battle-history"><small>The opposing Milotic restored a little HP using its Leftovers!</small><br></div><div class="spacer battle-history"><br></div><h2 class="battle-history">Turn 2</h2><div class="spacer battle-history"><br></div><div class="battle-history">SableyeMyBae ( withdrew Milotic!<br></div><div class="battle-history">SableyeMyBae ( sent out <strong>Umbreon</strong>!<br></div><div class="spacer battle-history"><br></div><div class="battle-history">Rotom used <strong>Volt Switch</strong>!<br></div><div class="battle-history"><small>A critical hit!</small><br></div><div class="battle-history"><small>(The opposing Umbreon lost <abbr title="−140/394">35.5%</abbr> of its health!)</small><br></div><div class="battle-history"><small>Rotom lost some of its HP!</small><br></div><div class="spacer battle-history"><br></div><div class="battle-history">Rotom went back to EGalvanc ✘✘✘!<br></div><div class="battle-history">Go! <strong>Tyrantrum</strong>!<br></div><div class="spacer battle-history"><br></div><div class="battle-history"><small>The opposing Umbreon restored a little HP using its Leftovers!</small><br></div><div class="spacer battle-history"><br></div><h2 class="battle-history">Turn 3</h2><div class="spacer battle-history"><br></div><div class="battle-history">SableyeMyBae ( withdrew Umbreon!<br></div><div class="battle-history">SableyeMyBae ( sent out <strong>Gligar</strong>!<br></div><div class="spacer battle-history"><br></div><div class="battle-history">Tyrantrum used <strong>Stealth Rock</strong>!<br></div><div class="battle-history"><small>Pointed stones float in the air around the opposing team!</small><br></div><div class="spacer battle-history"><br></div><h2 class="battle-history">Turn 4</h2><div class="spacer battle-history"><br></div><div class="battle-history">Tyrantrum, come back!<br></div><div class="battle-history">Go! Rotom (<strong>Rotom-Heat</strong>)!<br></div><div class="spacer battle-history"><br></div><div class="battle-history">The opposing Gligar used <strong>Defog</strong>!<br></div><div class="battle-history"><small>Rotom's evasiveness fell!</small><br></div><div class="battle-history"><small>The pointed stones disappeared from around the opposing team!</small><br></div><div class="spacer battle-history"><br></div><h2 class="battle-history">Turn 5</h2><div class="chat"><small>ZDen joined.</small></div><div class="spacer battle-history"><br></div><div class="battle-history">SableyeMyBae ( withdrew Gligar!<br></div><div class="battle-history">SableyeMyBae ( sent out <strong>Registeel</strong>!<br></div><div class="spacer battle-history"><br></div><div class="battle-history">Rotom used <strong>Rain Dance</strong>!<br></div><div class="battle-history"><small>It started to rain!</small><br></div><div class="spacer battle-history"><br></div><div class="battle-history"><small>(Rain continues to fall!)</small><br></div><div class="spacer battle-history"><br></div><h2 class="battle-history">Turn 6</h2><div class="spacer battle-history"><br></div><div class="battle-history">Rotom used <strong>Volt Switch</strong>!<br></div><div class="battle-history"><small>(The opposing Registeel lost <abbr title="−71/364">19.5%</abbr> of its health!)</small><br></div><div class="battle-history"><small>Rotom lost some of its HP!</small><br></div><div class="chat"><small>Jaicron joined.</small></div><div class="spacer battle-history"><br></div><div class="battle-history">Rotom went back to EGalvanc ✘✘✘!<br></div><div class="battle-history">Go! <strong>Blastoise</strong>!<br></div><div class="spacer battle-history"><br></div><div class="battle-history">The opposing Registeel used <strong>Toxic</strong>!<br></div><div class="battle-history"><small>Blastoise was badly poisoned!</small><br></div><div class="spacer battle-history"><br></div><div class="battle-history"><small>(Rain continues to fall!)</small><br></div><div class="battle-history"><small>The opposing Registeel restored a little HP using its Leftovers!</small><br></div><div class="battle-history"><small>Blastoise was hurt by poison!</small><br></div><div class="spacer battle-history"><br></div><h2 class="battle-history">Turn 7</h2><div class="spacer battle-history"><br></div><div class="battle-history">The opposing Registeel used <strong>Protect</strong>!<br></div><div class="battle-history"><small>The opposing Registeel protected itself!</small><br></div><div class="spacer battle-history"><br></div><div class="battle-history">Blastoise used <strong>Water Spout</strong>!<br></div><div class="battle-history"><small>The opposing Registeel protected itself!</small><br></div><div class="spacer battle-history"><br></div><div class="battle-history"><small>(Rain continues to fall!)</small><br></div><div class="battle-history"><small>The opposing Registeel restored a little HP using its Leftovers!</small><br></div><div class="battle-history"><small>Blastoise was hurt by poison!</small><br></div><div class="spacer battle-history"><br></div><h2 class="battle-history">Turn 8</h2><div class="spacer battle-history"><br></div><div class="battle-history">Blastoise, come back!<br></div><div class="battle-history">Go! <strong>Tyrantrum</strong>!<br></div><div class="spacer battle-history"><br></div><div class="battle-history">SableyeMyBae ( withdrew Registeel!<br></div><div class="battle-history">SableyeMyBae ( sent out <strong>Milotic</strong>!<br></div><div class="spacer battle-history"><br></div><div class="battle-history"><small>(Rain continues to fall!)</small><br></div><div class="battle-history"><small>The opposing Milotic restored a little HP using its Leftovers!</small><br></div><div class="spacer battle-history"><br></div><h2 class="battle-history">Turn 9</h2><div class="spacer battle-history"><br></div><div class="battle-history">SableyeMyBae ( withdrew Milotic!<br></div><div class="battle-history">SableyeMyBae ( sent out <strong>Gligar</strong>!<br></div><div class="spacer battle-history"><br></div><div class="battle-history">Tyrantrum used <strong>Head Smash</strong>!<br></div><div class="battle-history"><small>(The opposing Gligar lost <abbr title="−186/334">55.7%</abbr> of its health!)</small><br></div><div class="spacer battle-history"><br></div><div class="battle-history"><small>The rain stopped.</small><br></div><div class="spacer battle-history"><br></div><h2 class="battle-history">Turn 10</h2><div class="chat"><small>❄Inverno joined.</small></div><div class="spacer battle-history"><br></div><div class="battle-history">SableyeMyBae ( withdrew Gligar!<br></div><div class="battle-history">SableyeMyBae ( sent out <strong>Registeel</strong>!<br></div><div class="spacer battle-history"><br></div><div class="battle-history">Tyrantrum used <strong>Head Smash</strong>!<br></div><div class="battle-history"><small>It's not very effective...</small><br></div><div class="battle-history"><small>(The opposing Registeel lost <abbr title="−155/364">42.6%</abbr> of its health!)</small><br></div><div class="spacer battle-history"><br></div><div class="battle-history"><small>The opposing Registeel restored a little HP using its Leftovers!</small><br></div><div class="spacer battle-history"><br></div><h2 class="battle-history">Turn 11</h2><div class="chat"><small>Jaicron left.</small></div><div class="spacer battle-history"><br></div><div class="battle-history">The opposing Registeel used <strong>Protect</strong>!<br></div><div class="battle-history"><small>The opposing Registeel protected itself!</small><br></div><div class="spacer battle-history"><br></div><div class="battle-history">Tyrantrum used <strong>Head Smash</strong>!<br></div><div class="battle-history"><small>The opposing Registeel protected itself!</small><br></div><div class="spacer battle-history"><br></div><div class="battle-history"><small>The opposing Registeel restored a little HP using its Leftovers!</small><br></div><div class="spacer battle-history"><br></div><h2 class="battle-history">Turn 12</h2><div class="chat"><small>Miguelmart ✖✖✖ left.</small></div><div class="chat chatmessage-inverno"><strong style="color:hsl(178,61%,44.216194555539516%)"><small>♦</small><span class="username" data-name="❄Inverno">❄Inverno</span>:</strong> <em>q golpazo</em></div><div class="spacer battle-history"><br></div><div class="battle-history">SableyeMyBae ( withdrew Registeel!<br></div><div class="battle-history">SableyeMyBae ( sent out <strong>Quagsire</strong>!<br></div><div class="spacer battle-history"><br></div><div class="battle-history">Tyrantrum used <strong>Head Smash</strong>!<br></div><div class="battle-history"><small>It's not very effective...</small><br></div><div class="battle-history"><small>A critical hit!</small><br></div><div class="battle-history"><small>(The opposing Quagsire lost <abbr title="−242/394">61.4%</abbr> of its health!)</small><br></div><div class="spacer battle-history"><br></div><div class="battle-history"><small>The opposing Quagsire restored a little HP using its Leftovers!</small><br></div><div class="spacer battle-history"><br></div><h2 class="battle-history">Turn 13</h2><div class="chat chatmessage-cusho"><strong style="color:hsl(0,59%,50.84664459081895%)"><small> </small><span class="username" data-name="Cusho">Cusho</span>:</strong> <em>a la veerga</em></div><div class="chat chatmessage-cusho"><strong style="color:hsl(0,59%,50.84664459081895%)"><small> </small><span class="username" data-name="Cusho">Cusho</span>:</strong> <em>xD</em></div><div class="spacer battle-history"><br></div><div class="battle-history">Tyrantrum used <strong>Head Smash</strong>!<br></div><div class="battle-history"><small>It's not very effective...</small><br></div><div class="battle-history"><small>(The opposing Quagsire lost <abbr title="−156/394">39.6%</abbr> of its health!)</small><br></div><div class="spacer battle-history"><br></div><div class="battle-history">The opposing Quagsire used <strong>Recover</strong>!<br></div><div class="battle-history"><small>The opposing Quagsire restored its HP.</small><br></div><div class="spacer battle-history"><br></div><div class="battle-history"><small>The opposing Quagsire restored a little HP using its Leftovers!</small><br></div><div class="spacer battle-history"><br></div><h2 class="battle-history">Turn 14</h2><div class="spacer battle-history"><br></div><div class="battle-history">Tyrantrum, come back!<br></div><div class="battle-history">Go! <strong>Dhelmise</strong>!<br></div><div class="spacer battle-history"><br></div><div class="battle-history">The opposing Quagsire used <strong>Recover</strong>!<br></div><div class="battle-history"><small>The opposing Quagsire restored its HP.</small><br></div><div class="spacer battle-history"><br></div><h2 class="battle-history">Turn 15</h2><div class="chat chatmessage-cusho"><strong style="color:hsl(0,59%,50.84664459081895%)"><small> </small><span class="username" data-name="Cusho">Cusho</span>:</strong> <em>hahahaha</em></div><div class="chat chatmessage-cusho"><strong style="color:hsl(0,59%,50.84664459081895%)"><small> </small><span class="username" data-name="Cusho">Cusho</span>:</strong> <em>crack</em></div><div class="chat"><small>kiwikidd joined.</small></div><div class="spacer battle-history"><br></div><div class="battle-history">SableyeMyBae ( withdrew Quagsire!<br></div><div class="battle-history">SableyeMyBae ( sent out <strong>Umbreon</strong>!<br></div><div class="spacer battle-history"><br></div><div class="battle-history">Dhelmise used <strong>Shadow Claw</strong>!<br></div><div class="battle-history"><small>It's not very effective...</small><br></div><div class="battle-history"><small>(The opposing Umbreon lost <abbr title="−96/394">24.4%</abbr> of its health!)</small><br></div><div class="spacer battle-history"><br></div><div class="battle-history"><small>The opposing Umbreon restored a little HP using its Leftovers!</small><br></div><div class="spacer battle-history"><br></div><h2 class="battle-history">Turn 16</h2><div class="spacer battle-history"><br></div><div class="battle-history">The opposing Umbreon used <strong>Wish</strong>!<br></div><div class="spacer battle-history"><br></div><div class="battle-history">Dhelmise used <strong>Shadow Claw</strong>!<br></div><div class="battle-history"><small>It's not very effective...</small><br></div><div class="battle-history"><small>(The opposing Umbreon lost <abbr title="−93/394">23.6%</abbr> of its health!)</small><br></div><div class="spacer battle-history"><br></div><div class="battle-history"><small>The opposing Umbreon restored a little HP using its Leftovers!</small><br></div><div class="spacer battle-history"><br></div><h2 class="battle-history">Turn 17</h2><div class="spacer battle-history"><br></div><div class="battle-history">Dhelmise, come back!<br></div><div class="battle-history">Go! <strong>Exploud</strong>!<br></div><div class="spacer battle-history"><br></div><div class="battle-history">The opposing Umbreon used <strong>Foul Play</strong>!<br></div><div class="battle-history"><small>(Exploud lost <abbr title="−117/349">33.5%</abbr> of its health!)</small><br></div><div class="spacer battle-history"><br></div><div class="battle-history"><small>Umbreon's wish came true!</small><br></div><div class="battle-history"><small>The opposing Umbreon restored a little HP using its Leftovers!</small><br></div><div class="spacer battle-history"><br></div><h2 class="battle-history">Turn 18</h2><div class="spacer battle-history"><br></div><div class="battle-history">Exploud used <strong>Focus Blast</strong>!<br></div><div class="battle-history"><small>It's super effective!</small><br></div><div class="battle-history"><small>(The opposing Umbreon lost <abbr title="−224/394">56.9%</abbr> of its health!)</small><br></div><div class="spacer battle-history"><br></div><div class="battle-history">The opposing Umbreon used <strong>Wish</strong>!<br></div><div class="spacer battle-history"><br></div><div class="battle-history"><small>The opposing Umbreon restored a little HP using its Leftovers!</small><br></div><div class="spacer battle-history"><br></div><h2 class="battle-history">Turn 19</h2><div class="spacer battle-history"><br></div><div class="battle-history">Exploud, come back!<br></div><div class="battle-history">Go! <strong>Tyrantrum</strong>!<br></div><div class="spacer battle-history"><br></div><div class="battle-history">The opposing Umbreon used <strong>Protect</strong>!<br></div><div class="battle-history"><small>But it failed!</small><br></div><div class="spacer battle-history"><br></div><div class="battle-history"><small>Umbreon's wish came true!</small><br></div><div class="battle-history"><small>The opposing Umbreon restored a little HP using its Leftovers!</small><br></div><div class="spacer battle-history"><br></div><h2 class="battle-history">Turn 20</h2><div class="chat"><small>CursedStar joined.</small></div><div class="spacer battle-history"><br></div><div class="battle-history">SableyeMyBae ( withdrew Umbreon!<br></div><div class="battle-history">SableyeMyBae ( sent out <strong>Quagsire</strong>!<br></div><div class="spacer battle-history"><br></div><div class="battle-history">Tyrantrum used <strong>Stealth Rock</strong>!<br></div><div class="battle-history"><small>Pointed stones float in the air around the opposing team!</small><br></div><div class="spacer battle-history"><br></div><h2 class="battle-history">Turn 21</h2><div class="spacer battle-history"><br></div><div class="battle-history">Tyrantrum, come back!<br></div><div class="battle-history">Go! <strong>Dhelmise</strong>!<br></div><div class="spacer battle-history"><br></div><div class="battle-history">The opposing Quagsire used <strong>Scald</strong>!<br></div><div class="battle-history"><small>It's not very effective...</small><br></div><div class="battle-history"><small>(Dhelmise lost <abbr title="−37/343">10.8%</abbr> of its health!)</small><br></div><div class="battle-history"><small>Dhelmise was burned!</small><br></div><div class="spacer battle-history"><br></div><div class="battle-history"><small>Dhelmise was hurt by its burn!</small><br></div><div class="spacer battle-history"><br></div><h2 class="battle-history">Turn 22</h2><div class="spacer battle-history"><br></div><div class="battle-history">Dhelmise, come back!<br></div><div class="battle-history">Go! <strong>Tyrantrum</strong>!<br></div><div class="spacer battle-history"><br></div><div class="battle-history">SableyeMyBae ( withdrew Quagsire!<br></div><div class="battle-history">SableyeMyBae ( sent out <strong>Umbreon</strong>!<br></div><div class="battle-history"><small>Pointed stones dug into the opposing Umbreon!</small><br></div><div class="spacer battle-history"><br></div><div class="battle-history"><small>The opposing Umbreon restored a little HP using its Leftovers!</small><br></div><div class="spacer battle-history"><br></div><h2 class="battle-history">Turn 23</h2><div class="spacer battle-history"><br></div><div class="battle-history">The opposing Umbreon used <strong>Protect</strong>!<br></div><div class="battle-history"><small>The opposing Umbreon protected itself!</small><br></div><div class="spacer battle-history"><br></div><div class="battle-history">Tyrantrum used <strong>Superpower</strong>!<br></div><div class="battle-history"><small>The opposing Umbreon protected itself!</small><br></div><div class="spacer battle-history"><br></div><div class="battle-history"><small>The opposing Umbreon restored a little HP using its Leftovers!</small><br></div><div class="spacer battle-history"><br></div><h2 class="battle-history">Turn 24</h2><div class="spacer battle-history"><br></div><div class="battle-history">SableyeMyBae ( withdrew Umbreon!<br></div><div class="battle-history">SableyeMyBae ( sent out <strong>Quagsire</strong>!<br></div><div class="battle-history"><small>Pointed stones dug into the opposing Quagsire!</small><br></div><div class="spacer battle-history"><br></div><div class="battle-history">Tyrantrum used <strong>Superpower</strong>!<br></div><div class="battle-history"><small>A critical hit!</small><br></div><div class="battle-history"><small>(The opposing Quagsire lost <abbr title="−279/394">70.8%</abbr> of its health!)</small><br></div><div class="battle-history"><small>Tyrantrum's Attack fell!</small><br></div><div class="battle-history"><small>Tyrantrum's Defense fell!</small><br></div><div class="spacer battle-history"><br></div><div class="battle-history"><small>The opposing Quagsire restored a little HP using its Leftovers!</small><br></div><div class="spacer battle-history"><br></div><h2 class="battle-history">Turn 25</h2><div class="chat chatmessage-sableyemybae"><strong style="color:hsl(63,53%,39.786338788226445%)"><small>☆</small><span class="username" data-name="SableyeMyBae (">SableyeMyBae (</span>:</strong> <em>zzz</em></div><div class="chat"><small>Feliks✘✘ joined.</small></div><div class="chat chatmessage-ramboss"><strong style="color:hsl(11,75%,48%)"><small> </small><span class="username" data-name="RamboSS">RamboSS</span>:</strong> <em>wincon</em></div><div class="chat chatmessage-ramboss"><strong style="color:hsl(11,75%,48%)"><small> </small><span class="username" data-name="RamboSS">RamboSS</span>:</strong> <em>crits</em></div><div class="spacer battle-history"><br></div><div class="battle-history">Tyrantrum, come back!<br></div><div class="battle-history">Go! <strong>Blastoise</strong>!<br></div><div class="spacer battle-history"><br></div><div class="battle-history">SableyeMyBae ( withdrew Quagsire!<br></div><div class="battle-history">SableyeMyBae ( sent out <strong>Gligar</strong>!<br></div><div class="battle-history"><small>Pointed stones dug into the opposing Gligar!</small><br></div><div class="spacer battle-history"><br></div><div class="battle-history"><small>Blastoise was hurt by poison!</small><br></div><div class="spacer battle-history"><br></div><h2 class="battle-history">Turn 26</h2><div class="chat"><small>Chiyoka☆彡 joined.</small></div><div class="spacer battle-history"><br></div><div class="battle-history">Blastoise, come back!<br></div><div class="battle-history">Go! <strong>Exploud</strong>!<br></div><div class="spacer battle-history"><br></div><div class="battle-history">SableyeMyBae ( withdrew Gligar!<br></div><div class="battle-history">SableyeMyBae ( sent out <strong>Umbreon</strong>!<br></div><div class="battle-history"><small>Pointed stones dug into the opposing Umbreon!</small><br></div><div class="spacer battle-history"><br></div><div class="battle-history"><small>The opposing Umbreon restored a little HP using its Leftovers!</small><br></div><div class="spacer battle-history"><br></div><h2 class="battle-history">Turn 27</h2><div class="spacer battle-history"><br></div><div class="battle-history">Exploud used <strong>Boomburst</strong>!<br></div><div class="battle-history"><small>(The opposing Umbreon lost <abbr title="−199/394">50.5%</abbr> of its health!)</small><br></div><div class="spacer battle-history"><br></div><div class="battle-history">The opposing Umbreon used <strong>Wish</strong>!<br></div><div class="spacer battle-history"><br></div><div class="battle-history"><small>The opposing Umbreon restored a little HP using its Leftovers!</small><br></div><div class="spacer battle-history"><br></div><h2 class="battle-history">Turn 28</h2><div class="chat"><small>CC) Misicloud joined.</small></div><div class="spacer battle-history"><br></div><div class="battle-history">The opposing Umbreon used <strong>Protect</strong>!<br></div><div class="battle-history"><small>The opposing Umbreon protected itself!</small><br></div><div class="spacer battle-history"><br></div><div class="battle-history">Exploud used <strong>Boomburst</strong>!<br></div><div class="battle-history"><small>The opposing Umbreon protected itself!</small><br></div><div class="spacer battle-history"><br></div><div class="battle-history"><small>Umbreon's wish came true!</small><br></div><div class="battle-history"><small>The opposing Umbreon restored a little HP using its Leftovers!</small><br></div><div class="spacer battle-history"><br></div><h2 class="battle-history">Turn 29</h2><div class="spacer battle-history"><br></div><div class="battle-history">Exploud used <strong>Boomburst</strong>!<br></div><div class="battle-history"><small>(The opposing Umbreon lost <abbr title="−205/394">52.0%</abbr> of its health!)</small><br></div><div class="spacer battle-history"><br></div><div class="battle-history">The opposing Umbreon used <strong>Wish</strong>!<br></div><div class="spacer battle-history"><br></div><div class="battle-history"><small>The opposing Umbreon restored a little HP using its Leftovers!</small><br></div><div class="spacer battle-history"><br></div><h2 class="battle-history">Turn 30</h2><div class="chat chatmessage-kiwikidd"><strong style="color:hsl(308,83%,42%)"><small>+</small><span class="username" data-name="kiwikidd">kiwikidd</span>:</strong> <em>ahora critea</em></div><div class="spacer battle-history"><br></div><div class="battle-history">The opposing Umbreon used <strong>Protect</strong>!<br></div><div class="battle-history"><small>The opposing Umbreon protected itself!</small><br></div><div class="spacer battle-history"><br></div><div class="battle-history">Exploud used <strong>Boomburst</strong>!<br></div><div class="battle-history"><small>The opposing Umbreon protected itself!</small><br></div><div class="spacer battle-history"><br></div><div class="battle-history"><small>Umbreon's wish came true!</small><br></div><div class="spacer battle-history"><br></div><h2 class="battle-history">Turn 31</h2><div class="chat chatmessage-sableyemybae"><strong style="color:hsl(63,53%,39.786338788226445%)"><small>☆</small><span class="username" data-name="SableyeMyBae (">SableyeMyBae (</span>:</strong> <em>más?</em></div><div class="spacer battle-history"><br></div><div class="battle-history">Exploud used <strong>Boomburst</strong>!<br></div><div class="battle-history"><small>(The opposing Umbreon lost <abbr title="−186/394">47.2%</abbr> of its health!)</small><br></div><div class="spacer battle-history"><br></div><div class="battle-history">The opposing Umbreon used <strong>Wish</strong>!<br></div><div class="spacer battle-history"><br></div><div class="battle-history"><small>The opposing Umbreon restored a little HP using its Leftovers!</small><br></div><div class="spacer battle-history"><br></div><h2 class="battle-history">Turn 32</h2><div class="spacer battle-history"><br></div><div class="battle-history">Exploud, come back!<br></div><div class="battle-history">Go! <strong>Gardevoir</strong>!<br></div><div class="battle-history"><small>[Gardevoir's Trace]</small><br><small>[Gardevoir's Synchronize]</small><br><small>Gardevoir traced the opposing Umbreon's Synchronize!</small><br></div><div class="spacer battle-history"><br></div><div class="battle-history">SableyeMyBae ( withdrew Umbreon!<br></div><div class="battle-history">SableyeMyBae ( sent out <strong>Registeel</strong>!<br></div><div class="battle-history"><small>Pointed stones dug into the opposing Registeel!</small><br></div><div class="spacer battle-history"><br></div><div class="battle-history"><small>Umbreon's wish came true!</small><br></div><div class="spacer battle-history"><br></div><h2 class="battle-history">Turn 33</h2><div class="chat chatmessage-ccmisicloud"><strong style="color:hsl(183,56%,46.92977583475392%)"><small>%</small><span class="username" data-name="CC) Misicloud">CC) Misicloud</span>:</strong> <em>lol</em></div><div class="chat chatmessage-ccmisicloud"><strong style="color:hsl(183,56%,46.92977583475392%)"><small>%</small><span class="username" data-name="CC) Misicloud">CC) Misicloud</span>:</strong> <em>human?</em></div><div class="spacer battle-history"><br></div><div class="battle-history">The opposing Registeel used <strong>Protect</strong>!<br></div><div class="battle-history"><small>The opposing Registeel protected itself!</small><br></div><div class="spacer battle-history"><br></div><div class="battle-history">Gardevoir used <strong>Trick</strong>!<br></div><div class="battle-history"><small>The opposing Registeel protected itself!</small><br></div><div class="spacer battle-history"><br></div><h2 class="battle-history">Turn 34</h2><div class="chat chatmessage-kiwikidd"><strong style="color:hsl(308,83%,42%)"><small>+</small><span class="username" data-name="kiwikidd">kiwikidd</span>:</strong> <em>not human</em></div><div class="chat"><small>Jaicron joined.</small></div><div class="spacer battle-history"><br></div><div class="battle-history">SableyeMyBae ( withdrew Registeel!<br></div><div class="battle-history">SableyeMyBae ( sent out <strong>Quagsire</strong>!<br></div><div class="battle-history"><small>Pointed stones dug into the opposing Quagsire!</small><br></div><div class="spacer battle-history"><br></div><div class="battle-history">Gardevoir used <strong>Trick</strong>!<br></div><div class="battle-history"><small>Gardevoir switched items with its target!</small><br></div><div class="battle-history"><small>The opposing Quagsire obtained one Choice Scarf.</small><br></div><div class="battle-history"><small>Gardevoir obtained one Leftovers.</small><br></div><div class="spacer battle-history"><br></div><h2 class="battle-history">Turn 35</h2><div class="chat chatmessage-cusho"><strong style="color:hsl(0,59%,50.84664459081895%)"><small> </small><span class="username" data-name="Cusho">Cusho</span>:</strong> <em>alien</em></div><div class="spacer battle-history"><br></div><div class="battle-history">Gardevoir used <strong>Trick</strong>!<br></div><div class="battle-history"><small>Gardevoir switched items with its target!</small><br></div><div class="battle-history"><small>The opposing Quagsire obtained one Leftovers.</small><br></div><div class="battle-history"><small>Gardevoir obtained one Choice Scarf.</small><br></div><div class="spacer battle-history"><br></div><div class="battle-history">The opposing Quagsire used <strong>Recover</strong>!<br></div><div class="battle-history"><small>The opposing Quagsire restored its HP.</small><br></div><div class="spacer battle-history"><br></div><div class="battle-history"><small>The opposing Quagsire restored a little HP using its Leftovers!</small><br></div><div class="spacer battle-history"><br></div><h2 class="battle-history">Turn 36</h2><div class="chat chatmessage-inverno"><strong style="color:hsl(178,61%,44.216194555539516%)"><small>♦</small><span class="username" data-name="❄Inverno">❄Inverno</span>:</strong> <em>elfo</em></div><div class="chat chatmessage-cusho"><strong style="color:hsl(0,59%,50.84664459081895%)"><small> </small><span class="username" data-name="Cusho">Cusho</span>:</strong> <em>haha</em></div><div class="chat chatmessage-pirl"><strong style="color:hsl(200,68%,43.09718910720001%)"><small>@</small><span class="username" data-name="Pirlо 「☮」">Pirlо 「☮」</span>:</strong> <em>xd</em></div><div class="chat chatmessage-ccmisicloud"><strong style="color:hsl(183,56%,46.92977583475392%)"><small>%</small><span class="username" data-name="CC) Misicloud">CC) Misicloud</span>:</strong> <em>lol</em></div><div class="chat chatmessage-ccmisicloud"><strong style="color:hsl(183,56%,46.92977583475392%)"><small>%</small><span class="username" data-name="CC) Misicloud">CC) Misicloud</span>:</strong> <em>humillao</em></div><div class="chat chatmessage-kiwikidd"><strong style="color:hsl(308,83%,42%)"><small>+</small><span class="username" data-name="kiwikidd">kiwikidd</span>:</strong> <em>plays</em></div><div class="chat"><small>A4cher® joined.</small></div><div class="chat"><small>Dilan Yankins joined.</small></div><div class="chat chatmessage-ramboss"><strong style="color:hsl(11,75%,48%)"><small> </small><span class="username" data-name="RamboSS">RamboSS</span>:</strong> <em>humilladisimo</em></div><div class="chat chatmessage-ramboss"><strong style="color:hsl(11,75%,48%)"><small> </small><span class="username" data-name="RamboSS">RamboSS</span>:</strong> <em>dios</em></div><div class="chat chatmessage-ccmisicloud"><strong style="color:hsl(183,56%,46.92977583475392%)"><small>%</small><span class="username" data-name="CC) Misicloud">CC) Misicloud</span>:</strong> <em>o sea</em></div><div class="chat chatmessage-ccmisicloud"><strong style="color:hsl(183,56%,46.92977583475392%)"><small>%</small><span class="username" data-name="CC) Misicloud">CC) Misicloud</span>:</strong> <em>ha recuperado a Quagsire</em></div><div class="chat chatmessage-a4cher"><strong style="color:hsl(232,75%,61.67980630628334%)"><small> </small><span class="username" data-name="A4cher®">A4cher®</span>:</strong> <em>yo pense q alvanc era pro</em></div><div class="chat chatmessage-a4cher"><strong style="color:hsl(232,75%,61.67980630628334%)"><small> </small><span class="username" data-name="A4cher®">A4cher®</span>:</strong> <em>sad</em></div><div class="chat chatmessage-ccmisicloud"><strong style="color:hsl(183,56%,46.92977583475392%)"><small>%</small><span class="username" data-name="CC) Misicloud">CC) Misicloud</span>:</strong> <em>en un trick</em></div><div class="spacer battle-history"><br></div><div class="battle-history">SableyeMyBae ( withdrew Quagsire!<br></div><div class="battle-history">SableyeMyBae ( sent out <strong>Milotic</strong>!<br></div><div class="battle-history"><small>Pointed stones dug into the opposing Milotic!</small><br></div><div class="spacer battle-history"><br></div><div class="battle-history">Gardevoir used <strong>Moonblast</strong>!<br></div><div class="battle-history"><small>(The opposing Milotic lost <abbr title="−118/394">29.9%</abbr> of its health!)</small><br></div><div class="spacer battle-history"><br></div><div class="battle-history"><small>The opposing Milotic restored a little HP using its Leftovers!</small><br></div><div class="spacer battle-history"><br></div><h2 class="battle-history">Turn 37</h2><div class="chat chatmessage-dilanyankins"><strong style="color:hsl(0,88%,42%)"><small> </small><span class="username" data-name="Dilan Yankins">Dilan Yankins</span>:</strong> <em>vamos egalvanc</em></div><div class="chat chatmessage-ramboss"><strong style="color:hsl(11,75%,48%)"><small> </small><span class="username" data-name="RamboSS">RamboSS</span>:</strong> <em>que cojones xd</em></div><div class="chat chatmessage-ccmisicloud"><strong style="color:hsl(183,56%,46.92977583475392%)"><small>%</small><span class="username" data-name="CC) Misicloud">CC) Misicloud</span>:</strong> <em>SableyeMyBae</em></div><div class="chat chatmessage-ccmisicloud"><strong style="color:hsl(183,56%,46.92977583475392%)"><small>%</small><span class="username" data-name="CC) Misicloud">CC) Misicloud</span>:</strong> <em>guárdate la polla</em></div><div class="chat chatmessage-ccmisicloud"><strong style="color:hsl(183,56%,46.92977583475392%)"><small>%</small><span class="username" data-name="CC) Misicloud">CC) Misicloud</span>:</strong> <em>un ratico</em></div><div class="chat"><small>Cardenas19 joined.</small></div><div class="chat"><small>nyan dash*^* joined.</small></div><div class="chat chatmessage-ramboss"><strong style="color:hsl(11,75%,48%)"><small> </small><span class="username" data-name="RamboSS">RamboSS</span>:</strong> <em>o sea eso era sack obvio, gran doble trick</em></div><div class="chat chatmessage-nyandash"><strong style="color:hsl(255,49%,60.44533170786539%)"><small> </small><span class="username" data-name="nyan dash*^*">nyan dash*^*</span>:</strong> <em><b>smb king</b></em></div><div class="chat chatmessage-kiwikidd"><strong style="color:hsl(308,83%,42%)"><small>+</small><span class="username" data-name="kiwikidd">kiwikidd</span>:</strong> <em>pero si es egalvanc el que la está liando</em></div><div class="chat"><small>Miguelmart ✖✖✖ joined.</small></div><div class="chat"><small>Leiteng joined.</small></div><div class="chat chatmessage-egalvanc"><strong style="color:hsl(189,65%,38%)"><small>☆</small><span class="username" data-name="EGalvanc ✘✘✘">EGalvanc ✘✘✘</span>:</strong> <em>hmm</em></div><div class="chat chatmessage-rolosparkler"><strong style="color:hsl(202,80%,43%)"><small>+</small><span class="username" data-name="Rolo Sparkler">Rolo Sparkler</span>:</strong> <em>esta en tus manos</em></div><div class="chat"><small>Recci joined.</small></div><div class="chat chatmessage-egalvanc"><strong style="color:hsl(189,65%,38%)"><small>☆</small><span class="username" data-name="EGalvanc ✘✘✘">EGalvanc ✘✘✘</span>:</strong> <em>ya wey</em></div><div class="chat chatmessage-egalvanc"><strong style="color:hsl(189,65%,38%)"><small>☆</small><span class="username" data-name="EGalvanc ✘✘✘">EGalvanc ✘✘✘</span>:</strong> <em>déjame pensar</em></div><div class="chat chatmessage-cusho"><strong style="color:hsl(0,59%,50.84664459081895%)"><small> </small><span class="username" data-name="Cusho">Cusho</span>:</strong> <em>Piensa mas rapido</em></div><div class="chat chatmessage-cusho"><strong style="color:hsl(0,59%,50.84664459081895%)"><small> </small><span class="username" data-name="Cusho">Cusho</span>:</strong> <em>xD</em></div><div class="chat chatmessage-bloodyalfa"><strong style="color:hsl(112,87%,34.03678071831067%)"><small> </small><span class="username" data-name="Bloody alfa">Bloody alfa</span>:</strong> <em>no</em></div><div class="chat chatmessage-rolosparkler"><strong style="color:hsl(202,80%,43%)"><small>+</small><span class="username" data-name="Rolo Sparkler">Rolo Sparkler</span>:</strong> <em>no</em></div><div class="chat chatmessage-bloodyalfa"><strong style="color:hsl(112,87%,34.03678071831067%)"><small> </small><span class="username" data-name="Bloody alfa">Bloody alfa</span>:</strong> <em>piensa lento ostias</em></div><div class="chat"><small>Israel 77 joined.</small></div><div class="chat chatmessage-bloodyalfa"><strong style="color:hsl(112,87%,34.03678071831067%)"><small> </small><span class="username" data-name="Bloody alfa">Bloody alfa</span>:</strong> <em>de echo no</em></div><div class="chat chatmessage-cusho"><strong style="color:hsl(0,59%,50.84664459081895%)"><small> </small><span class="username" data-name="Cusho">Cusho</span>:</strong> <em>Usted no se meta bloody</em></div><div class="chat chatmessage-rolosparkler"><strong style="color:hsl(202,80%,43%)"><small>+</small><span class="username" data-name="Rolo Sparkler">Rolo Sparkler</span>:</strong> <em>lento pero seguro</em></div><div class="chat chatmessage-bloodyalfa"><strong style="color:hsl(112,87%,34.03678071831067%)"><small> </small><span class="username" data-name="Bloody alfa">Bloody alfa</span>:</strong> <em>piensa rapido</em></div><div class="chat"><small>A4cher® left.</small></div><div class="chat chatmessage-bloodyalfa"><strong style="color:hsl(112,87%,34.03678071831067%)"><small> </small><span class="username" data-name="Bloody alfa">Bloody alfa</span>:</strong> <em>que el timer</em></div><div class="chat chatmessage-bloodyalfa"><strong style="color:hsl(112,87%,34.03678071831067%)"><small> </small><span class="username" data-name="Bloody alfa">Bloody alfa</span>:</strong> <em>jaja</em></div><div class="chat chatmessage-ccmisicloud"><strong style="color:hsl(183,56%,46.92977583475392%)"><small>%</small><span class="username" data-name="CC) Misicloud">CC) Misicloud</span>:</strong> <em>piensa lento</em></div><div class="chat chatmessage-cusho"><strong style="color:hsl(0,59%,50.84664459081895%)"><small> </small><span class="username" data-name="Cusho">Cusho</span>:</strong> <em>piensa lento</em></div><div class="chat chatmessage-ccmisicloud"><strong style="color:hsl(183,56%,46.92977583475392%)"><small>%</small><span class="username" data-name="CC) Misicloud">CC) Misicloud</span>:</strong> <em>piensa lento</em></div><div class="spacer battle-history"><br></div><div class="battle-history">Gardevoir, come back!<br></div><div class="battle-history">Go! <strong>Dhelmise</strong>!<br></div><div class="spacer battle-history"><br></div><div class="battle-history">The opposing Milotic used <strong>Recover</strong>!<br></div><div class="battle-history"><small>The opposing Milotic restored its HP.</small><br></div><div class="spacer battle-history"><br></div><div class="battle-history"><small>Dhelmise was hurt by its burn!</small><br></div><div class="spacer battle-history"><br></div><h2 class="battle-history">Turn 38</h2><div class="chat"><small>Israel 77 left.</small></div><div class="chat chatmessage-ccmisicloud"><strong style="color:hsl(183,56%,46.92977583475392%)"><small>%</small><span class="username" data-name="CC) Misicloud">CC) Misicloud</span>:</strong> <em>no te preocupes</em></div><div class="chat chatmessage-cusho"><strong style="color:hsl(0,59%,50.84664459081895%)"><small> </small><span class="username" data-name="Cusho">Cusho</span>:</strong> <em>dijo bloody</em></div><div class="chat"><small>ℙℭ El Ojo Blanco joined.</small></div><div class="chat"><small>mtmga joined.</small></div><div class="chat chatmessage-egalvanc"><strong style="color:hsl(189,65%,38%)"><small>☆</small><span class="username" data-name="EGalvanc ✘✘✘">EGalvanc ✘✘✘</span>:</strong> <em>coño</em></div><div class="chat chatmessage-egalvanc"><strong style="color:hsl(189,65%,38%)"><small>☆</small><span class="username" data-name="EGalvanc ✘✘✘">EGalvanc ✘✘✘</span>:</strong> <em>se pueden callar?</em></div><div class="chat chatmessage-ccmisicloud"><strong style="color:hsl(183,56%,46.92977583475392%)"><small>%</small><span class="username" data-name="CC) Misicloud">CC) Misicloud</span>:</strong> <em>!data dhelmise</em></div><div class="chat message-error">[outdated code no longer supported]</div><div class="chat chatmessage-cusho"><strong style="color:hsl(0,59%,50.84664459081895%)"><small> </small><span class="username" data-name="Cusho">Cusho</span>:</strong> <em>usa heal bell</em></div><div class="chat"><small>Mandex ∯ joined.</small></div><div class="chat"><div class="broadcast-red"><b>Chat Moderado. Nivel: +!</b><br>Solo quienes tengan rango + o superior pueden hablar.</div></div><div class="spacer battle-history"><br></div><div class="battle-history">SableyeMyBae ( withdrew Milotic!<br></div><div class="battle-history">SableyeMyBae ( sent out <strong>Registeel</strong>!<br></div><div class="battle-history"><small>Pointed stones dug into the opposing Registeel!</small><br></div><div class="spacer battle-history"><br></div><div class="battle-history">Dhelmise, come back!<br></div><div class="battle-history">Go! Rotom (<strong>Rotom-Heat</strong>)!<br></div><div class="spacer battle-history"><br></div><div class="battle-history"><small>The opposing Registeel restored a little HP using its Leftovers!</small><br></div><div class="spacer battle-history"><br></div><h2 class="battle-history">Turn 39</h2><div class="chat"><small>Akaru Kokuyo joined.</small></div><div class="spacer battle-history"><br></div><div class="battle-history">The opposing Registeel used <strong>Protect</strong>!<br></div><div class="battle-history"><small>The opposing Registeel protected itself!</small><br></div><div class="spacer battle-history"><br></div><div class="battle-history">Rotom used <strong>Thunder</strong>!<br></div><div class="battle-history"><small>The opposing Registeel protected itself!</small><br></div><div class="spacer battle-history"><br></div><h2 class="battle-history">Turn 40</h2><div class="chat"><small>NatGía ѓзў joined.</small></div><div class="spacer battle-history"><br></div><div class="battle-history">Rotom used <strong>Volt Switch</strong>!<br></div><div class="battle-history"><small>(The opposing Registeel lost <abbr title="−79/364">21.7%</abbr> of its health!)</small><br></div><div class="battle-history"><small>Rotom lost some of its HP!</small><br></div><div class="spacer battle-history"><br></div><div class="battle-history">Rotom went back to EGalvanc ✘✘✘!<br></div><div class="battle-history">Go! <strong>Tyrantrum</strong>!<br></div><div class="spacer battle-history"><br></div><div class="battle-history">The opposing Registeel used <strong>Stealth Rock</strong>!<br></div><div class="battle-history"><small>Pointed stones float in the air around your team!</small><br></div><div class="spacer battle-history"><br></div><div class="battle-history"><small>The opposing Registeel restored a little HP using its Leftovers!</small><br></div><div class="spacer battle-history"><br></div><h2 class="battle-history">Turn 41</h2><div class="spacer battle-history"><br></div><div class="battle-history">The opposing Registeel used <strong>Protect</strong>!<br></div><div class="battle-history"><small>The opposing Registeel protected itself!</small><br></div><div class="spacer battle-history"><br></div><div class="battle-history">Tyrantrum used <strong>Superpower</strong>!<br></div><div class="battle-history"><small>The opposing Registeel protected itself!</small><br></div><div class="spacer battle-history"><br></div><div class="battle-history"><small>The opposing Registeel restored a little HP using its Leftovers!</small><br></div><div class="spacer battle-history"><br></div><h2 class="battle-history">Turn 42</h2><div class="spacer battle-history"><br></div><div class="battle-history">SableyeMyBae ( withdrew Registeel!<br></div><div class="battle-history">SableyeMyBae ( sent out <strong>Reuniclus</strong>!<br></div><div class="spacer battle-history"><br></div><div class="battle-history">Tyrantrum used <strong>Superpower</strong>!<br></div><div class="battle-history"><small>It's not very effective...</small><br></div><div class="battle-history"><small>A critical hit!</small><br></div><div class="battle-history"><small>(The opposing Reuniclus lost <abbr title="−151/424">35.6%</abbr> of its health!)</small><br></div><div class="battle-history"><small>Tyrantrum's Attack fell!</small><br></div><div class="battle-history"><small>Tyrantrum's Defense fell!</small><br></div><div class="spacer battle-history"><br></div><div class="battle-history"><small>The opposing Reuniclus restored a little HP using its Leftovers!</small><br></div><div class="spacer battle-history"><br></div><h2 class="battle-history">Turn 43</h2><div class="chat"><small>oh95 joined.</small></div><div class="chat chatmessage-sableyemybae"><strong style="color:hsl(63,53%,39.786338788226445%)"><small>☆</small><span class="username" data-name="SableyeMyBae (">SableyeMyBae (</span>:</strong> <em>periscopio band</em></div><div class="chat chatmessage-natga"><strong style="color:hsl(73,47%,41%)"><small>%</small><span class="username" data-name="NatGía ѓзў">NatGía ѓзў</span>:</strong> <em>smb</em></div><div class="spacer battle-history"><br></div><div class="battle-history">Tyrantrum, come back!<br></div><div class="battle-history">Go! <strong>Gardevoir</strong>!<br></div><div class="battle-history"><small>Pointed stones dug into Gardevoir!</small><br></div><div class="battle-history"><small>[Gardevoir's Trace]</small><br><small>[Gardevoir's Magic Guard]</small><br><small>Gardevoir traced the opposing Reuniclus's Magic Guard!</small><br></div><div class="spacer battle-history"><br></div><div class="battle-history">The opposing Reuniclus used <strong>Recover</strong>!<br></div><div class="battle-history"><small>The opposing Reuniclus restored its HP.</small><br></div><div class="spacer battle-history"><br></div><h2 class="battle-history">Turn 44</h2><div class="spacer battle-history"><br></div><div class="battle-history">SableyeMyBae ( withdrew Reuniclus!<br></div><div class="battle-history">SableyeMyBae ( sent out <strong>Milotic</strong>!<br></div><div class="battle-history"><small>Pointed stones dug into the opposing Milotic!</small><br></div><div class="spacer battle-history"><br></div><div class="battle-history">Gardevoir used <strong>Trick</strong>!<br></div><div class="battle-history"><small>Gardevoir switched items with its target!</small><br></div><div class="battle-history"><small>The opposing Milotic obtained one Choice Scarf.</small><br></div><div class="battle-history"><small>Gardevoir obtained one Leftovers.</small><br></div><div class="spacer battle-history"><br></div><div class="battle-history"><small>Gardevoir restored a little HP using its Leftovers!</small><br></div><div class="spacer battle-history"><br></div><h2 class="battle-history">Turn 45</h2><div class="spacer battle-history"><br></div><div class="battle-history">The opposing Milotic used <strong>Scald</strong>!<br></div><div class="battle-history"><small>(Gardevoir lost <abbr title="−90/277">32.5%</abbr> of its health!)</small><br></div><div class="battle-history"><small>Gardevoir was burned!</small><br></div><div class="spacer battle-history"><br></div><div class="battle-history">Gardevoir used <strong>Psyshock</strong>!<br></div><div class="battle-history"><small>(The opposing Milotic lost <abbr title="−147/394">37.3%</abbr> of its health!)</small><br></div><div class="spacer battle-history"><br></div><div class="battle-history"><small>Gardevoir restored a little HP using its Leftovers!</small><br></div><div class="spacer battle-history"><br></div><h2 class="battle-history">Turn 46</h2><div class="spacer battle-history"><br></div><div class="battle-history">The opposing Milotic used <strong>Scald</strong>!<br></div><div class="battle-history"><small>(Gardevoir lost <abbr title="−84/277">30.3%</abbr> of its health!)</small><br></div><div class="spacer battle-history"><br></div><div class="battle-history">Gardevoir used <strong>Psyshock</strong>!<br></div><div class="battle-history"><small>(The opposing Milotic lost <abbr title="−136/394">34.5%</abbr> of its health!)</small><br></div><div class="spacer battle-history"><br></div><div class="battle-history"><small>Gardevoir restored a little HP using its Leftovers!</small><br></div><div class="spacer battle-history"><br></div><h2 class="battle-history">Turn 47</h2><div class="spacer battle-history"><br></div><div class="battle-history">The opposing Milotic used <strong>Scald</strong>!<br></div><div class="battle-history"><small>(Gardevoir lost <abbr title="−79/277">28.5%</abbr> of its health!)</small><br></div><div class="spacer battle-history"><br></div><div class="battle-history">Gardevoir used <strong>Psyshock</strong>!<br></div><div class="battle-history"><small>(The opposing Milotic lost <abbr title="−62/394">15.7%</abbr> of its health!)</small><br></div><div class="spacer battle-history"><br></div><div class="battle-history">The opposing Milotic fainted!<br></div><div class="spacer battle-history"><br></div><div class="battle-history"><small>Gardevoir restored a little HP using its Leftovers!</small><br></div><div class="spacer battle-history"><br></div><div class="battle-history">SableyeMyBae ( sent out <strong>Reuniclus</strong>!<br></div><div class="spacer battle-history"><br></div><h2 class="battle-history">Turn 48</h2><div class="spacer battle-history"><br></div><div class="battle-history">Gardevoir used <strong>Healing Wish</strong>!<br></div><div class="spacer battle-history"><br></div><div class="battle-history">Gardevoir fainted!<br></div><div class="battle-history">The opposing Reuniclus used <strong>Acid Armor</strong>!<br></div><div class="battle-history"><small>The opposing Reuniclus's Defense rose sharply!</small><br></div><div class="spacer battle-history"><br></div><div class="battle-history">Go! <strong>Dhelmise</strong>!<br></div><div class="battle-history"><small>The healing wish came true for Dhelmise!</small><br></div><div class="battle-history"><small>Pointed stones dug into Dhelmise!</small><br></div><div class="spacer battle-history"><br></div><h2 class="battle-history">Turn 49</h2><div class="spacer battle-history"><br></div><div class="battle-history">Dhelmise used <strong>Shadow Claw</strong>!<br></div><div class="battle-history"><small>It's super effective!</small><br></div><div class="battle-history"><small>(The opposing Reuniclus lost <abbr title="−198/424">46.7%</abbr> of its health!)</small><br></div><div class="spacer battle-history"><br></div><div class="battle-history">The opposing Reuniclus used <strong>Psyshock</strong>!<br></div><div class="battle-history"><small>(Dhelmise lost <abbr title="−109/343">31.8%</abbr> of its health!)</small><br></div><div class="spacer battle-history"><br></div><div class="battle-history"><small>The opposing Reuniclus restored a little HP using its Leftovers!</small><br></div><div class="spacer battle-history"><br></div><h2 class="battle-history">Turn 50</h2><div class="spacer battle-history"><br></div><div class="battle-history">SableyeMyBae ( withdrew Reuniclus!<br></div><div class="battle-history">SableyeMyBae ( sent out <strong>Umbreon</strong>!<br></div><div class="battle-history"><small>Pointed stones dug into the opposing Umbreon!</small><br></div><div class="spacer battle-history"><br></div><div class="battle-history">Dhelmise used <strong>Shadow Claw</strong>!<br></div><div class="battle-history"><small>It's not very effective...</small><br></div><div class="battle-history"><small>(The opposing Umbreon lost <abbr title="−99/394">25.1%</abbr> of its health!)</small><br></div><div class="spacer battle-history"><br></div><div class="battle-history"><small>The opposing Umbreon restored a little HP using its Leftovers!</small><br></div><div class="spacer battle-history"><br></div><h2 class="battle-history">Turn 51</h2><div class="chat"><small>Bleach joined.</small></div><div class="chat"><small>Bleach left.</small></div><div class="spacer battle-history"><br></div><div class="battle-history">The opposing Umbreon used <strong>Wish</strong>!<br></div><div class="spacer battle-history"><br></div><div class="battle-history">Dhelmise used <strong>Shadow Claw</strong>!<br></div><div class="battle-history"><small>It's not very effective...</small><br></div><div class="battle-history"><small>A critical hit!</small><br></div><div class="battle-history"><small>(The opposing Umbreon lost <abbr title="−108/394">27.4%</abbr> of its health!)</small><br></div><div class="spacer battle-history"><br></div><div class="battle-history">The opposing Umbreon fainted!<br></div><div class="chat chatmessage-egalvanc"><strong style="color:hsl(189,65%,38%)"><small>☆</small><span class="username" data-name="EGalvanc ✘✘✘">EGalvanc ✘✘✘</span>:</strong> <em>vámonos</em></div><div class="chat chatmessage-miguelmart"><strong style="color:hsl(217,48%,48.86695453716481%)"><small>♦</small><span class="username" data-name="Miguelmart ✖✖✖">Miguelmart ✖✖✖</span>:</strong> <em>vamonos</em></div><div class="chat chatmessage-miguelmart"><strong style="color:hsl(217,48%,48.86695453716481%)"><small>♦</small><span class="username" data-name="Miguelmart ✖✖✖">Miguelmart ✖✖✖</span>:</strong> <em>dice</em></div><div class="chat chatmessage-miguelmart"><strong style="color:hsl(217,48%,48.86695453716481%)"><small>♦</small><span class="username" data-name="Miguelmart ✖✖✖">Miguelmart ✖✖✖</span>:</strong> <em>xddd</em></div><div class="chat chatmessage-sableyemybae"><strong style="color:hsl(63,53%,39.786338788226445%)"><small>☆</small><span class="username" data-name="SableyeMyBae (">SableyeMyBae (</span>:</strong> <em>pero</em></div><div class="chat"><small>mtmga left.</small></div><div class="chat chatmessage-sableyemybae"><strong style="color:hsl(63,53%,39.786338788226445%)"><small>☆</small><span class="username" data-name="SableyeMyBae (">SableyeMyBae (</span>:</strong> <em>si me has criteado la mitad de turnos</em></div><div class="chat chatmessage-sableyemybae"><strong style="color:hsl(63,53%,39.786338788226445%)"><small>☆</small><span class="username" data-name="SableyeMyBae (">SableyeMyBae (</span>:</strong> <em>de la battle</em></div><div class="chat chatmessage-sableyemybae"><strong style="color:hsl(63,53%,39.786338788226445%)"><small>☆</small><span class="username" data-name="SableyeMyBae (">SableyeMyBae (</span>:</strong> <em>xd</em></div><div class="spacer battle-history"><br></div><div class="battle-history">SableyeMyBae ( sent out <strong>Gligar</strong>!<br></div><div class="battle-history"><small>Pointed stones dug into the opposing Gligar!</small><br></div><div class="spacer battle-history"><br></div><h2 class="battle-history">Turn 52</h2><div class="chat chatmessage-egalvanc"><strong style="color:hsl(189,65%,38%)"><small>☆</small><span class="username" data-name="EGalvanc ✘✘✘">EGalvanc ✘✘✘</span>:</strong> <em>!dt shadow claw</em></div><div class="chat message-error">[outdated code no longer supported]</div><div class="chat"><font size="1"><font color="#585858">Prioridad:</font> 0&nbsp;|  <font color="#585858">Gen:</font> 4&nbsp;|  <font color="#585858"><font color="black">✓ Contacto</font></font>&nbsp;|  <font color="#585858">Poder Z:</font> 140&nbsp;|  <font color="#585858">Objetivo:</font> Pokémon Adyacentes</font></div><div class="spacer battle-history"><br></div><div class="battle-history">The opposing Gligar used <strong>Roost</strong>!<br></div><div class="battle-history"><small>The opposing Gligar restored its HP.</small><br></div><div class="spacer battle-history"><br></div><div class="battle-history">Dhelmise used <strong>Shadow Claw</strong>!<br></div><div class="battle-history"><small>(The opposing Gligar lost <abbr title="−94/334">28.1%</abbr> of its health!)</small><br></div><div class="spacer battle-history"><br></div><div class="battle-history"><small>Umbreon's wish came true!</small><br></div><div class="spacer battle-history"><br></div><h2 class="battle-history">Turn 53</h2><div class="chat chatmessage-ccmisicloud"><strong style="color:hsl(183,56%,46.92977583475392%)"><small>%</small><span class="username" data-name="CC) Misicloud">CC) Misicloud</span>:</strong> <em>sabes</em></div><div class="chat chatmessage-sableyemybae"><strong style="color:hsl(63,53%,39.786338788226445%)"><small>☆</small><span class="username" data-name="SableyeMyBae (">SableyeMyBae (</span>:</strong> <em>!dt head smash</em></div><div class="chat message-error">[outdated code no longer supported]</div><div class="chat"><font size="1"><font color="#585858">Prioridad:</font> 0&nbsp;|  <font color="#585858">Gen:</font> 4&nbsp;|  <font color="#585858"><font color="black">✓ Contacto</font></font>&nbsp;|  <font color="#585858">Poder Z:</font> 200&nbsp;|  <font color="#585858">Objetivo:</font> Pokémon Adyacentes</font></div><div class="chat"><small>mtmga joined.</small></div><div class="chat chatmessage-ccmisicloud"><strong style="color:hsl(183,56%,46.92977583475392%)"><small>%</small><span class="username" data-name="CC) Misicloud">CC) Misicloud</span>:</strong> <em>que el high crit ratio</em></div><div class="chat chatmessage-natga"><strong style="color:hsl(73,47%,41%)"><small>%</small><span class="username" data-name="NatGía ѓзў">NatGía ѓзў</span>:</strong> <em>tranqui smb</em></div><div class="chat chatmessage-sableyemybae"><strong style="color:hsl(63,53%,39.786338788226445%)"><small>☆</small><span class="username" data-name="SableyeMyBae (">SableyeMyBae (</span>:</strong> <em>!dt superpower</em></div><div class="chat message-error">[outdated code no longer supported]</div><div class="chat"><font size="1"><font color="#585858">Prioridad:</font> 0&nbsp;|  <font color="#585858">Gen:</font> 3&nbsp;|  <font color="#585858"><font color="black">✓ Contacto</font></font>&nbsp;|  <font color="#585858">Poder Z:</font> 190&nbsp;|  <font color="#585858">Objetivo:</font> Pokémon Adyacentes</font></div><div class="chat chatmessage-ccmisicloud"><strong style="color:hsl(183,56%,46.92977583475392%)"><small>%</small><span class="username" data-name="CC) Misicloud">CC) Misicloud</span>:</strong> <em>es 12'5%</em></div><div class="chat chatmessage-sableyemybae"><strong style="color:hsl(63,53%,39.786338788226445%)"><small>☆</small><span class="username" data-name="SableyeMyBae (">SableyeMyBae (</span>:</strong> <em>xDD</em></div><div class="chat chatmessage-ccmisicloud"><strong style="color:hsl(183,56%,46.92977583475392%)"><small>%</small><span class="username" data-name="CC) Misicloud">CC) Misicloud</span>:</strong> <em>no?</em></div><div class="chat chatmessage-ccmisicloud"><strong style="color:hsl(183,56%,46.92977583475392%)"><small>%</small><span class="username" data-name="CC) Misicloud">CC) Misicloud</span>:</strong> <em>o sea</em></div><div class="spacer battle-history"><br></div><div class="battle-history">Dhelmise, come back!<br></div><div class="battle-history">Go! Rotom (<strong>Rotom-Heat</strong>)!<br></div><div class="battle-history"><small>Pointed stones dug into Rotom!</small><br></div><div class="spacer battle-history"><br></div><div class="battle-history">The opposing Gligar used <strong>Earthquake</strong>!<br></div><div class="battle-history"><small>[Rotom's Levitate]</small><br><small>It doesn't affect Rotom...</small><br></div><div class="spacer battle-history"><br></div><h2 class="battle-history">Turn 54</h2><div class="chat chatmessage-ccmisicloud"><strong style="color:hsl(183,56%,46.92977583475392%)"><small>%</small><span class="username" data-name="CC) Misicloud">CC) Misicloud</span>:</strong> <em>significa 1/8 no 1/2</em></div><div class="chat"><small>Jaicron left.</small></div><div class="chat chatmessage-ccmisicloud"><strong style="color:hsl(183,56%,46.92977583475392%)"><small>%</small><span class="username" data-name="CC) Misicloud">CC) Misicloud</span>:</strong> <em>pura matemática</em></div><div class="spacer battle-history"><br></div><div class="battle-history">Rotom, come back!<br></div><div class="battle-history">Go! <strong>Dhelmise</strong>!<br></div><div class="battle-history"><small>Pointed stones dug into Dhelmise!</small><br></div><div class="spacer battle-history"><br></div><div class="battle-history">SableyeMyBae ( withdrew Gligar!<br></div><div class="battle-history">SableyeMyBae ( sent out <strong>Quagsire</strong>!<br></div><div class="battle-history"><small>Pointed stones dug into the opposing Quagsire!</small><br></div><div class="spacer battle-history"><br></div><div class="battle-history"><small>The opposing Quagsire restored a little HP using its Leftovers!</small><br></div><div class="spacer battle-history"><br></div><h2 class="battle-history">Turn 55</h2><div class="spacer battle-history"><br></div><div class="battle-history">SableyeMyBae ( withdrew Quagsire!<br></div><div class="battle-history">SableyeMyBae ( sent out <strong>Gligar</strong>!<br></div><div class="battle-history"><small>Pointed stones dug into the opposing Gligar!</small><br></div><div class="spacer battle-history"><br></div><div class="battle-history">Dhelmise used <strong>Rapid Spin</strong>!<br></div><div class="battle-history"><small>A critical hit!</small><br></div><div class="battle-history"><small>(The opposing Gligar lost <abbr title="−28/334">8.4%</abbr> of its health!)</small><br></div><div class="battle-history"><small>The pointed stones disappeared from around your team!</small><br></div><div class="spacer battle-history"><br></div><h2 class="battle-history">Turn 56</h2><div class="spacer battle-history"><br></div><div class="battle-history">Dhelmise, come back!<br></div><div class="battle-history">Go! <strong>Exploud</strong>!<br></div><div class="spacer battle-history"><br></div><div class="battle-history">The opposing Gligar used <strong>Defog</strong>!<br></div><div class="battle-history"><small>Exploud's evasiveness fell!</small><br></div><div class="battle-history"><small>The pointed stones disappeared from around the opposing team!</small><br></div><div class="spacer battle-history"><br></div><h2 class="battle-history">Turn 57</h2><div class="spacer battle-history"><br></div><div class="battle-history">SableyeMyBae ( withdrew Gligar!<br></div><div class="battle-history">SableyeMyBae ( sent out <strong>Registeel</strong>!<br></div><div class="spacer battle-history"><br></div><div class="battle-history">Exploud used <strong>Fire Blast</strong>!<br></div><div class="battle-history"><small>It's super effective!</small><br></div><div class="battle-history"><small>(The opposing Registeel lost <abbr title="−184/364">50.5%</abbr> of its health!)</small><br></div><div class="spacer battle-history"><br></div><div class="battle-history"><small>The opposing Registeel restored a little HP using its Leftovers!</small><br></div><div class="spacer battle-history"><br></div><h2 class="battle-history">Turn 58</h2><div class="spacer battle-history"><br></div><div class="battle-history">The opposing Registeel used <strong>Protect</strong>!<br></div><div class="battle-history"><small>The opposing Registeel protected itself!</small><br></div><div class="spacer battle-history"><br></div><div class="battle-history">Exploud used <strong>Fire Blast</strong>!<br></div><div class="battle-history"><small>The opposing Registeel protected itself!</small><br></div><div class="spacer battle-history"><br></div><div class="battle-history"><small>The opposing Registeel restored a little HP using its Leftovers!</small><br></div><div class="spacer battle-history"><br></div><h2 class="battle-history">Turn 59</h2><div class="chat"><small>ZDen left.</small></div><div class="spacer battle-history"><br></div><div class="battle-history">SableyeMyBae ( withdrew Registeel!<br></div><div class="battle-history">SableyeMyBae ( sent out <strong>Quagsire</strong>!<br></div><div class="spacer battle-history"><br></div><div class="battle-history">Exploud used <strong>Fire Blast</strong>!<br></div><div class="battle-history"><small>The opposing Quagsire avoided the attack!</small><br></div><div class="spacer battle-history"><br></div><div class="battle-history"><small>The opposing Quagsire restored a little HP using its Leftovers!</small><br></div><div class="spacer battle-history"><br></div><h2 class="battle-history">Turn 60</h2><div class="spacer battle-history"><br></div><div class="battle-history">Exploud, come back!<br></div><div class="battle-history">Go! <strong>Blastoise</strong>!<br></div><div class="spacer battle-history"><br></div><div class="battle-history">The opposing Quagsire used <strong>Scald</strong>!<br></div><div class="battle-history"><small>It's not very effective...</small><br></div><div class="battle-history"><small>(Blastoise lost <abbr title="−30/299">10.0%</abbr> of its health!)</small><br></div><div class="spacer battle-history"><br></div><div class="battle-history"><small>The opposing Quagsire restored a little HP using its Leftovers!</small><br></div><div class="battle-history"><small>Blastoise was hurt by poison!</small><br></div><div class="spacer battle-history"><br></div><h2 class="battle-history">Turn 61</h2><div class="spacer battle-history"><br></div><div class="battle-history">Blastoise used <strong>Hydro Pump</strong>!<br></div><div class="battle-history"><small>(The opposing Quagsire lost <abbr title="−331/394">84.0%</abbr> of its health!)</small><br></div><div class="spacer battle-history"><br></div><div class="battle-history">The opposing Quagsire used <strong>Recover</strong>!<br></div><div class="battle-history"><small>The opposing Quagsire restored its HP.</small><br></div><div class="spacer battle-history"><br></div><div class="battle-history"><small>The opposing Quagsire restored a little HP using its Leftovers!</small><br></div><div class="battle-history"><small>Blastoise was hurt by poison!</small><br></div><div class="spacer battle-history"><br></div><h2 class="battle-history">Turn 62</h2><div class="spacer battle-history"><br></div><div class="battle-history">SableyeMyBae ( withdrew Quagsire!<br></div><div class="battle-history">SableyeMyBae ( sent out <strong>Registeel</strong>!<br></div><div class="spacer battle-history"><br></div><div class="battle-history">Blastoise used <strong>Hydro Pump</strong>!<br></div><div class="battle-history"><small>(The opposing Registeel lost <abbr title="−138/364">37.9%</abbr> of its health!)</small><br></div><div class="spacer battle-history"><br></div><div class="battle-history"><small>The opposing Registeel restored a little HP using its Leftovers!</small><br></div><div class="battle-history"><small>Blastoise was hurt by poison!</small><br></div><div class="spacer battle-history"><br></div><h2 class="battle-history">Turn 63</h2><div class="spacer battle-history"><br></div><div class="battle-history">Blastoise, come back!<br></div><div class="battle-history">Go! <strong>Dhelmise</strong>!<br></div><div class="spacer battle-history"><br></div><div class="battle-history">The opposing Registeel used <strong>Protect</strong>!<br></div><div class="battle-history"><small>But it failed!</small><br></div><div class="spacer battle-history"><br></div><div class="battle-history"><small>The opposing Registeel restored a little HP using its Leftovers!</small><br></div><div class="spacer battle-history"><br></div><h2 class="battle-history">Turn 64</h2><div class="spacer battle-history"><br></div><div class="battle-history">The opposing Registeel used <strong>Protect</strong>!<br></div><div class="battle-history"><small>The opposing Registeel protected itself!</small><br></div><div class="spacer battle-history"><br></div><div class="battle-history">Dhelmise used <strong>Shadow Claw</strong>!<br></div><div class="battle-history"><small>The opposing Registeel protected itself!</small><br></div><div class="spacer battle-history"><br></div><div class="battle-history"><small>The opposing Registeel restored a little HP using its Leftovers!</small><br></div><div class="spacer battle-history"><br></div><h2 class="battle-history">Turn 65</h2><div class="chat"><small>SableyeMyBae ( left.</small></div><div class="chat chatmessage-egalvanc"><strong style="color:hsl(189,65%,38%)"><small>☆</small><span class="username" data-name="EGalvanc ✘✘✘">EGalvanc ✘✘✘</span>:</strong> <em>ya es game</em></div><div class="chat"><small>Bleach joined.</small></div><div class="chat chatmessage-ccmisicloud"><strong style="color:hsl(183,56%,46.92977583475392%)"><small>%</small><span class="username" data-name="CC) Misicloud">CC) Misicloud</span>:</strong> <em>si ya es game</em></div><div class="chat chatmessage-ccmisicloud"><strong style="color:hsl(183,56%,46.92977583475392%)"><small>%</small><span class="username" data-name="CC) Misicloud">CC) Misicloud</span>:</strong> <em>espérale</em></div><div class="chat chatmessage-ccmisicloud"><strong style="color:hsl(183,56%,46.92977583475392%)"><small>%</small><span class="username" data-name="CC) Misicloud">CC) Misicloud</span>:</strong> <em>lol</em></div><div class="chat chatmessage-egalvanc"><strong style="color:hsl(189,65%,38%)"><small>☆</small><span class="username" data-name="EGalvanc ✘✘✘">EGalvanc ✘✘✘</span>:</strong> <em>espera</em></div><div class="chat chatmessage-egalvanc"><strong style="color:hsl(189,65%,38%)"><small>☆</small><span class="username" data-name="EGalvanc ✘✘✘">EGalvanc ✘✘✘</span>:</strong> <em>cuando queden 10</em></div><div class="chat chatmessage-egalvanc"><strong style="color:hsl(189,65%,38%)"><small>☆</small><span class="username" data-name="EGalvanc ✘✘✘">EGalvanc ✘✘✘</span>:</strong> <em>lo paro</em></div><div class="chat chatmessage-kiwikidd"><strong style="color:hsl(308,83%,42%)"><small>+</small><span class="username" data-name="kiwikidd">kiwikidd</span>:</strong> <em>sabes q no lo harás</em></div><div class="chat chatmessage-kiwikidd"><strong style="color:hsl(308,83%,42%)"><small>+</small><span class="username" data-name="kiwikidd">kiwikidd</span>:</strong> <em>jajajajajajajajajajajajajaja</em></div><div class="chat chatmessage-kiwikidd"><strong style="color:hsl(308,83%,42%)"><small>+</small><span class="username" data-name="kiwikidd">kiwikidd</span>:</strong> <em>puto idolo</em></div><div class="chat"><small>SableyeMyBae ( joined.</small></div><div class="chat chatmessage-kiwikidd"><strong style="color:hsl(308,83%,42%)"><small>+</small><span class="username" data-name="kiwikidd">kiwikidd</span>:</strong> <em>cuando queden 10 dice</em></div><div class="chat chatmessage-reyjoya"><strong style="color:hsl(223,69%,54.28366794780939%)"><small>&amp;</small><span class="username" data-name="Rey Joya">Rey Joya</span>:</strong> <em>..</em></div><div class="chat chatmessage-kiwikidd"><strong style="color:hsl(308,83%,42%)"><small>+</small><span class="username" data-name="kiwikidd">kiwikidd</span>:</strong> <em>jajajajajajajajaj</em></div><div class="spacer battle-history"><br></div><div class="battle-history">The opposing Registeel used <strong>Protect</strong>!<br></div><div class="battle-history"><small>The opposing Registeel protected itself!</small><br></div><div class="spacer battle-history"><br></div><div class="battle-history">Dhelmise used <strong>Shadow Claw</strong>!<br></div><div class="battle-history"><small>The opposing Registeel protected itself!</small><br></div><div class="spacer battle-history"><br></div><div class="battle-history"><small>The opposing Registeel restored a little HP using its Leftovers!</small><br></div><div class="spacer battle-history"><br></div><h2 class="battle-history">Turn 66</h2><div class="spacer battle-history"><br></div><div class="battle-history">SableyeMyBae ( withdrew Registeel!<br></div><div class="battle-history">SableyeMyBae ( sent out <strong>Gligar</strong>!<br></div><div class="spacer battle-history"><br></div><div class="battle-history">Dhelmise used <strong>Shadow Claw</strong>!<br></div><div class="battle-history"><small>A critical hit!</small><br></div><div class="battle-history"><small>(The opposing Gligar lost <abbr title="−151/334">45.2%</abbr> of its health!)</small><br></div><div class="spacer battle-history"><br></div><h2 class="battle-history">Turn 67</h2><div class="chat chatmessage-egalvanc"><strong style="color:hsl(189,65%,38%)"><small>☆</small><span class="username" data-name="EGalvanc ✘✘✘">EGalvanc ✘✘✘</span>:</strong> <em>sableye</em></div><div class="chat chatmessage-ccmisicloud"><strong style="color:hsl(183,56%,46.92977583475392%)"><small>%</small><span class="username" data-name="CC) Misicloud">CC) Misicloud</span>:</strong> <em>otro crit</em></div><div class="chat chatmessage-ccmisicloud"><strong style="color:hsl(183,56%,46.92977583475392%)"><small>%</small><span class="username" data-name="CC) Misicloud">CC) Misicloud</span>:</strong> <em>jajajaja</em></div><div class="chat chatmessage-egalvanc"><strong style="color:hsl(189,65%,38%)"><small>☆</small><span class="username" data-name="EGalvanc ✘✘✘">EGalvanc ✘✘✘</span>:</strong> <em>quieres que quite timer?</em></div><div class="spacer battle-history"><br></div><div class="battle-history">Dhelmise, come back!<br></div><div class="battle-history">Go! Rotom (<strong>Rotom-Heat</strong>)!<br></div><div class="spacer battle-history"><br></div><div class="battle-history">The opposing Gligar used <strong>Earthquake</strong>!<br></div><div class="battle-history"><small>[Rotom's Levitate]</small><br><small>It doesn't affect Rotom...</small><br></div><div class="spacer battle-history"><br></div><h2 class="battle-history">Turn 68</h2><div class="chat"><small>kiwikidd left.</small></div><div class="chat chatmessage-sableyemybae"><strong style="color:hsl(63,53%,39.786338788226445%)"><small>☆</small><span class="username" data-name="SableyeMyBae (">SableyeMyBae (</span>:</strong> <em>si me caigo y</em></div><div class="chat chatmessage-sableyemybae"><strong style="color:hsl(63,53%,39.786338788226445%)"><small>☆</small><span class="username" data-name="SableyeMyBae (">SableyeMyBae (</span>:</strong> <em>si no me da =</em></div><div class="spacer battle-history"><br></div><div class="battle-history">Rotom used <strong>Hidden Power</strong>!<br></div><div class="battle-history"><small>It's super effective!</small><br></div><div class="battle-history"><small>(The opposing Gligar lost <abbr title="−114/334">34.1%</abbr> of its health!)</small><br></div><div class="battle-history"><small>Rotom lost some of its HP!</small><br></div><div class="spacer battle-history"><br></div><div class="battle-history">The opposing Gligar fainted!<br></div><div class="spacer battle-history"><br></div><div class="battle-history">SableyeMyBae ( sent out <strong>Reuniclus</strong>!<br></div><div class="spacer battle-history"><br></div><h2 class="battle-history">Turn 69</h2><div class="spacer battle-history"><br></div><div class="battle-history">Rotom used <strong>Rain Dance</strong>!<br></div><div class="battle-history"><small>It started to rain!</small><br></div><div class="spacer battle-history"><br></div><div class="battle-history">The opposing Reuniclus used <strong>Recover</strong>!<br></div><div class="battle-history"><small>The opposing Reuniclus restored its HP.</small><br></div><div class="spacer battle-history"><br></div><div class="battle-history"><small>(Rain continues to fall!)</small><br></div><div class="spacer battle-history"><br></div><h2 class="battle-history">Turn 70</h2><div class="chat chatmessage-inverno"><strong style="color:hsl(178,61%,44.216194555539516%)"><small>♦</small><span class="username" data-name="❄Inverno">❄Inverno</span>:</strong> <em>lul</em></div><div class="spacer battle-history"><br></div><div class="battle-history">Rotom used <strong>Thunder</strong>!<br></div><div class="battle-history"><small>(The opposing Reuniclus lost <abbr title="−246/424">58.0%</abbr> of its health!)</small><br></div><div class="battle-history"><small>Rotom lost some of its HP!</small><br></div><div class="spacer battle-history"><br></div><div class="battle-history">The opposing Reuniclus used <strong>Calm Mind</strong>!<br></div><div class="battle-history"><small>The opposing Reuniclus's Special Attack rose!</small><br></div><div class="battle-history"><small>The opposing Reuniclus's Special Defense rose!</small><br></div><div class="spacer battle-history"><br></div><div class="battle-history"><small>(Rain continues to fall!)</small><br></div><div class="battle-history"><small>The opposing Reuniclus restored a little HP using its Leftovers!</small><br></div><div class="spacer battle-history"><br></div><h2 class="battle-history">Turn 71</h2><div class="spacer battle-history"><br></div><div class="battle-history">Rotom used <strong>Thunder</strong>!<br></div><div class="battle-history"><small>(The opposing Reuniclus lost <abbr title="−173/424">40.8%</abbr> of its health!)</small><br></div><div class="battle-history"><small>Rotom lost some of its HP!</small><br></div><div class="spacer battle-history"><br></div><div class="battle-history">The opposing Reuniclus used <strong>Recover</strong>!<br></div><div class="battle-history"><small>The opposing Reuniclus restored its HP.</small><br></div><div class="spacer battle-history"><br></div><div class="battle-history"><small>(Rain continues to fall!)</small><br></div><div class="battle-history"><small>The opposing Reuniclus restored a little HP using its Leftovers!</small><br></div><div class="spacer battle-history"><br></div><h2 class="battle-history">Turn 72</h2><div class="spacer battle-history"><br></div><div class="battle-history">Rotom used <strong>Thunder</strong>!<br></div><div class="battle-history"><small>A critical hit!</small><br></div><div class="battle-history"><small>(The opposing Reuniclus lost <abbr title="−269/424">63.4%</abbr> of its health!)</small><br></div><div class="battle-history"><small>Rotom lost some of its HP!</small><br></div><div class="spacer battle-history"><br></div><div class="battle-history">The opposing Reuniclus fainted!<br></div><div class="battle-history">Rotom fainted!<br></div><div class="spacer battle-history"><br></div><div class="battle-history"><small>(Rain continues to fall!)</small><br></div><div class="chat chatmessage-natga"><strong style="color:hsl(73,47%,41%)"><small>%</small><span class="username" data-name="NatGía ѓзў">NatGía ѓзў</span>:</strong> <em>alv</em></div><div class="chat chatmessage-natga"><strong style="color:hsl(73,47%,41%)"><small>%</small><span class="username" data-name="NatGía ѓзў">NatGía ѓзў</span>:</strong> <em>xD</em></div><div class="chat chatmessage-ccmisicloud"><strong style="color:hsl(183,56%,46.92977583475392%)"><small>%</small><span class="username" data-name="CC) Misicloud">CC) Misicloud</span>:</strong> <em>xddddddddddddddd</em></div><div class="chat chatmessage-sableyemybae"><strong style="color:hsl(63,53%,39.786338788226445%)"><small>☆</small><span class="username" data-name="SableyeMyBae (">SableyeMyBae (</span>:</strong> <em>joder</em></div><div class="chat chatmessage-natga"><strong style="color:hsl(73,47%,41%)"><small>%</small><span class="username" data-name="NatGía ѓзў">NatGía ѓзў</span>:</strong> <em>pobre smb</em></div><div class="chat"><small>kiwikidd joined.</small></div><div class="chat chatmessage-reyjoya"><strong style="color:hsl(223,69%,54.28366794780939%)"><small>&amp;</small><span class="username" data-name="Rey Joya">Rey Joya</span>:</strong> <em>Venga ya</em></div><div class="chat"><small>Mandex ∯ left.</small></div><div class="chat chatmessage-cursedstar"><strong style="color:hsl(267,62%,57.17382414485677%)"><small>%</small><span class="username" data-name="CursedStar">CursedStar</span>:</strong> <em>esto no es normal</em></div><div class="chat chatmessage-cursedstar"><strong style="color:hsl(267,62%,57.17382414485677%)"><small>%</small><span class="username" data-name="CursedStar">CursedStar</span>:</strong> <em>lol</em></div><div class="chat chatmessage-sableyemybae"><strong style="color:hsl(63,53%,39.786338788226445%)"><small>☆</small><span class="username" data-name="SableyeMyBae (">SableyeMyBae (</span>:</strong> <em>así es imposible</em></div><div class="chat"><small>Miguelmart ✖✖✖ left.</small></div><div class="chat chatmessage-inverno"><strong style="color:hsl(178,61%,44.216194555539516%)"><small>♦</small><span class="username" data-name="❄Inverno">❄Inverno</span>:</strong> <em>riperino pepino</em></div><div class="chat chatmessage-ccmisicloud"><strong style="color:hsl(183,56%,46.92977583475392%)"><small>%</small><span class="username" data-name="CC) Misicloud">CC) Misicloud</span>:</strong> <em>SableyeMyBae</em></div><div class="chat chatmessage-ccmisicloud"><strong style="color:hsl(183,56%,46.92977583475392%)"><small>%</small><span class="username" data-name="CC) Misicloud">CC) Misicloud</span>:</strong> <em>seguro que eres tú</em></div><div class="chat chatmessage-ccmisicloud"><strong style="color:hsl(183,56%,46.92977583475392%)"><small>%</small><span class="username" data-name="CC) Misicloud">CC) Misicloud</span>:</strong> <em>y no yo?</em></div><div class="chat chatmessage-egalvanc"><strong style="color:hsl(189,65%,38%)"><small>☆</small><span class="username" data-name="EGalvanc ✘✘✘">EGalvanc ✘✘✘</span>:</strong> <em>espera sableye</em></div><div class="spacer battle-history"><br></div><div class="battle-history">Go! <strong>Blastoise</strong>!<br></div><div class="spacer battle-history"><br></div><div class="battle-history">SableyeMyBae ( sent out <strong>Registeel</strong>!<br></div><div class="spacer battle-history"><br></div><h2 class="battle-history">Turn 73</h2><div class="chat chatmessage-egalvanc"><strong style="color:hsl(189,65%,38%)"><small>☆</small><span class="username" data-name="EGalvanc ✘✘✘">EGalvanc ✘✘✘</span>:</strong> <em>el specs blastoise</em></div><div class="chat chatmessage-egalvanc"><strong style="color:hsl(189,65%,38%)"><small>☆</small><span class="username" data-name="EGalvanc ✘✘✘">EGalvanc ✘✘✘</span>:</strong> <em>no gana igual?</em></div><div class="spacer battle-history"><br></div><div class="battle-history">The opposing Registeel used <strong>Protect</strong>!<br></div><div class="battle-history"><small>The opposing Registeel protected itself!</small><br></div><div class="spacer battle-history"><br></div><div class="battle-history">Blastoise used <strong>Hydro Pump</strong>!<br></div><div class="battle-history"><small>The opposing Registeel protected itself!</small><br></div><div class="spacer battle-history"><br></div><div class="battle-history"><small>The rain stopped.</small><br></div><div class="battle-history"><small>The opposing Registeel restored a little HP using its Leftovers!</small><br></div><div class="battle-history"><small>Blastoise was hurt by poison!</small><br></div><div class="spacer battle-history"><br></div><h2 class="battle-history">Turn 74</h2><div class="chat chatmessage-sableyemybae"><strong style="color:hsl(63,53%,39.786338788226445%)"><small>☆</small><span class="username" data-name="SableyeMyBae (">SableyeMyBae (</span>:</strong> <em>la cuestion</em></div><div class="chat chatmessage-sableyemybae"><strong style="color:hsl(63,53%,39.786338788226445%)"><small>☆</small><span class="username" data-name="SableyeMyBae (">SableyeMyBae (</span>:</strong> <em>no es ahora</em></div><div class="chat chatmessage-inverno"><strong style="color:hsl(178,61%,44.216194555539516%)"><small>♦</small><span class="username" data-name="❄Inverno">❄Inverno</span>:</strong> <em>los miss</em></div><div class="chat chatmessage-reyjoya"><strong style="color:hsl(223,69%,54.28366794780939%)"><small>&amp;</small><span class="username" data-name="Rey Joya">Rey Joya</span>:</strong> <em>Podría fallar una</em></div><div class="chat chatmessage-reyjoya"><strong style="color:hsl(223,69%,54.28366794780939%)"><small>&amp;</small><span class="username" data-name="Rey Joya">Rey Joya</span>:</strong> <em>Y tal</em></div><div class="chat chatmessage-sableyemybae"><strong style="color:hsl(63,53%,39.786338788226445%)"><small>☆</small><span class="username" data-name="SableyeMyBae (">SableyeMyBae (</span>:</strong> <em>es todo el combate</em></div><div class="spacer battle-history"><br></div><div class="battle-history">The opposing Registeel used <strong>Protect</strong>!<br></div><div class="battle-history"><small>But it failed!</small><br></div><div class="spacer battle-history"><br></div><div class="battle-history">Blastoise used <strong>Hydro Pump</strong>!<br></div><div class="battle-history"><small>(The opposing Registeel lost <abbr title="−161/364">44.2%</abbr> of its health!)</small><br></div><div class="spacer battle-history"><br></div><div class="battle-history">The opposing Registeel fainted!<br></div><div class="spacer battle-history"><br></div><div class="battle-history"><small>Blastoise was hurt by poison!</small><br></div><div class="chat chatmessage-ccmisicloud"><strong style="color:hsl(183,56%,46.92977583475392%)"><small>%</small><span class="username" data-name="CC) Misicloud">CC) Misicloud</span>:</strong> <em>qué va a fallar</em></div><div class="chat chatmessage-inverno"><strong style="color:hsl(178,61%,44.216194555539516%)"><small>♦</small><span class="username" data-name="❄Inverno">❄Inverno</span>:</strong> <em>bum</em></div><div class="spacer battle-history"><br></div><div class="battle-history">SableyeMyBae ( sent out <strong>Quagsire</strong>!<br></div><div class="spacer battle-history"><br></div><h2 class="battle-history">Turn 75</h2><div class="chat chatmessage-ccmisicloud"><strong style="color:hsl(183,56%,46.92977583475392%)"><small>%</small><span class="username" data-name="CC) Misicloud">CC) Misicloud</span>:</strong> <em>jaja</em></div><div class="chat chatmessage-egalvanc"><strong style="color:hsl(189,65%,38%)"><small>☆</small><span class="username" data-name="EGalvanc ✘✘✘">EGalvanc ✘✘✘</span>:</strong> <em>specs modest</em></div><div class="chat chatmessage-egalvanc"><strong style="color:hsl(189,65%,38%)"><small>☆</small><span class="username" data-name="EGalvanc ✘✘✘">EGalvanc ✘✘✘</span>:</strong> <em>best set</em></div><div class="chat chatmessage-sableyemybae"><strong style="color:hsl(63,53%,39.786338788226445%)"><small>☆</small><span class="username" data-name="SableyeMyBae (">SableyeMyBae (</span>:</strong> <em>que no es</em></div><div class="chat chatmessage-sableyemybae"><strong style="color:hsl(63,53%,39.786338788226445%)"><small>☆</small><span class="username" data-name="SableyeMyBae (">SableyeMyBae (</span>:</strong> <em>el blastoise</em></div><div class="chat chatmessage-egalvanc"><strong style="color:hsl(189,65%,38%)"><small>☆</small><span class="username" data-name="EGalvanc ✘✘✘">EGalvanc ✘✘✘</span>:</strong> <em>since 1996</em></div><div class="chat chatmessage-sableyemybae"><strong style="color:hsl(63,53%,39.786338788226445%)"><small>☆</small><span class="username" data-name="SableyeMyBae (">SableyeMyBae (</span>:</strong> <em>no ahora</em></div><div class="spacer battle-history"><br></div><div class="battle-history">Blastoise used <strong>Hydro Pump</strong>!<br></div><div class="battle-history"><small>(The opposing Quagsire lost <abbr title="−250/394">63.5%</abbr> of its health!)</small><br></div><div class="spacer battle-history"><br></div><div class="battle-history">The opposing Quagsire fainted!<br></div><div class="spacer battle-history"><br></div><div class="battle-history"><strong>EGalvanc ✘✘✘</strong> won the battle!<br></div><div class="chat chatmessage-sableyemybae"><strong style="color:hsl(63,53%,39.786338788226445%)"><small>☆</small><span class="username" data-name="SableyeMyBae (">SableyeMyBae (</span>:</strong> <em>ni*</em></div><div class="chat"><small>❄Inverno left.</small></div><div class="chat"><small>NatGía ѓзў left.</small></div><div class="chat"><small>Cardenas19 left.</small></div><div class="chat"><small>SableyeMyBae ( left.</small></div><div class="chat"><small>Rey Joya left.</small></div><div class="chat"><small>Chiyoka☆彡 left.</small></div><div class="chat"><small>mtmga left.</small></div><div class="chat"><small>CC) Misicloud left.</small></div><div class="chat"><small>kiwikidd left.</small></div><div class="chat"><small>Akaru Kokuyo left.</small></div><div class="chat"><small>oh95 left.</small></div><div class="chat"><small>Bleach left.</small></div><div class="chat"><small>Leiteng left.</small></div><div class="chat"><small>W@mr left.</small></div><div class="chat"><small>Cusho left.</small></div><div class="chat"><small>CursedStar left.</small></div><div class="chat"><small>RamboSS left.</small></div><div class="chat"><small>Rolo Sparkler left.</small></div><div class="chat"><small>Pirlо 「☮」 left.</small></div><div class="chat"><small>Jaicron joined.</small></div><div class="chat"><small>Feliks✘✘ left.</small></div><div class="chat"><small>Bloody alfa left.</small></div><div class="chat"><small>Jaicron left.</small></div><div class="chat"><small>Jaicron joined.</small></div><div class="chat"><small>Jaicron left.</small></div><div class="chat"><small>Recci left.</small></div><div class="chat"><small>H2K Odoamne left.</small></div><div class="chat"><small>ℙℭ El Ojo Blanco left.</small></div><div class="chat"><small>nyan dash*^* left.</small></div></div><div class="inner-preempt"></div></div></div>
</div>
<script>
let daily = Math.floor(Date.now()/1000/60/60/24);document.write('<script src="https://play.pokemonshowdown.com/js/replay-embed.js?version'+daily+'"></'+'script>');
</script>
