<!DOCTYPE html>
<meta charset="utf-8" />
<!-- version 1 -->
<title>RU replay: j_bolginaski vs. S4N7I4G0</title>
<style>
html,body {font-family:Verdana, sans-serif;font-size:10pt;margin:0;padding:0;}body{padding:12px 0;} .battle-log {font-family:Verdana, sans-serif;font-size:10pt;} .battle-log-inline {border:1px solid #AAAAAA;background:#EEF2F5;color:black;max-width:640px;margin:0 auto 80px;padding-bottom:5px;} .battle-log .inner {padding:4px 8px 0px 8px;} .battle-log .inner-preempt {padding:0 8px 4px 8px;} .battle-log .inner-after {margin-top:0.5em;} .battle-log h2 {margin:0.5em -8px;padding:4px 8px;border:1px solid #AAAAAA;background:#E0E7EA;border-left:0;border-right:0;font-family:Verdana, sans-serif;font-size:13pt;} .battle-log .chat {vertical-align:middle;padding:3px 0 3px 0;font-size:8pt;} .battle-log .chat strong {color:#40576A;} .battle-log .chat em {padding:1px 4px 1px 3px;color:#000000;font-style:normal;} .chat.mine {background:rgba(0,0,0,0.05);margin-left:-8px;margin-right:-8px;padding-left:8px;padding-right:8px;} .spoiler {color:#BBBBBB;background:#BBBBBB;padding:0px 3px;} .spoiler:hover, .spoiler:active, .spoiler-shown {color:#000000;background:#E2E2E2;padding:0px 3px;} .spoiler a {color:#BBBBBB;} .spoiler:hover a, .spoiler:active a, .spoiler-shown a {color:#2288CC;} .chat code, .chat .spoiler:hover code, .chat .spoiler:active code, .chat .spoiler-shown code {border:1px solid #C0C0C0;background:#EEEEEE;color:black;padding:0 2px;} .chat .spoiler code {border:1px solid #CCCCCC;background:#CCCCCC;color:#CCCCCC;} .battle-log .rated {padding:3px 4px;} .battle-log .rated strong {color:white;background:#89A;padding:1px 4px;border-radius:4px;} .spacer {margin-top:0.5em;} .message-announce {background:#6688AA;color:white;padding:1px 4px 2px;} .message-announce a, .broadcast-green a, .broadcast-blue a, .broadcast-red a {color:#DDEEFF;} .broadcast-green {background-color:#559955;color:white;padding:2px 4px;} .broadcast-blue {background-color:#6688AA;color:white;padding:2px 4px;} .infobox {border:1px solid #6688AA;padding:2px 4px;} .infobox-limited {max-height:200px;overflow:auto;overflow-x:hidden;} .broadcast-red {background-color:#AA5544;color:white;padding:2px 4px;} .message-learn-canlearn {font-weight:bold;color:#228822;text-decoration:underline;} .message-learn-cannotlearn {font-weight:bold;color:#CC2222;text-decoration:underline;} .message-effect-weak {font-weight:bold;color:#CC2222;} .message-effect-resist {font-weight:bold;color:#6688AA;} .message-effect-immune {font-weight:bold;color:#666666;} .message-learn-list {margin-top:0;margin-bottom:0;} .message-throttle-notice, .message-error {color:#992222;} .message-overflow, .chat small.message-overflow {font-size:0pt;} .message-overflow::before {font-size:9pt;content:'...';} .subtle {color:#3A4A66;}
</style>
<div class="wrapper replay-wrapper" style="max-width:1180px;margin:0 auto">
<input type="hidden" name="replayid" value="ru-494305820" />
<div class="battle"></div><div class="battle-log"></div><div class="replay-controls"></div><div class="replay-controls-2"></div>
<h1 style="font-weight:normal;text-align:center"><strong>RU</strong><br /><a href="http://pokemonshowdown.com/users/jbolginaski" class="subtle" target="_blank">j_bolginaski</a> vs. <a href="http://pokemonshowdown.com/users/s4n7i4g0" class="subtle" target="_blank">S4N7I4G0</a></h1>
<script type="text/plain" class="battle-log-data">|j|j_bolginaski
|j|S4N7I4G0
|player|p1|j_bolginaski|238
|player|p2|S4N7I4G0|80
|gametype|singles
|gen|6
|tier|RU
|rated
|seed|33204,8757,33841,58919
|rule|Sleep Clause Mod: Limit one foe put to sleep
|rule|Species Clause: Limit one of each Pokémon
|rule|OHKO Clause: OHKO moves are banned
|rule|Moody Clause: Moody is banned
|rule|Evasion Moves Clause: Evasion moves are banned
|rule|Endless Battle Clause: Forcing endless battles is banned
|rule|HP Percentage Mod: HP is shown in percentages
|clearpoke
|poke|p1|Uxie|item
|poke|p1|Cofagrigus, M|item
|poke|p1|Noctowl, M|item
|poke|p1|Gurdurr, M|item
|poke|p1|Magneton|item
|poke|p1|Floatzel, M|item
|poke|p2|Glalie, F, shiny|item
|poke|p2|Hitmonlee, M|item
|poke|p2|Qwilfish, M|item
|poke|p2|Spiritomb, F|item
|poke|p2|Alomomola, M|item
|poke|p2|Virizion, shiny|item
|rule|Swagger Clause: Swagger is banned
|rule|Baton Pass Clause: Limit one Baton Passer, can't pass Spe and other stats simultaneously
|teampreview
|c|★j_bolginaski|tough team man
|choice|team 1, team 2, team 3, team 4, team 5, team 6|team 4, team 2, team 3, team 1, team 5, team 6
|
|start
|switch|p1a: Uxie|Uxie|354\/354
|switch|p2a: Spiritomb|Spiritomb, F|304\/304
|turn|1
|c|★S4N7I4G0|same
|choice|move lightscreen|move calmmind
|
|move|p1a: Uxie|Light Screen|p1a: Uxie
|-sidestart|p1: j_bolginaski|move: Light Screen
|move|p2a: Spiritomb|Calm Mind|p2a: Spiritomb
|-boost|p2a: Spiritomb|spa|1
|-boost|p2a: Spiritomb|spd|1
|
|upkeep
|turn|2
|choice|move reflect|move darkpulse
|
|move|p1a: Uxie|Reflect|p1a: Uxie
|-sidestart|p1: j_bolginaski|Reflect
|move|p2a: Spiritomb|Dark Pulse|p1a: Uxie
|-supereffective|p1a: Uxie
|-crit|p1a: Uxie
|-damage|p1a: Uxie|100\/354
|
|upkeep
|turn|3
|choice|move safeguard|move calmmind
|
|move|p1a: Uxie|Safeguard|p1a: Uxie
|-sidestart|p1: j_bolginaski|Safeguard
|move|p2a: Spiritomb|Calm Mind|p2a: Spiritomb
|-boost|p2a: Spiritomb|spa|1
|-boost|p2a: Spiritomb|spd|1
|
|upkeep
|turn|4
|choice|switch 3|move darkpulse
|
|switch|p1a: Noctowl|Noctowl, M|341\/341
|move|p2a: Spiritomb|Dark Pulse|p1a: Noctowl
|-damage|p1a: Noctowl|163\/341
|
|-heal|p1a: Noctowl|184\/341|[from] item: Leftovers
|upkeep
|turn|5
|choice|move hypnosis|move darkpulse
|
|move|p1a: Noctowl|Hypnosis|p2a: Spiritomb
|-status|p2a: Spiritomb|slp
|cant|p2a: Spiritomb|slp
|
|-heal|p1a: Noctowl|205\/341|[from] item: Leftovers
|upkeep
|turn|6
|c|★j_bolginaski|infiltrator ?
|choice|move nightmare|move sleeptalk
|
|move|p1a: Noctowl|Nightmare|p2a: Spiritomb
|-start|p2a: Spiritomb|Nightmare
|cant|p2a: Spiritomb|slp
|move|p2a: Spiritomb|Sleep Talk|p2a: Spiritomb
|move|p2a: Spiritomb|Calm Mind|p2a: Spiritomb|[from]Sleep Talk
|-boost|p2a: Spiritomb|spa|1
|-boost|p2a: Spiritomb|spd|1
|
|-heal|p1a: Noctowl|226\/341|[from] item: Leftovers
|-damage|p2a: Spiritomb|228\/304 slp|[from] Nightmare
|upkeep
|turn|7
|c|★S4N7I4G0|yup
|choice|move airslash|move sleeptalk
|
|move|p1a: Noctowl|Air Slash|p2a: Spiritomb
|-damage|p2a: Spiritomb|186\/304 slp
|cant|p2a: Spiritomb|slp
|cant|p2a: Spiritomb|flinch
|
|-heal|p1a: Noctowl|247\/341|[from] item: Leftovers
|-heal|p2a: Spiritomb|205\/304 slp|[from] item: Leftovers
|-damage|p2a: Spiritomb|129\/304 slp|[from] Nightmare
|-sideend|p1: j_bolginaski|Safeguard
|upkeep
|turn|8
|c|★j_bolginaski|noice
|choice|move airslash|switch 4
|
|switch|p2a: Glalie|Glalie, F, shiny|301\/301
|move|p1a: Noctowl|Air Slash|p2a: Glalie|[miss]
|-miss|p1a: Noctowl|p2a: Glalie
|
|-heal|p1a: Noctowl|268\/341|[from] item: Leftovers
|-sideend|p1: j_bolginaski|move: Light Screen
|upkeep
|turn|9
|choice|switch 2|move freezedry mega
|
|switch|p1a: Cofagrigus|Cofagrigus, M|319\/319
|detailschange|p2a: Glalie|Glalie-Mega, F, shiny
|-mega|p2a: Glalie|Glalie|Glalitite
|move|p2a: Glalie|Freeze-Dry|p1a: Cofagrigus
|-damage|p1a: Cofagrigus|250\/319
|
|-sideend|p1: j_bolginaski|Reflect
|upkeep
|turn|10
|choice|move willowisp|switch 5
|
|switch|p2a: Alomomola|Alomomola, M|501\/501
|move|p1a: Cofagrigus|Will-O-Wisp|p2a: Alomomola
|-status|p2a: Alomomola|brn
|
|-damage|p2a: Alomomola|439\/501 brn|[from] brn
|upkeep
|turn|11
|choice|move toxicspikes|move knockoff
|
|move|p2a: Alomomola|Knock Off|p1a: Cofagrigus
|-supereffective|p1a: Cofagrigus
|-crit|p1a: Cofagrigus
|-damage|p1a: Cofagrigus|180\/319
|-activate|p1a: Cofagrigus|ability: Mummy|Regenerator|[of] p2a: Alomomola
|-enditem|p1a: Cofagrigus|Spell Tag|[from] move: Knock Off|[of] p2a: Alomomola
|move|p1a: Cofagrigus|Toxic Spikes|p2a: Alomomola
|-sidestart|p2: S4N7I4G0|move: Toxic Spikes
|
|-heal|p2a: Alomomola|470\/501 brn|[from] item: Leftovers
|-damage|p2a: Alomomola|408\/501 brn|[from] brn
|upkeep
|turn|12
|c|★j_bolginaski|noice
|choice|move hex|move scald
|
|move|p2a: Alomomola|Scald|p1a: Cofagrigus
|-crit|p1a: Cofagrigus
|-damage|p1a: Cofagrigus|135\/319
|move|p1a: Cofagrigus|Hex|p2a: Alomomola
|-damage|p2a: Alomomola|146\/501 brn
|
|-heal|p2a: Alomomola|177\/501 brn|[from] item: Leftovers
|-damage|p2a: Alomomola|115\/501 brn|[from] brn
|upkeep
|turn|13
|choice|move hex|switch 4
|
|switch|p2a: Spiritomb|Spiritomb, F|129\/304 slp
|move|p1a: Cofagrigus|Hex|p2a: Spiritomb
|-damage|p2a: Spiritomb|0 fnt
|faint|p2a: Spiritomb
|
|upkeep
|choice||switch 2
|
|switch|p2a: Hitmonlee|Hitmonlee, M|241\/241
|-status|p2a: Hitmonlee|psn
|turn|14
|choice|move disable|move knockoff
|
|move|p2a: Hitmonlee|Knock Off|p1a: Cofagrigus
|-supereffective|p1a: Cofagrigus
|-damage|p1a: Cofagrigus|0 fnt
|-activate|p1a: Cofagrigus|ability: Mummy|Reckless|[of] p2a: Hitmonlee
|-damage|p2a: Hitmonlee|217\/241 psn|[from] item: Life Orb
|faint|p1a: Cofagrigus
|
|-damage|p2a: Hitmonlee|187\/241 psn|[from] psn
|upkeep
|choice|switch 6|
|
|switch|p1a: Floatzel|Floatzel, M|327\/327
|turn|15
|choice|move dive|move suckerpunch
|
|move|p2a: Hitmonlee|Sucker Punch|p1a: Floatzel
|-damage|p1a: Floatzel|122\/327
|-damage|p2a: Hitmonlee|163\/241 psn|[from] item: Life Orb
|move|p1a: Floatzel|Dive|p2a: Hitmonlee|[still]
|-prepare|p1a: Floatzel|Dive|p2a: Hitmonlee
|
|-damage|p2a: Hitmonlee|133\/241 psn|[from] psn
|upkeep
|turn|16
|choice|move dive 1|switch 6
|
|switch|p2a: Virizion|Virizion, shiny|323\/323
|-status|p2a: Virizion|psn
|-enditem|p2a: Virizion|Lum Berry|[eat]
|-curestatus|p2a: Virizion|psn|[msg]
|move|p1a: Floatzel|Dive|p2a: Virizion|[from]lockedmove
|-resisted|p2a: Virizion
|-damage|p2a: Virizion|244\/323
|
|upkeep
|turn|17
|choice|move bulkup|move swordsdance
|
|move|p1a: Floatzel|Bulk Up|p1a: Floatzel
|-boost|p1a: Floatzel|atk|1
|-boost|p1a: Floatzel|def|1
|move|p2a: Virizion|Swords Dance|p2a: Virizion
|-boost|p2a: Virizion|atk|2
|
|upkeep
|turn|18
|choice|move batonpass|move leafblade
|
|move|p1a: Floatzel|Baton Pass|p1a: Floatzel
|choice|switch 4|
|
|switch|p1a: Gurdurr|Gurdurr, M|374\/374
|move|p2a: Virizion|Leaf Blade|p1a: Gurdurr
|-damage|p1a: Gurdurr|238\/374
|
|upkeep
|turn|19
|choice|move drainpunch|move leafblade
|
|move|p2a: Virizion|Leaf Blade|p1a: Gurdurr
|-damage|p1a: Gurdurr|120\/374
|move|p1a: Gurdurr|Drain Punch|p2a: Virizion
|-damage|p2a: Virizion|0 fnt
|-heal|p1a: Gurdurr|242\/374|[from] drain|[of] p2a: Virizion
|faint|p2a: Virizion
|
|upkeep
|choice||switch 3
|
|switch|p2a: Qwilfish|Qwilfish, M|334\/334
|-sideend|p2: S4N7I4G0|move: Toxic Spikes|[of] p2a: Qwilfish
|turn|20
|choice|move knockoff|move toxicspikes
|
|move|p2a: Qwilfish|Toxic Spikes|p1a: Gurdurr
|-sidestart|p1: j_bolginaski|move: Toxic Spikes
|move|p1a: Gurdurr|Knock Off|p2a: Qwilfish
|-damage|p2a: Qwilfish|172\/334
|-enditem|p2a: Qwilfish|Black Sludge|[from] move: Knock Off|[of] p1a: Gurdurr
|
|upkeep
|turn|21
|choice|move drainpunch|move toxicspikes
|
|move|p2a: Qwilfish|Toxic Spikes|p1a: Gurdurr
|-sidestart|p1: j_bolginaski|move: Toxic Spikes
|move|p1a: Gurdurr|Drain Punch|p2a: Qwilfish
|-resisted|p2a: Qwilfish
|-damage|p2a: Qwilfish|72\/334
|-heal|p1a: Gurdurr|292\/374|[from] drain|[of] p2a: Qwilfish
|
|upkeep
|turn|22
|choice|move drainpunch|move waterfall
|
|move|p2a: Qwilfish|Waterfall|p1a: Gurdurr
|-crit|p1a: Gurdurr
|-damage|p1a: Gurdurr|181\/374
|move|p1a: Gurdurr|Drain Punch|p2a: Qwilfish
|-resisted|p2a: Qwilfish
|-damage|p2a: Qwilfish|0 fnt
|-heal|p1a: Gurdurr|217\/374|[from] drain|[of] p2a: Qwilfish
|faint|p2a: Qwilfish
|
|upkeep
|choice||switch 4
|
|switch|p2a: Alomomola|Alomomola, M|115\/501 brn
|turn|23
|choice|move knockoff|move wish
|
|move|p2a: Alomomola|Wish|p2a: Alomomola
|move|p1a: Gurdurr|Knock Off|p2a: Alomomola
|-damage|p2a: Alomomola|0 fnt
|-enditem|p2a: Alomomola|Leftovers|[from] move: Knock Off|[of] p1a: Gurdurr
|faint|p2a: Alomomola
|
|upkeep
|choice||switch 6
|
|switch|p2a: Hitmonlee|Hitmonlee, M|133\/241 psn
|turn|24
|choice|move drainpunch|move highjumpkick
|
|move|p2a: Hitmonlee|High Jump Kick|p1a: Gurdurr
|-damage|p1a: Gurdurr|48\/374
|-damage|p2a: Hitmonlee|109\/241 psn|[from] item: Life Orb
|move|p1a: Gurdurr|Drain Punch|p2a: Hitmonlee
|-damage|p2a: Hitmonlee|0 fnt
|-heal|p1a: Gurdurr|103\/374|[from] drain|[of] p2a: Hitmonlee
|faint|p2a: Hitmonlee
|
|upkeep
|choice||switch 5
|
|switch|p2a: Glalie|Glalie-Mega, F, shiny|301\/301
|turn|25
|choice|move machpunch|move return
|
|move|p1a: Gurdurr|Mach Punch|p2a: Glalie
|-supereffective|p2a: Glalie
|-damage|p2a: Glalie|67\/301
|move|p2a: Glalie|Return|p1a: Gurdurr
|-damage|p1a: Gurdurr|1\/374
|
|upkeep
|turn|26
|c|★j_bolginaski|noice
|choice|move machpunch|move iceshard
|
|move|p2a: Glalie|Ice Shard|p1a: Gurdurr
|-damage|p1a: Gurdurr|0 fnt
|faint|p1a: Gurdurr
|
|upkeep
|c|★j_bolginaski|gg
|c|★S4N7I4G0|gg man
|choice|switch 5|
|
|switch|p1a: Magneton|Magneton|241\/241
|-item|p1a: Magneton|Air Balloon
|turn|27
|choice|move flashcannon|move return
|
|move|p2a: Glalie|Return|p1a: Magneton
|-resisted|p1a: Magneton
|-damage|p1a: Magneton|127\/241
|-enditem|p1a: Magneton|Air Balloon
|move|p1a: Magneton|Flash Cannon|p2a: Glalie
|-supereffective|p2a: Glalie
|-damage|p2a: Glalie|0 fnt
|faint|p2a: Glalie
|
|win|j_bolginaski
|player|p1
|player|p2</script>
</div>
<div class="battle-log battle-log-inline"><div class="inner"><div class="battle-options"></div><div class="inner"><div class="chat"><small>j_bolginaski joined.</small></div><div class="chat"><small>S4N7I4G0 joined.</small></div><div class=""><small>Format:</small> <br><strong>RU</strong></div><div class="rated"><strong>Rated battle</strong></div><div class=""><small><em>Sleep Clause Mod:</em> Limit one foe put to sleep</small></div><div class=""><small><em>Species Clause:</em> Limit one of each Pokémon</small></div><div class=""><small><em>OHKO Clause:</em> OHKO moves are banned</small></div><div class=""><small><em>Moody Clause:</em> Moody is banned</small></div><div class=""><small><em>Evasion Moves Clause:</em> Evasion moves are banned</small></div><div class=""><small><em>Endless Battle Clause:</em> Forcing endless battles is banned</small></div><div class=""><small><em>HP Percentage Mod:</em> HP is shown in percentages</small></div><div class=""><small><em>Swagger Clause:</em> Swagger is banned</small></div><div class=""><small><em>Baton Pass Clause:</em> Limit one Baton Passer, can't pass Spe and other stats simultaneously</small></div><div class="chat battle-history"><strong>j_bolginaski's team:</strong> <em style="color:#445566;display:block;">Uxie / Cofagrigus / Noctowl / Gurdurr / Magneton / Floatzel</em></div><div class="chat battle-history"><strong>S4N7I4G0's team:</strong> <em style="color:#445566;display:block;">Glalie / Hitmonlee / Qwilfish / Spiritomb / Alomomola / Virizion</em></div><div class="chat chatmessage-jbolginaski"><strong style="color:hsl(292,55%,44.56080365455861%)"><small>★</small><span class="username" data-name="j_bolginaski">j_bolginaski</span>:</strong> <em>tough team man</em></div><div class="spacer battle-history"><br></div><div class="battle-history">Battle started between j_bolginaski and S4N7I4G0!<br></div><div class="spacer battle-history"><br></div><div class="battle-history">Go! <strong>Uxie</strong>!<br></div><div class="spacer battle-history"><br></div><div class="battle-history">S4N7I4G0 sent out <strong>Spiritomb</strong>!<br></div><div class="spacer battle-history"><br></div><h2 class="battle-history">Turn 1</h2><div class="chat chatmessage-s4n7i4g0"><strong style="color:hsl(10,84%,41%)"><small>★</small><span class="username" data-name="S4N7I4G0">S4N7I4G0</span>:</strong> <em>same</em></div><div class="spacer battle-history"><br></div><div class="battle-history">Uxie used <strong>Light Screen</strong>!<br></div><div class="battle-history"><small>Light Screen made your team stronger against special moves!</small><br></div><div class="spacer battle-history"><br></div><div class="battle-history">The opposing Spiritomb used <strong>Calm Mind</strong>!<br></div><div class="battle-history"><small>The opposing Spiritomb's Special Attack rose!</small><br></div><div class="battle-history"><small>The opposing Spiritomb's Special Defense rose!</small><br></div><div class="spacer battle-history"><br></div><h2 class="battle-history">Turn 2</h2><div class="spacer battle-history"><br></div><div class="battle-history">Uxie used <strong>Reflect</strong>!<br></div><div class="battle-history"><small>Reflect made your team stronger against physical moves!</small><br></div><div class="spacer battle-history"><br></div><div class="battle-history">The opposing Spiritomb used <strong>Dark Pulse</strong>!<br></div><div class="battle-history"><small>It's super effective!</small><br></div><div class="battle-history"><small>A critical hit!</small><br></div><div class="battle-history"><small>(Uxie lost <abbr title="−254/354">71.8%</abbr> of its health!)</small><br></div><div class="spacer battle-history"><br></div><h2 class="battle-history">Turn 3</h2><div class="spacer battle-history"><br></div><div class="battle-history">Uxie used <strong>Safeguard</strong>!<br></div><div class="battle-history"><small>Your team cloaked itself in a mystical veil!</small><br></div><div class="spacer battle-history"><br></div><div class="battle-history">The opposing Spiritomb used <strong>Calm Mind</strong>!<br></div><div class="battle-history"><small>The opposing Spiritomb's Special Attack rose!</small><br></div><div class="battle-history"><small>The opposing Spiritomb's Special Defense rose!</small><br></div><div class="spacer battle-history"><br></div><h2 class="battle-history">Turn 4</h2><div class="spacer battle-history"><br></div><div class="battle-history">Uxie, come back!<br></div><div class="battle-history">Go! <strong>Noctowl</strong>!<br></div><div class="spacer battle-history"><br></div><div class="battle-history">The opposing Spiritomb used <strong>Dark Pulse</strong>!<br></div><div class="battle-history"><small>(Noctowl lost <abbr title="−178/341">52.2%</abbr> of its health!)</small><br></div><div class="spacer battle-history"><br></div><div class="battle-history"><small>Noctowl restored a little HP using its Leftovers!</small><br></div><div class="spacer battle-history"><br></div><h2 class="battle-history">Turn 5</h2><div class="spacer battle-history"><br></div><div class="battle-history">Noctowl used <strong>Hypnosis</strong>!<br></div><div class="battle-history"><small>The opposing Spiritomb fell asleep!</small><br></div><div class="spacer battle-history"><br></div><div class="battle-history">The opposing Spiritomb is fast asleep.<br></div><div class="spacer battle-history"><br></div><div class="battle-history"><small>Noctowl restored a little HP using its Leftovers!</small><br></div><div class="spacer battle-history"><br></div><h2 class="battle-history">Turn 6</h2><div class="chat chatmessage-jbolginaski"><strong style="color:hsl(292,55%,44.56080365455861%)"><small>★</small><span class="username" data-name="j_bolginaski">j_bolginaski</span>:</strong> <em>infiltrator ?</em></div><div class="spacer battle-history"><br></div><div class="battle-history">Noctowl used <strong>Nightmare</strong>!<br></div><div class="battle-history"><small>The opposing Spiritomb began having a nightmare!</small><br></div><div class="spacer battle-history"><br></div><div class="battle-history">The opposing Spiritomb is fast asleep.<br></div><div class="spacer battle-history"><br></div><div class="battle-history">The opposing Spiritomb used <strong>Sleep Talk</strong>!<br></div><div class="spacer battle-history"><br></div><div class="battle-history">The opposing Spiritomb used <strong>Calm Mind</strong>!<br></div><div class="battle-history"><small>The opposing Spiritomb's Special Attack rose!</small><br></div><div class="battle-history"><small>The opposing Spiritomb's Special Defense rose!</small><br></div><div class="spacer battle-history"><br></div><div class="battle-history"><small>Noctowl restored a little HP using its Leftovers!</small><br></div><div class="battle-history"><small>The opposing Spiritomb is locked in a nightmare!</small><br></div><div class="spacer battle-history"><br></div><h2 class="battle-history">Turn 7</h2><div class="chat chatmessage-s4n7i4g0"><strong style="color:hsl(10,84%,41%)"><small>★</small><span class="username" data-name="S4N7I4G0">S4N7I4G0</span>:</strong> <em>yup</em></div><div class="spacer battle-history"><br></div><div class="battle-history">Noctowl used <strong>Air Slash</strong>!<br></div><div class="battle-history"><small>(The opposing Spiritomb lost <abbr title="−42/304">13.8%</abbr> of its health!)</small><br></div><div class="spacer battle-history"><br></div><div class="battle-history">The opposing Spiritomb is fast asleep.<br></div><div class="spacer battle-history"><br></div><div class="battle-history">The opposing Spiritomb flinched and couldn't move!<br></div><div class="spacer battle-history"><br></div><div class="battle-history"><small>Noctowl restored a little HP using its Leftovers!</small><br></div><div class="battle-history"><small>The opposing Spiritomb restored a little HP using its Leftovers!</small><br></div><div class="battle-history"><small>The opposing Spiritomb is locked in a nightmare!</small><br></div><div class="battle-history"><small>Your team is no longer protected by Safeguard!</small><br></div><div class="spacer battle-history"><br></div><h2 class="battle-history">Turn 8</h2><div class="chat chatmessage-jbolginaski"><strong style="color:hsl(292,55%,44.56080365455861%)"><small>★</small><span class="username" data-name="j_bolginaski">j_bolginaski</span>:</strong> <em>noice</em></div><div class="spacer battle-history"><br></div><div class="battle-history">S4N7I4G0 withdrew Spiritomb!<br></div><div class="battle-history">S4N7I4G0 sent out <strong>Glalie</strong>!<br></div><div class="spacer battle-history"><br></div><div class="battle-history">Noctowl used <strong>Air Slash</strong>!<br></div><div class="battle-history"><small>The opposing Glalie avoided the attack!</small><br></div><div class="spacer battle-history"><br></div><div class="battle-history"><small>Noctowl restored a little HP using its Leftovers!</small><br></div><div class="battle-history"><small>Your team's Light Screen wore off!</small><br></div><div class="spacer battle-history"><br></div><h2 class="battle-history">Turn 9</h2><div class="spacer battle-history"><br></div><div class="battle-history">Noctowl, come back!<br></div><div class="battle-history">Go! <strong>Cofagrigus</strong>!<br></div><div class="spacer battle-history"><br></div><div class="battle-history"><small>The opposing Glalie's Glalitite is reacting to S4N7I4G0's Mega Bracelet!</small><br>The opposing Glalie has Mega Evolved into Mega Glalie!<br></div><div class="spacer battle-history"><br></div><div class="battle-history">The opposing Glalie used <strong>Freeze-Dry</strong>!<br></div><div class="battle-history"><small>(Cofagrigus lost <abbr title="−69/319">21.6%</abbr> of its health!)</small><br></div><div class="spacer battle-history"><br></div><div class="battle-history"><small>Your team's Reflect wore off!</small><br></div><div class="spacer battle-history"><br></div><h2 class="battle-history">Turn 10</h2><div class="spacer battle-history"><br></div><div class="battle-history">S4N7I4G0 withdrew Glalie!<br></div><div class="battle-history">S4N7I4G0 sent out <strong>Alomomola</strong>!<br></div><div class="spacer battle-history"><br></div><div class="battle-history">Cofagrigus used <strong>Will-O-Wisp</strong>!<br></div><div class="battle-history"><small>The opposing Alomomola was burned!</small><br></div><div class="spacer battle-history"><br></div><div class="battle-history"><small>The opposing Alomomola was hurt by its burn!</small><br></div><div class="spacer battle-history"><br></div><h2 class="battle-history">Turn 11</h2><div class="spacer battle-history"><br></div><div class="battle-history">The opposing Alomomola used <strong>Knock Off</strong>!<br></div><div class="battle-history"><small>It's super effective!</small><br></div><div class="battle-history"><small>A critical hit!</small><br></div><div class="battle-history"><small>(Cofagrigus lost <abbr title="−70/319">21.9%</abbr> of its health!)</small><br></div><div class="battle-history"><small>[Cofagrigus's Mummy]</small><br><small>[The opposing Alomomola's Regenerator]</small><br><small>[The opposing Alomomola's Mummy]</small><br><small>The opposing Alomomola's Ability became Mummy!</small><br></div><div class="battle-history"><small>The opposing Alomomola knocked off Cofagrigus's Spell Tag!</small><br></div><div class="spacer battle-history"><br></div><div class="battle-history">Cofagrigus used <strong>Toxic Spikes</strong>!<br></div><div class="battle-history"><small>Poison spikes were scattered on the ground all around the opposing team!</small><br></div><div class="spacer battle-history"><br></div><div class="battle-history"><small>The opposing Alomomola restored a little HP using its Leftovers!</small><br></div><div class="battle-history"><small>The opposing Alomomola was hurt by its burn!</small><br></div><div class="spacer battle-history"><br></div><h2 class="battle-history">Turn 12</h2><div class="chat chatmessage-jbolginaski"><strong style="color:hsl(292,55%,44.56080365455861%)"><small>★</small><span class="username" data-name="j_bolginaski">j_bolginaski</span>:</strong> <em>noice</em></div><div class="spacer battle-history"><br></div><div class="battle-history">The opposing Alomomola used <strong>Scald</strong>!<br></div><div class="battle-history"><small>A critical hit!</small><br></div><div class="battle-history"><small>(Cofagrigus lost <abbr title="−45/319">14.1%</abbr> of its health!)</small><br></div><div class="spacer battle-history"><br></div><div class="battle-history">Cofagrigus used <strong>Hex</strong>!<br></div><div class="battle-history"><small>(The opposing Alomomola lost <abbr title="−262/501">52.3%</abbr> of its health!)</small><br></div><div class="spacer battle-history"><br></div><div class="battle-history"><small>The opposing Alomomola restored a little HP using its Leftovers!</small><br></div><div class="battle-history"><small>The opposing Alomomola was hurt by its burn!</small><br></div><div class="spacer battle-history"><br></div><h2 class="battle-history">Turn 13</h2><div class="spacer battle-history"><br></div><div class="battle-history">S4N7I4G0 withdrew Alomomola!<br></div><div class="battle-history">S4N7I4G0 sent out <strong>Spiritomb</strong>!<br></div><div class="spacer battle-history"><br></div><div class="battle-history">Cofagrigus used <strong>Hex</strong>!<br></div><div class="battle-history"><small>(The opposing Spiritomb lost <abbr title="−129/304">42.4%</abbr> of its health!)</small><br></div><div class="spacer battle-history"><br></div><div class="battle-history">The opposing Spiritomb fainted!<br></div><div class="spacer battle-history"><br></div><div class="battle-history">S4N7I4G0 sent out <strong>Hitmonlee</strong>!<br></div><div class="battle-history"><small>The opposing Hitmonlee was poisoned!</small><br></div><div class="spacer battle-history"><br></div><h2 class="battle-history">Turn 14</h2><div class="spacer battle-history"><br></div><div class="battle-history">The opposing Hitmonlee used <strong>Knock Off</strong>!<br></div><div class="battle-history"><small>It's super effective!</small><br></div><div class="battle-history"><small>(Cofagrigus lost <abbr title="−135/319">42.3%</abbr> of its health!)</small><br></div><div class="battle-history"><small>[Cofagrigus's Mummy]</small><br><small>[The opposing Hitmonlee's Reckless]</small><br><small>[The opposing Hitmonlee's Mummy]</small><br><small>The opposing Hitmonlee's Ability became Mummy!</small><br></div><div class="battle-history"><small>The opposing Hitmonlee lost some of its HP!</small><br></div><div class="spacer battle-history"><br></div><div class="battle-history">Cofagrigus fainted!<br></div><div class="spacer battle-history"><br></div><div class="battle-history"><small>The opposing Hitmonlee was hurt by poison!</small><br></div><div class="spacer battle-history"><br></div><div class="battle-history">Go! <strong>Floatzel</strong>!<br></div><div class="spacer battle-history"><br></div><h2 class="battle-history">Turn 15</h2><div class="spacer battle-history"><br></div><div class="battle-history">The opposing Hitmonlee used <strong>Sucker Punch</strong>!<br></div><div class="battle-history"><small>(Floatzel lost <abbr title="−205/327">62.7%</abbr> of its health!)</small><br></div><div class="battle-history"><small>The opposing Hitmonlee lost some of its HP!</small><br></div><div class="spacer battle-history"><br></div><div class="battle-history">Floatzel used <strong>Dive</strong>!<br></div><div class="battle-history">Floatzel hid underwater!<br></div><div class="spacer battle-history"><br></div><div class="battle-history"><small>The opposing Hitmonlee was hurt by poison!</small><br></div><div class="spacer battle-history"><br></div><h2 class="battle-history">Turn 16</h2><div class="spacer battle-history"><br></div><div class="battle-history">S4N7I4G0 withdrew Hitmonlee!<br></div><div class="battle-history">S4N7I4G0 sent out <strong>Virizion</strong>!<br></div><div class="battle-history"><small>The opposing Virizion was poisoned!</small><br></div><div class="battle-history"><small>The opposing Virizion ate its Lum Berry!</small><br></div><div class="battle-history"><small>The opposing Virizion was cured of its poisoning.</small><br></div><div class="spacer battle-history"><br></div><div class="battle-history">Floatzel used <strong>Dive</strong>!<br></div><div class="battle-history"><small>It's not very effective...</small><br></div><div class="battle-history"><small>(The opposing Virizion lost <abbr title="−79/323">24.5%</abbr> of its health!)</small><br></div><div class="spacer battle-history"><br></div><h2 class="battle-history">Turn 17</h2><div class="spacer battle-history"><br></div><div class="battle-history">Floatzel used <strong>Bulk Up</strong>!<br></div><div class="battle-history"><small>Floatzel's Attack rose!</small><br></div><div class="battle-history"><small>Floatzel's Defense rose!</small><br></div><div class="spacer battle-history"><br></div><div class="battle-history">The opposing Virizion used <strong>Swords Dance</strong>!<br></div><div class="battle-history"><small>The opposing Virizion's Attack rose sharply!</small><br></div><div class="spacer battle-history"><br></div><h2 class="battle-history">Turn 18</h2><div class="spacer battle-history"><br></div><div class="battle-history">Floatzel used <strong>Baton Pass</strong>!<br></div><div class="spacer battle-history"><br></div><div class="battle-history">Go! <strong>Gurdurr</strong>!<br></div><div class="spacer battle-history"><br></div><div class="battle-history">The opposing Virizion used <strong>Leaf Blade</strong>!<br></div><div class="battle-history"><small>(Gurdurr lost <abbr title="−136/374">36.4%</abbr> of its health!)</small><br></div><div class="spacer battle-history"><br></div><h2 class="battle-history">Turn 19</h2><div class="spacer battle-history"><br></div><div class="battle-history">The opposing Virizion used <strong>Leaf Blade</strong>!<br></div><div class="battle-history"><small>(Gurdurr lost <abbr title="−118/374">31.6%</abbr> of its health!)</small><br></div><div class="spacer battle-history"><br></div><div class="battle-history">Gurdurr used <strong>Drain Punch</strong>!<br></div><div class="battle-history"><small>(The opposing Virizion lost <abbr title="−244/323">75.5%</abbr> of its health!)</small><br></div><div class="battle-history"><small>The opposing Virizion had its energy drained!</small><br></div><div class="spacer battle-history"><br></div><div class="battle-history">The opposing Virizion fainted!<br></div><div class="spacer battle-history"><br></div><div class="battle-history">S4N7I4G0 sent out <strong>Qwilfish</strong>!<br></div><div class="battle-history"><small>The poison spikes disappeared from the ground around the opposing team!</small><br></div><div class="spacer battle-history"><br></div><h2 class="battle-history">Turn 20</h2><div class="spacer battle-history"><br></div><div class="battle-history">The opposing Qwilfish used <strong>Toxic Spikes</strong>!<br></div><div class="battle-history"><small>Poison spikes were scattered on the ground all around your team!</small><br></div><div class="spacer battle-history"><br></div><div class="battle-history">Gurdurr used <strong>Knock Off</strong>!<br></div><div class="battle-history"><small>(The opposing Qwilfish lost <abbr title="−162/334">48.5%</abbr> of its health!)</small><br></div><div class="battle-history"><small>Gurdurr knocked off the opposing Qwilfish's Black Sludge!</small><br></div><div class="spacer battle-history"><br></div><h2 class="battle-history">Turn 21</h2><div class="spacer battle-history"><br></div><div class="battle-history">The opposing Qwilfish used <strong>Toxic Spikes</strong>!<br></div><div class="battle-history"><small>Poison spikes were scattered on the ground all around your team!</small><br></div><div class="spacer battle-history"><br></div><div class="battle-history">Gurdurr used <strong>Drain Punch</strong>!<br></div><div class="battle-history"><small>It's not very effective...</small><br></div><div class="battle-history"><small>(The opposing Qwilfish lost <abbr title="−100/334">29.9%</abbr> of its health!)</small><br></div><div class="battle-history"><small>The opposing Qwilfish had its energy drained!</small><br></div><div class="spacer battle-history"><br></div><h2 class="battle-history">Turn 22</h2><div class="spacer battle-history"><br></div><div class="battle-history">The opposing Qwilfish used <strong>Waterfall</strong>!<br></div><div class="battle-history"><small>A critical hit!</small><br></div><div class="battle-history"><small>(Gurdurr lost <abbr title="−111/374">29.7%</abbr> of its health!)</small><br></div><div class="spacer battle-history"><br></div><div class="battle-history">Gurdurr used <strong>Drain Punch</strong>!<br></div><div class="battle-history"><small>It's not very effective...</small><br></div><div class="battle-history"><small>(The opposing Qwilfish lost <abbr title="−72/334">21.6%</abbr> of its health!)</small><br></div><div class="battle-history"><small>The opposing Qwilfish had its energy drained!</small><br></div><div class="spacer battle-history"><br></div><div class="battle-history">The opposing Qwilfish fainted!<br></div><div class="spacer battle-history"><br></div><div class="battle-history">S4N7I4G0 sent out <strong>Alomomola</strong>!<br></div><div class="spacer battle-history"><br></div><h2 class="battle-history">Turn 23</h2><div class="spacer battle-history"><br></div><div class="battle-history">The opposing Alomomola used <strong>Wish</strong>!<br></div><div class="spacer battle-history"><br></div><div class="battle-history">Gurdurr used <strong>Knock Off</strong>!<br></div><div class="battle-history"><small>(The opposing Alomomola lost <abbr title="−115/501">23.0%</abbr> of its health!)</small><br></div><div class="battle-history"><small>Gurdurr knocked off the opposing Alomomola's Leftovers!</small><br></div><div class="spacer battle-history"><br></div><div class="battle-history">The opposing Alomomola fainted!<br></div><div class="spacer battle-history"><br></div><div class="battle-history">S4N7I4G0 sent out <strong>Hitmonlee</strong>!<br></div><div class="spacer battle-history"><br></div><h2 class="battle-history">Turn 24</h2><div class="spacer battle-history"><br></div><div class="battle-history">The opposing Hitmonlee used <strong>High Jump Kick</strong>!<br></div><div class="battle-history"><small>(Gurdurr lost <abbr title="−169/374">45.2%</abbr> of its health!)</small><br></div><div class="battle-history"><small>The opposing Hitmonlee lost some of its HP!</small><br></div><div class="spacer battle-history"><br></div><div class="battle-history">Gurdurr used <strong>Drain Punch</strong>!<br></div><div class="battle-history"><small>(The opposing Hitmonlee lost <abbr title="−109/241">45.2%</abbr> of its health!)</small><br></div><div class="battle-history"><small>The opposing Hitmonlee had its energy drained!</small><br></div><div class="spacer battle-history"><br></div><div class="battle-history">The opposing Hitmonlee fainted!<br></div><div class="spacer battle-history"><br></div><div class="battle-history">S4N7I4G0 sent out Glalie (<strong>Glalie-Mega</strong>)!<br></div><div class="spacer battle-history"><br></div><h2 class="battle-history">Turn 25</h2><div class="spacer battle-history"><br></div><div class="battle-history">Gurdurr used <strong>Mach Punch</strong>!<br></div><div class="battle-history"><small>It's super effective!</small><br></div><div class="battle-history"><small>(The opposing Glalie lost <abbr title="−234/301">77.7%</abbr> of its health!)</small><br></div><div class="spacer battle-history"><br></div><div class="battle-history">The opposing Glalie used <strong>Return</strong>!<br></div><div class="battle-history"><small>(Gurdurr lost <abbr title="−102/374">27.3%</abbr> of its health!)</small><br></div><div class="spacer battle-history"><br></div><h2 class="battle-history">Turn 26</h2><div class="chat chatmessage-jbolginaski"><strong style="color:hsl(292,55%,44.56080365455861%)"><small>★</small><span class="username" data-name="j_bolginaski">j_bolginaski</span>:</strong> <em>noice</em></div><div class="spacer battle-history"><br></div><div class="battle-history">The opposing Glalie used <strong>Ice Shard</strong>!<br></div><div class="battle-history"><small>(Gurdurr lost <abbr title="−1/374">0.3%</abbr> of its health!)</small><br></div><div class="spacer battle-history"><br></div><div class="battle-history">Gurdurr fainted!<br></div><div class="chat chatmessage-jbolginaski"><strong style="color:hsl(292,55%,44.56080365455861%)"><small>★</small><span class="username" data-name="j_bolginaski">j_bolginaski</span>:</strong> <em>gg</em></div><div class="chat chatmessage-s4n7i4g0"><strong style="color:hsl(10,84%,41%)"><small>★</small><span class="username" data-name="S4N7I4G0">S4N7I4G0</span>:</strong> <em>gg man</em></div><div class="spacer battle-history"><br></div><div class="battle-history">Go! <strong>Magneton</strong>!<br></div><div class="battle-history"><small>Magneton floats in the air with its Air Balloon!</small><br></div><div class="spacer battle-history"><br></div><h2 class="battle-history">Turn 27</h2><div class="spacer battle-history"><br></div><div class="battle-history">The opposing Glalie used <strong>Return</strong>!<br></div><div class="battle-history"><small>It's not very effective...</small><br></div><div class="battle-history"><small>(Magneton lost <abbr title="−114/241">47.3%</abbr> of its health!)</small><br></div><div class="battle-history"><small>Magneton's Air Balloon popped!</small><br></div><div class="spacer battle-history"><br></div><div class="battle-history">Magneton used <strong>Flash Cannon</strong>!<br></div><div class="battle-history"><small>It's super effective!</small><br></div><div class="battle-history"><small>(The opposing Glalie lost <abbr title="−67/301">22.3%</abbr> of its health!)</small><br></div><div class="spacer battle-history"><br></div><div class="battle-history">The opposing Glalie fainted!<br></div><div class="spacer battle-history"><br></div><div class="battle-history"><strong>j_bolginaski</strong> won the battle!<br></div></div><div class="inner-preempt"></div></div></div>
</div>
<script>
let daily = Math.floor(Date.now()/1000/60/60/24);document.write('<script src="https://play.pokemonshowdown.com/js/replay-embed.js?version'+daily+'"></'+'script>');
</script>
