<!DOCTYPE html>
<meta charset="utf-8" />
<!-- version 1 -->
<title>RU replay: xXLadySoleilXx vs. dylyupi</title>
<style>
html,body {font-family:Verdana, sans-serif;font-size:10pt;margin:0;padding:0;}body{padding:12px 0;} .battle-log {font-family:Verdana, sans-serif;font-size:10pt;} .battle-log-inline {border:1px solid #AAAAAA;background:#EEF2F5;color:black;max-width:640px;margin:0 auto 80px;padding-bottom:5px;} .battle-log .inner {padding:4px 8px 0px 8px;} .battle-log .inner-preempt {padding:0 8px 4px 8px;} .battle-log .inner-after {margin-top:0.5em;} .battle-log h2 {margin:0.5em -8px;padding:4px 8px;border:1px solid #AAAAAA;background:#E0E7EA;border-left:0;border-right:0;font-family:Verdana, sans-serif;font-size:13pt;} .battle-log .chat {vertical-align:middle;padding:3px 0 3px 0;font-size:8pt;} .battle-log .chat strong {color:#40576A;} .battle-log .chat em {padding:1px 4px 1px 3px;color:#000000;font-style:normal;} .chat.mine {background:rgba(0,0,0,0.05);margin-left:-8px;margin-right:-8px;padding-left:8px;padding-right:8px;} .spoiler {color:#BBBBBB;background:#BBBBBB;padding:0px 3px;} .spoiler:hover, .spoiler:active, .spoiler-shown {color:#000000;background:#E2E2E2;padding:0px 3px;} .spoiler a {color:#BBBBBB;} .spoiler:hover a, .spoiler:active a, .spoiler-shown a {color:#2288CC;} .chat code, .chat .spoiler:hover code, .chat .spoiler:active code, .chat .spoiler-shown code {border:1px solid #C0C0C0;background:#EEEEEE;color:black;padding:0 2px;} .chat .spoiler code {border:1px solid #CCCCCC;background:#CCCCCC;color:#CCCCCC;} .battle-log .rated {padding:3px 4px;} .battle-log .rated strong {color:white;background:#89A;padding:1px 4px;border-radius:4px;} .spacer {margin-top:0.5em;} .message-announce {background:#6688AA;color:white;padding:1px 4px 2px;} .message-announce a, .broadcast-green a, .broadcast-blue a, .broadcast-red a {color:#DDEEFF;} .broadcast-green {background-color:#559955;color:white;padding:2px 4px;} .broadcast-blue {background-color:#6688AA;color:white;padding:2px 4px;} .infobox {border:1px solid #6688AA;padding:2px 4px;} .infobox-limited {max-height:200px;overflow:auto;overflow-x:hidden;} .broadcast-red {background-color:#AA5544;color:white;padding:2px 4px;} .message-learn-canlearn {font-weight:bold;color:#228822;text-decoration:underline;} .message-learn-cannotlearn {font-weight:bold;color:#CC2222;text-decoration:underline;} .message-effect-weak {font-weight:bold;color:#CC2222;} .message-effect-resist {font-weight:bold;color:#6688AA;} .message-effect-immune {font-weight:bold;color:#666666;} .message-learn-list {margin-top:0;margin-bottom:0;} .message-throttle-notice, .message-error {color:#992222;} .message-overflow, .chat small.message-overflow {font-size:0pt;} .message-overflow::before {font-size:9pt;content:'...';} .subtle {color:#3A4A66;}
</style>
<div class="wrapper replay-wrapper" style="max-width:1180px;margin:0 auto">
<input type="hidden" name="replayid" value="ru-490640314" />
<div class="battle"></div><div class="battle-log"></div><div class="replay-controls"></div><div class="replay-controls-2"></div>
<h1 style="font-weight:normal;text-align:center"><strong>RU</strong><br /><a href="http://pokemonshowdown.com/users/xxladysoleilxx" class="subtle" target="_blank">xXLadySoleilXx</a> vs. <a href="http://pokemonshowdown.com/users/dylyupi" class="subtle" target="_blank">dylyupi</a></h1>
<script type="text/plain" class="battle-log-data">|j|xXLadySoleilXx
|j|dylyupi
|player|p1|xXLadySoleilXx|34
|player|p2|dylyupi|184
|gametype|singles
|gen|6
|tier|RU
|rated
|seed|14225,40093,9046,22418
|rule|Sleep Clause Mod: Limit one foe put to sleep
|rule|Species Clause: Limit one of each Pokémon
|rule|OHKO Clause: OHKO moves are banned
|rule|Moody Clause: Moody is banned
|rule|Evasion Moves Clause: Evasion moves are banned
|rule|Endless Battle Clause: Forcing endless battles is banned
|rule|HP Percentage Mod: HP is shown in percentages
|clearpoke
|poke|p1|Drapion, M, shiny|item
|poke|p1|Braviary, M|item
|poke|p1|Glalie, M|item
|poke|p1|Sigilyph, F|item
|poke|p1|Flygon, F|item
|poke|p1|Rhyperior, M, shiny|item
|poke|p2|Liepard, M, shiny|item
|poke|p2|Exeggutor, F, shiny|item
|poke|p2|Carracosta, M, shiny|item
|poke|p2|Arbok, M, shiny|item
|poke|p2|Sigilyph, F, shiny|item
|poke|p2|Marowak, M, shiny|item
|rule|Swagger Clause: Swagger is banned
|rule|Baton Pass Clause: Limit one Baton Passer, can't pass Spe and other stats simultaneously
|teampreview
|choice|team 1, team 2, team 3, team 4, team 5, team 6|team 1, team 2, team 3, team 4, team 5, team 6
|
|start
|switch|p1a: NOHRIAN SCUM|Drapion, M, shiny|281\/281
|switch|p2a: Liepard|Liepard, M, shiny|289\/289
|turn|1
|choice|move knockoff|move fakeout
|
|move|p2a: Liepard|Fake Out|p1a: NOHRIAN SCUM
|-damage|p1a: NOHRIAN SCUM|259\/281
|cant|p1a: NOHRIAN SCUM|flinch
|
|-heal|p1a: NOHRIAN SCUM|276\/281|[from] item: Leftovers
|turn|2
|choice|move knockoff|move thunderwave
|
|move|p2a: Liepard|Thunder Wave|p1a: NOHRIAN SCUM
|-status|p1a: NOHRIAN SCUM|par
|move|p1a: NOHRIAN SCUM|Knock Off|p2a: Liepard
|-resisted|p2a: Liepard
|-damage|p2a: Liepard|194\/289
|-enditem|p2a: Liepard|Leftovers|[from] move: Knock Off|[of] p1a: NOHRIAN SCUM
|
|-heal|p1a: NOHRIAN SCUM|281\/281 par|[from] item: Leftovers
|turn|3
|choice|move poisonjab|switch 6
|
|switch|p2a: Marowak|Marowak, M, shiny|262\/262
|move|p1a: NOHRIAN SCUM|Poison Jab|p2a: Marowak
|-resisted|p2a: Marowak
|-damage|p2a: Marowak|203\/262
|
|turn|4
|choice|move knockoff|move substitute
|
|move|p2a: Marowak|Substitute|p2a: Marowak
|-start|p2a: Marowak|Substitute
|-damage|p2a: Marowak|138\/262
|move|p1a: NOHRIAN SCUM|Knock Off|p2a: Marowak
|-end|p2a: Marowak|Substitute
|
|turn|5
|choice|move knockoff|move bonemerang
|
|move|p2a: Marowak|Bonemerang|p1a: NOHRIAN SCUM
|-supereffective|p1a: NOHRIAN SCUM
|-damage|p1a: NOHRIAN SCUM|29\/281 par
|-supereffective|p1a: NOHRIAN SCUM
|-damage|p1a: NOHRIAN SCUM|0 fnt
|-hitcount|p1a: NOHRIAN SCUM|2
|faint|p1a: NOHRIAN SCUM
|
|choice|switch 3|
|
|switch|p1a: Ice Ball|Glalie, M|301\/301
|turn|6
|choice|move freezedry mega|move stoneedge
|
|detailschange|p1a: Ice Ball|Glalie-Mega, M
|-mega|p1a: Ice Ball|Glalie|Glalitite
|move|p1a: Ice Ball|Freeze-Dry|p2a: Marowak
|-supereffective|p2a: Marowak
|-damage|p2a: Marowak|0 fnt
|faint|p2a: Marowak
|
|choice||switch 3
|
|switch|p2a: Carracosta|Carracosta, M, shiny|289\/289
|turn|7
|choice|move freezedry|move shellsmash
|
|move|p1a: Ice Ball|Freeze-Dry|p2a: Carracosta
|-supereffective|p2a: Carracosta
|-damage|p2a: Carracosta|97\/289
|move|p2a: Carracosta|Shell Smash|p2a: Carracosta
|-unboost|p2a: Carracosta|def|1
|-unboost|p2a: Carracosta|spd|1
|-boost|p2a: Carracosta|atk|2
|-boost|p2a: Carracosta|spa|2
|-boost|p2a: Carracosta|spe|2
|
|turn|8
|choice|move freezedry|move stoneedge
|
|move|p1a: Ice Ball|Freeze-Dry|p2a: Carracosta
|-supereffective|p2a: Carracosta
|-damage|p2a: Carracosta|0 fnt
|faint|p2a: Carracosta
|
|choice||switch 6
|
|switch|p2a: Liepard|Liepard, M, shiny|194\/289
|turn|9
|choice|move iceshard|move thunderwave
|
|move|p1a: Ice Ball|Ice Shard|p2a: Liepard
|-damage|p2a: Liepard|110\/289
|move|p2a: Liepard|Thunder Wave|p1a: Ice Ball
|-status|p1a: Ice Ball|par
|
|turn|10
|choice|move return|move foulplay
|
|move|p2a: Liepard|Foul Play|p1a: Ice Ball
|-crit|p1a: Ice Ball
|-damage|p1a: Ice Ball|0 fnt
|faint|p1a: Ice Ball
|
|choice|switch 5|
|
|switch|p1a: Chaos Kin|Flygon, F|301\/301
|turn|11
|choice|move firepunch|move foulplay
|
|move|p1a: Chaos Kin|Fire Punch|p2a: Liepard
|-damage|p2a: Liepard|13\/289
|move|p2a: Liepard|Foul Play|p1a: Chaos Kin
|-damage|p1a: Chaos Kin|130\/301
|
|turn|12
|choice|move firepunch|move foulplay
|
|move|p1a: Chaos Kin|Fire Punch|p2a: Liepard
|-damage|p2a: Liepard|0 fnt
|faint|p2a: Liepard
|
|choice||switch 5
|
|switch|p2a: Sigilyph|Sigilyph, F, shiny|348\/348
|turn|13
|choice|move rockslide|move psychoshift
|
|move|p1a: Chaos Kin|Rock Slide|p2a: Sigilyph
|-supereffective|p2a: Sigilyph
|-damage|p2a: Sigilyph|178\/348
|move|p2a: Sigilyph|Psycho Shift|p1a: Chaos Kin
|-fail|p1a: Chaos Kin
|
|-status|p2a: Sigilyph|brn|[from] item: Flame Orb
|turn|14
|choice|move rockslide|move cosmicpower
|
|move|p1a: Chaos Kin|Rock Slide|p2a: Sigilyph|[miss]
|-miss|p1a: Chaos Kin|p2a: Sigilyph
|move|p2a: Sigilyph|Cosmic Power|p2a: Sigilyph
|-boost|p2a: Sigilyph|def|1
|-boost|p2a: Sigilyph|spd|1
|
|turn|15
|choice|move rockslide|move roost
|
|move|p1a: Chaos Kin|Rock Slide|p2a: Sigilyph
|-supereffective|p2a: Sigilyph
|-damage|p2a: Sigilyph|56\/348 brn
|move|p2a: Sigilyph|Roost|p2a: Sigilyph
|-heal|p2a: Sigilyph|230\/348 brn
|
|turn|16
|choice|move rockslide|move cosmicpower
|
|move|p1a: Chaos Kin|Rock Slide|p2a: Sigilyph
|-supereffective|p2a: Sigilyph
|-damage|p2a: Sigilyph|100\/348 brn
|cant|p2a: Sigilyph|flinch
|
|turn|17
|choice|move rockslide|move roost
|
|move|p1a: Chaos Kin|Rock Slide|p2a: Sigilyph
|-supereffective|p2a: Sigilyph
|-damage|p2a: Sigilyph|0 fnt
|faint|p2a: Sigilyph
|
|choice||switch 4
|
|switch|p2a: Arbok|Arbok, M, shiny|261\/261
|turn|18
|choice|move earthquake|move coil
|
|move|p1a: Chaos Kin|Earthquake|p2a: Arbok
|-supereffective|p2a: Arbok
|-damage|p2a: Arbok|0 fnt
|faint|p2a: Arbok
|
|choice||switch 2
|
|switch|p2a: Exeggutor|Exeggutor, F, shiny|394\/394
|turn|19
|choice|move firepunch|move leechseed
|
|move|p1a: Chaos Kin|Fire Punch|p2a: Exeggutor
|-supereffective|p2a: Exeggutor
|-damage|p2a: Exeggutor|262\/394
|move|p2a: Exeggutor|Leech Seed|p1a: Chaos Kin
|-start|p1a: Chaos Kin|move: Leech Seed
|
|-damage|p1a: Chaos Kin|93\/301|[from] Leech Seed|[of] p2a: Exeggutor
|-heal|p2a: Exeggutor|299\/394|[silent]
|turn|20
|choice|move firepunch|move substitute
|
|move|p1a: Chaos Kin|Fire Punch|p2a: Exeggutor
|-supereffective|p2a: Exeggutor
|-damage|p2a: Exeggutor|173\/394
|-enditem|p2a: Exeggutor|Sitrus Berry|[eat]
|-heal|p2a: Exeggutor|271\/394|[from] item: Sitrus Berry
|move|p2a: Exeggutor|Substitute|p2a: Exeggutor
|-start|p2a: Exeggutor|Substitute
|-damage|p2a: Exeggutor|173\/394
|
|-damage|p1a: Chaos Kin|56\/301|[from] Leech Seed|[of] p2a: Exeggutor
|-heal|p2a: Exeggutor|210\/394|[silent]
|turn|21
|choice|move firepunch|move psychic
|
|move|p1a: Chaos Kin|Fire Punch|p2a: Exeggutor
|-supereffective|p2a: Exeggutor
|-end|p2a: Exeggutor|Substitute
|move|p2a: Exeggutor|Psychic|p1a: Chaos Kin
|-damage|p1a: Chaos Kin|0 fnt
|faint|p1a: Chaos Kin
|
|choice|switch 2|
|
|switch|p1a: MURICABIRB|Braviary, M|403\/403
|turn|22
|choice|move pluck|move leechseed
|
|move|p1a: MURICABIRB|Pluck|p2a: Exeggutor
|-supereffective|p2a: Exeggutor
|-damage|p2a: Exeggutor|10\/394
|move|p2a: Exeggutor|Leech Seed|p1a: MURICABIRB
|-start|p1a: MURICABIRB|move: Leech Seed
|
|-damage|p1a: MURICABIRB|353\/403|[from] Leech Seed|[of] p2a: Exeggutor
|-heal|p2a: Exeggutor|60\/394|[silent]
|-item|p2a: Exeggutor|Sitrus Berry|[from] ability: Harvest
|-enditem|p2a: Exeggutor|Sitrus Berry|[eat]
|-heal|p2a: Exeggutor|158\/394|[from] item: Sitrus Berry
|turn|23
|choice|move pluck|move protect
|
|move|p2a: Exeggutor|Protect|p2a: Exeggutor
|-singleturn|p2a: Exeggutor|Protect
|move|p1a: MURICABIRB|Pluck|p2a: Exeggutor
|-activate|p2a: Exeggutor|move: Protect
|
|-heal|p1a: MURICABIRB|378\/403|[from] item: Leftovers
|-damage|p1a: MURICABIRB|328\/403|[from] Leech Seed|[of] p2a: Exeggutor
|-heal|p2a: Exeggutor|208\/394|[silent]
|turn|24
|choice|move pluck|move substitute
|
|move|p1a: MURICABIRB|Pluck|p2a: Exeggutor
|-supereffective|p2a: Exeggutor
|-damage|p2a: Exeggutor|4\/394
|move|p2a: Exeggutor|Substitute|p2a: Exeggutor
|-fail|p2a: Exeggutor|move: Substitute|[weak]
|
|-heal|p1a: MURICABIRB|353\/403|[from] item: Leftovers
|-damage|p1a: MURICABIRB|303\/403|[from] Leech Seed|[of] p2a: Exeggutor
|-heal|p2a: Exeggutor|54\/394|[silent]
|turn|25
|choice|move pluck|move protect
|
|move|p2a: Exeggutor|Protect|p2a: Exeggutor
|-singleturn|p2a: Exeggutor|Protect
|move|p1a: MURICABIRB|Pluck|p2a: Exeggutor
|-activate|p2a: Exeggutor|move: Protect
|
|-heal|p1a: MURICABIRB|328\/403|[from] item: Leftovers
|-damage|p1a: MURICABIRB|278\/403|[from] Leech Seed|[of] p2a: Exeggutor
|-heal|p2a: Exeggutor|104\/394|[silent]
|turn|26
|choice|move pluck|move substitute
|
|move|p1a: MURICABIRB|Pluck|p2a: Exeggutor
|-supereffective|p2a: Exeggutor
|-damage|p2a: Exeggutor|0 fnt
|faint|p2a: Exeggutor
|
|win|xXLadySoleilXx
|player|p1
|player|p2
|c|★xXLadySoleilXx|gg
|c|★dylyupi|gg</script>
</div>
<div class="battle-log battle-log-inline"><div class="inner"><div class="battle-options"></div><div class="inner"><div class="chat"><small>xXLadySoleilXx joined.</small></div><div class="chat"><small>dylyupi joined.</small></div><div class=""><small>Format:</small> <br><strong>RU</strong></div><div class="rated"><strong>Rated battle</strong></div><div class=""><small><em>Sleep Clause Mod:</em> Limit one foe put to sleep</small></div><div class=""><small><em>Species Clause:</em> Limit one of each Pokémon</small></div><div class=""><small><em>OHKO Clause:</em> OHKO moves are banned</small></div><div class=""><small><em>Moody Clause:</em> Moody is banned</small></div><div class=""><small><em>Evasion Moves Clause:</em> Evasion moves are banned</small></div><div class=""><small><em>Endless Battle Clause:</em> Forcing endless battles is banned</small></div><div class=""><small><em>HP Percentage Mod:</em> HP is shown in percentages</small></div><div class=""><small><em>Swagger Clause:</em> Swagger is banned</small></div><div class=""><small><em>Baton Pass Clause:</em> Limit one Baton Passer, can't pass Spe and other stats simultaneously</small></div><div class="chat battle-history"><strong>xXLadySoleilXx's team:</strong> <em style="color:#445566;display:block;">Drapion / Braviary / Glalie / Sigilyph / Flygon / Rhyperior</em></div><div class="chat battle-history"><strong>dylyupi's team:</strong> <em style="color:#445566;display:block;">Liepard / Exeggutor / Carracosta / Arbok / Sigilyph / Marowak</em></div><div class="spacer battle-history"><br></div><div class="battle-history">Battle started between xXLadySoleilXx and dylyupi!<br></div><div class="spacer battle-history"><br></div><div class="battle-history">Go! NOHRIAN SCUM (<strong>Drapion</strong>)!<br></div><div class="spacer battle-history"><br></div><div class="battle-history">dylyupi sent out <strong>Liepard</strong>!<br></div><div class="spacer battle-history"><br></div><h2 class="battle-history">Turn 1</h2><div class="spacer battle-history"><br></div><div class="battle-history">The opposing Liepard used <strong>Fake Out</strong>!<br></div><div class="battle-history"><small>(NOHRIAN SCUM lost <abbr title="−22/281">7.8%</abbr> of its health!)</small><br></div><div class="spacer battle-history"><br></div><div class="battle-history">NOHRIAN SCUM flinched and couldn't move!<br></div><div class="spacer battle-history"><br></div><div class="battle-history"><small>NOHRIAN SCUM restored a little HP using its Leftovers!</small><br></div><div class="spacer battle-history"><br></div><h2 class="battle-history">Turn 2</h2><div class="spacer battle-history"><br></div><div class="battle-history">The opposing Liepard used <strong>Thunder Wave</strong>!<br></div><div class="battle-history"><small>NOHRIAN SCUM is paralyzed! It may be unable to move!</small><br></div><div class="spacer battle-history"><br></div><div class="battle-history">NOHRIAN SCUM used <strong>Knock Off</strong>!<br></div><div class="battle-history"><small>It's not very effective...</small><br></div><div class="battle-history"><small>(The opposing Liepard lost <abbr title="−95/289">32.9%</abbr> of its health!)</small><br></div><div class="battle-history"><small>NOHRIAN SCUM knocked off the opposing Liepard's Leftovers!</small><br></div><div class="spacer battle-history"><br></div><div class="battle-history"><small>NOHRIAN SCUM restored a little HP using its Leftovers!</small><br></div><div class="spacer battle-history"><br></div><h2 class="battle-history">Turn 3</h2><div class="spacer battle-history"><br></div><div class="battle-history">dylyupi withdrew Liepard!<br></div><div class="battle-history">dylyupi sent out <strong>Marowak</strong>!<br></div><div class="spacer battle-history"><br></div><div class="battle-history">NOHRIAN SCUM used <strong>Poison Jab</strong>!<br></div><div class="battle-history"><small>It's not very effective...</small><br></div><div class="battle-history"><small>(The opposing Marowak lost <abbr title="−59/262">22.5%</abbr> of its health!)</small><br></div><div class="spacer battle-history"><br></div><h2 class="battle-history">Turn 4</h2><div class="spacer battle-history"><br></div><div class="battle-history">The opposing Marowak used <strong>Substitute</strong>!<br></div><div class="battle-history"><small>The opposing Marowak put in a substitute!</small><br></div><div class="battle-history"><small>(The opposing Marowak lost <abbr title="−65/262">24.8%</abbr> of its health!)</small><br></div><div class="spacer battle-history"><br></div><div class="battle-history">NOHRIAN SCUM used <strong>Knock Off</strong>!<br></div><div class="battle-history"><small>The opposing Marowak's substitute faded!</small><br></div><div class="spacer battle-history"><br></div><h2 class="battle-history">Turn 5</h2><div class="spacer battle-history"><br></div><div class="battle-history">The opposing Marowak used <strong>Bonemerang</strong>!<br></div><div class="battle-history"><small>It's super effective!</small><br></div><div class="battle-history"><small>(NOHRIAN SCUM lost <abbr title="−252/281">89.7%</abbr> of its health!)</small><br></div><div class="battle-history"><small>It's super effective!</small><br></div><div class="battle-history"><small>(NOHRIAN SCUM lost <abbr title="−29/281">10.3%</abbr> of its health!)</small><br></div><div class="battle-history"><small>Hit 2 times!</small><br></div><div class="spacer battle-history"><br></div><div class="battle-history">NOHRIAN SCUM fainted!<br></div><div class="spacer battle-history"><br></div><div class="battle-history">Go! Ice Ball (<strong>Glalie</strong>)!<br></div><div class="spacer battle-history"><br></div><h2 class="battle-history">Turn 6</h2><div class="spacer battle-history"><br></div><div class="battle-history"><small>Ice Ball's Glalitite is reacting to xXLadySoleilXx's Mega Bracelet!</small><br>Ice Ball has Mega Evolved into Mega Glalie!<br></div><div class="spacer battle-history"><br></div><div class="battle-history">Ice Ball used <strong>Freeze-Dry</strong>!<br></div><div class="battle-history"><small>It's super effective!</small><br></div><div class="battle-history"><small>(The opposing Marowak lost <abbr title="−138/262">52.7%</abbr> of its health!)</small><br></div><div class="spacer battle-history"><br></div><div class="battle-history">The opposing Marowak fainted!<br></div><div class="spacer battle-history"><br></div><div class="battle-history">dylyupi sent out <strong>Carracosta</strong>!<br></div><div class="spacer battle-history"><br></div><h2 class="battle-history">Turn 7</h2><div class="spacer battle-history"><br></div><div class="battle-history">Ice Ball used <strong>Freeze-Dry</strong>!<br></div><div class="battle-history"><small>It's super effective!</small><br></div><div class="battle-history"><small>(The opposing Carracosta lost <abbr title="−192/289">66.4%</abbr> of its health!)</small><br></div><div class="spacer battle-history"><br></div><div class="battle-history">The opposing Carracosta used <strong>Shell Smash</strong>!<br></div><div class="battle-history"><small>The opposing Carracosta's Defense fell!</small><br></div><div class="battle-history"><small>The opposing Carracosta's Special Defense fell!</small><br></div><div class="battle-history"><small>The opposing Carracosta's Attack rose sharply!</small><br></div><div class="battle-history"><small>The opposing Carracosta's Special Attack rose sharply!</small><br></div><div class="battle-history"><small>The opposing Carracosta's Speed rose sharply!</small><br></div><div class="spacer battle-history"><br></div><h2 class="battle-history">Turn 8</h2><div class="spacer battle-history"><br></div><div class="battle-history">Ice Ball used <strong>Freeze-Dry</strong>!<br></div><div class="battle-history"><small>It's super effective!</small><br></div><div class="battle-history"><small>(The opposing Carracosta lost <abbr title="−97/289">33.6%</abbr> of its health!)</small><br></div><div class="spacer battle-history"><br></div><div class="battle-history">The opposing Carracosta fainted!<br></div><div class="spacer battle-history"><br></div><div class="battle-history">dylyupi sent out <strong>Liepard</strong>!<br></div><div class="spacer battle-history"><br></div><h2 class="battle-history">Turn 9</h2><div class="spacer battle-history"><br></div><div class="battle-history">Ice Ball used <strong>Ice Shard</strong>!<br></div><div class="battle-history"><small>(The opposing Liepard lost <abbr title="−84/289">29.1%</abbr> of its health!)</small><br></div><div class="spacer battle-history"><br></div><div class="battle-history">The opposing Liepard used <strong>Thunder Wave</strong>!<br></div><div class="battle-history"><small>Ice Ball is paralyzed! It may be unable to move!</small><br></div><div class="spacer battle-history"><br></div><h2 class="battle-history">Turn 10</h2><div class="spacer battle-history"><br></div><div class="battle-history">The opposing Liepard used <strong>Foul Play</strong>!<br></div><div class="battle-history"><small>A critical hit!</small><br></div><div class="battle-history"><small>(Ice Ball lost <abbr title="−301/301">100%</abbr> of its health!)</small><br></div><div class="spacer battle-history"><br></div><div class="battle-history">Ice Ball fainted!<br></div><div class="spacer battle-history"><br></div><div class="battle-history">Go! Chaos Kin (<strong>Flygon</strong>)!<br></div><div class="spacer battle-history"><br></div><h2 class="battle-history">Turn 11</h2><div class="spacer battle-history"><br></div><div class="battle-history">Chaos Kin used <strong>Fire Punch</strong>!<br></div><div class="battle-history"><small>(The opposing Liepard lost <abbr title="−97/289">33.6%</abbr> of its health!)</small><br></div><div class="spacer battle-history"><br></div><div class="battle-history">The opposing Liepard used <strong>Foul Play</strong>!<br></div><div class="battle-history"><small>(Chaos Kin lost <abbr title="−171/301">56.8%</abbr> of its health!)</small><br></div><div class="spacer battle-history"><br></div><h2 class="battle-history">Turn 12</h2><div class="spacer battle-history"><br></div><div class="battle-history">Chaos Kin used <strong>Fire Punch</strong>!<br></div><div class="battle-history"><small>(The opposing Liepard lost <abbr title="−13/289">4.5%</abbr> of its health!)</small><br></div><div class="spacer battle-history"><br></div><div class="battle-history">The opposing Liepard fainted!<br></div><div class="spacer battle-history"><br></div><div class="battle-history">dylyupi sent out <strong>Sigilyph</strong>!<br></div><div class="spacer battle-history"><br></div><h2 class="battle-history">Turn 13</h2><div class="spacer battle-history"><br></div><div class="battle-history">Chaos Kin used <strong>Rock Slide</strong>!<br></div><div class="battle-history"><small>It's super effective!</small><br></div><div class="battle-history"><small>(The opposing Sigilyph lost <abbr title="−170/348">48.9%</abbr> of its health!)</small><br></div><div class="spacer battle-history"><br></div><div class="battle-history">The opposing Sigilyph used <strong>Psycho Shift</strong>!<br></div><div class="battle-history"><small>But it failed!</small><br></div><div class="spacer battle-history"><br></div><div class="battle-history"><small>The opposing Sigilyph was burned!</small><br></div><div class="spacer battle-history"><br></div><h2 class="battle-history">Turn 14</h2><div class="spacer battle-history"><br></div><div class="battle-history">Chaos Kin used <strong>Rock Slide</strong>!<br></div><div class="battle-history"><small>The opposing Sigilyph avoided the attack!</small><br></div><div class="spacer battle-history"><br></div><div class="battle-history">The opposing Sigilyph used <strong>Cosmic Power</strong>!<br></div><div class="battle-history"><small>The opposing Sigilyph's Defense rose!</small><br></div><div class="battle-history"><small>The opposing Sigilyph's Special Defense rose!</small><br></div><div class="spacer battle-history"><br></div><h2 class="battle-history">Turn 15</h2><div class="spacer battle-history"><br></div><div class="battle-history">Chaos Kin used <strong>Rock Slide</strong>!<br></div><div class="battle-history"><small>It's super effective!</small><br></div><div class="battle-history"><small>(The opposing Sigilyph lost <abbr title="−122/348">35.1%</abbr> of its health!)</small><br></div><div class="spacer battle-history"><br></div><div class="battle-history">The opposing Sigilyph used <strong>Roost</strong>!<br></div><div class="battle-history"><small>The opposing Sigilyph restored its HP.</small><br></div><div class="spacer battle-history"><br></div><h2 class="battle-history">Turn 16</h2><div class="spacer battle-history"><br></div><div class="battle-history">Chaos Kin used <strong>Rock Slide</strong>!<br></div><div class="battle-history"><small>It's super effective!</small><br></div><div class="battle-history"><small>(The opposing Sigilyph lost <abbr title="−130/348">37.4%</abbr> of its health!)</small><br></div><div class="spacer battle-history"><br></div><div class="battle-history">The opposing Sigilyph flinched and couldn't move!<br></div><div class="spacer battle-history"><br></div><h2 class="battle-history">Turn 17</h2><div class="spacer battle-history"><br></div><div class="battle-history">Chaos Kin used <strong>Rock Slide</strong>!<br></div><div class="battle-history"><small>It's super effective!</small><br></div><div class="battle-history"><small>(The opposing Sigilyph lost <abbr title="−100/348">28.7%</abbr> of its health!)</small><br></div><div class="spacer battle-history"><br></div><div class="battle-history">The opposing Sigilyph fainted!<br></div><div class="spacer battle-history"><br></div><div class="battle-history">dylyupi sent out <strong>Arbok</strong>!<br></div><div class="spacer battle-history"><br></div><h2 class="battle-history">Turn 18</h2><div class="spacer battle-history"><br></div><div class="battle-history">Chaos Kin used <strong>Earthquake</strong>!<br></div><div class="battle-history"><small>It's super effective!</small><br></div><div class="battle-history"><small>(The opposing Arbok lost <abbr title="−261/261">100%</abbr> of its health!)</small><br></div><div class="spacer battle-history"><br></div><div class="battle-history">The opposing Arbok fainted!<br></div><div class="spacer battle-history"><br></div><div class="battle-history">dylyupi sent out <strong>Exeggutor</strong>!<br></div><div class="spacer battle-history"><br></div><h2 class="battle-history">Turn 19</h2><div class="spacer battle-history"><br></div><div class="battle-history">Chaos Kin used <strong>Fire Punch</strong>!<br></div><div class="battle-history"><small>It's super effective!</small><br></div><div class="battle-history"><small>(The opposing Exeggutor lost <abbr title="−132/394">33.5%</abbr> of its health!)</small><br></div><div class="spacer battle-history"><br></div><div class="battle-history">The opposing Exeggutor used <strong>Leech Seed</strong>!<br></div><div class="battle-history"><small>Chaos Kin was seeded!</small><br></div><div class="spacer battle-history"><br></div><div class="battle-history"><small>Chaos Kin's health is sapped by Leech Seed!</small><br></div><div class="spacer battle-history"><br></div><h2 class="battle-history">Turn 20</h2><div class="spacer battle-history"><br></div><div class="battle-history">Chaos Kin used <strong>Fire Punch</strong>!<br></div><div class="battle-history"><small>It's super effective!</small><br></div><div class="battle-history"><small>(The opposing Exeggutor lost <abbr title="−126/394">32.0%</abbr> of its health!)</small><br></div><div class="battle-history"><small>The opposing Exeggutor ate its Sitrus Berry!</small><br></div><div class="battle-history"><small>The opposing Exeggutor restored HP using its Sitrus Berry!</small><br></div><div class="spacer battle-history"><br></div><div class="battle-history">The opposing Exeggutor used <strong>Substitute</strong>!<br></div><div class="battle-history"><small>The opposing Exeggutor put in a substitute!</small><br></div><div class="battle-history"><small>(The opposing Exeggutor lost <abbr title="−98/394">24.9%</abbr> of its health!)</small><br></div><div class="spacer battle-history"><br></div><div class="battle-history"><small>Chaos Kin's health is sapped by Leech Seed!</small><br></div><div class="spacer battle-history"><br></div><h2 class="battle-history">Turn 21</h2><div class="spacer battle-history"><br></div><div class="battle-history">Chaos Kin used <strong>Fire Punch</strong>!<br></div><div class="battle-history"><small>It's super effective!</small><br></div><div class="battle-history"><small>The opposing Exeggutor's substitute faded!</small><br></div><div class="spacer battle-history"><br></div><div class="battle-history">The opposing Exeggutor used <strong>Psychic</strong>!<br></div><div class="battle-history"><small>(Chaos Kin lost <abbr title="−56/301">18.6%</abbr> of its health!)</small><br></div><div class="spacer battle-history"><br></div><div class="battle-history">Chaos Kin fainted!<br></div><div class="spacer battle-history"><br></div><div class="battle-history">Go! MURICABIRB (<strong>Braviary</strong>)!<br></div><div class="spacer battle-history"><br></div><h2 class="battle-history">Turn 22</h2><div class="spacer battle-history"><br></div><div class="battle-history">MURICABIRB used <strong>Pluck</strong>!<br></div><div class="battle-history"><small>It's super effective!</small><br></div><div class="battle-history"><small>(The opposing Exeggutor lost <abbr title="−200/394">50.8%</abbr> of its health!)</small><br></div><div class="spacer battle-history"><br></div><div class="battle-history">The opposing Exeggutor used <strong>Leech Seed</strong>!<br></div><div class="battle-history"><small>MURICABIRB was seeded!</small><br></div><div class="spacer battle-history"><br></div><div class="battle-history"><small>MURICABIRB's health is sapped by Leech Seed!</small><br></div><div class="battle-history"><small>[The opposing Exeggutor's Harvest]</small><br><small>The opposing Exeggutor harvested one Sitrus Berry!</small><br></div><div class="battle-history"><small>The opposing Exeggutor ate its Sitrus Berry!</small><br></div><div class="battle-history"><small>The opposing Exeggutor restored HP using its Sitrus Berry!</small><br></div><div class="spacer battle-history"><br></div><h2 class="battle-history">Turn 23</h2><div class="spacer battle-history"><br></div><div class="battle-history">The opposing Exeggutor used <strong>Protect</strong>!<br></div><div class="battle-history"><small>The opposing Exeggutor protected itself!</small><br></div><div class="spacer battle-history"><br></div><div class="battle-history">MURICABIRB used <strong>Pluck</strong>!<br></div><div class="battle-history"><small>The opposing Exeggutor protected itself!</small><br></div><div class="spacer battle-history"><br></div><div class="battle-history"><small>MURICABIRB restored a little HP using its Leftovers!</small><br></div><div class="battle-history"><small>MURICABIRB's health is sapped by Leech Seed!</small><br></div><div class="spacer battle-history"><br></div><h2 class="battle-history">Turn 24</h2><div class="spacer battle-history"><br></div><div class="battle-history">MURICABIRB used <strong>Pluck</strong>!<br></div><div class="battle-history"><small>It's super effective!</small><br></div><div class="battle-history"><small>(The opposing Exeggutor lost <abbr title="−204/394">51.8%</abbr> of its health!)</small><br></div><div class="spacer battle-history"><br></div><div class="battle-history">The opposing Exeggutor used <strong>Substitute</strong>!<br></div><div class="battle-history"><small>But it does not have enough HP left to make a substitute!</small><br></div><div class="spacer battle-history"><br></div><div class="battle-history"><small>MURICABIRB restored a little HP using its Leftovers!</small><br></div><div class="battle-history"><small>MURICABIRB's health is sapped by Leech Seed!</small><br></div><div class="spacer battle-history"><br></div><h2 class="battle-history">Turn 25</h2><div class="spacer battle-history"><br></div><div class="battle-history">The opposing Exeggutor used <strong>Protect</strong>!<br></div><div class="battle-history"><small>The opposing Exeggutor protected itself!</small><br></div><div class="spacer battle-history"><br></div><div class="battle-history">MURICABIRB used <strong>Pluck</strong>!<br></div><div class="battle-history"><small>The opposing Exeggutor protected itself!</small><br></div><div class="spacer battle-history"><br></div><div class="battle-history"><small>MURICABIRB restored a little HP using its Leftovers!</small><br></div><div class="battle-history"><small>MURICABIRB's health is sapped by Leech Seed!</small><br></div><div class="spacer battle-history"><br></div><h2 class="battle-history">Turn 26</h2><div class="spacer battle-history"><br></div><div class="battle-history">MURICABIRB used <strong>Pluck</strong>!<br></div><div class="battle-history"><small>It's super effective!</small><br></div><div class="battle-history"><small>(The opposing Exeggutor lost <abbr title="−104/394">26.4%</abbr> of its health!)</small><br></div><div class="spacer battle-history"><br></div><div class="battle-history">The opposing Exeggutor fainted!<br></div><div class="spacer battle-history"><br></div><div class="battle-history"><strong>xXLadySoleilXx</strong> won the battle!<br></div><div class="chat chatmessage-xxladysoleilxx"><strong style="color:hsl(12,48%,48.297437781494985%)"><small>★</small><span class="username" data-name="xXLadySoleilXx">xXLadySoleilXx</span>:</strong> <em>gg</em></div><div class="chat chatmessage-dylyupi"><strong style="color:hsl(128,74%,37.38610369539565%)"><small>★</small><span class="username" data-name="dylyupi">dylyupi</span>:</strong> <em>gg</em></div></div><div class="inner-preempt"></div></div></div>
</div>
<script>
let daily = Math.floor(Date.now()/1000/60/60/24);document.write('<script src="https://play.pokemonshowdown.com/js/replay-embed.js?version'+daily+'"></'+'script>');
</script>
