<!DOCTYPE html>
<meta charset="utf-8" />
<!-- version 1 -->
<title>RU replay: fran #17 vs. sSantu</title>
<style>
html,body {font-family:Verdana, sans-serif;font-size:10pt;margin:0;padding:0;}body{padding:12px 0;} .battle-log {font-family:Verdana, sans-serif;font-size:10pt;} .battle-log-inline {border:1px solid #AAAAAA;background:#EEF2F5;color:black;max-width:640px;margin:0 auto 80px;padding-bottom:5px;} .battle-log .inner {padding:4px 8px 0px 8px;} .battle-log .inner-preempt {padding:0 8px 4px 8px;} .battle-log .inner-after {margin-top:0.5em;} .battle-log h2 {margin:0.5em -8px;padding:4px 8px;border:1px solid #AAAAAA;background:#E0E7EA;border-left:0;border-right:0;font-family:Verdana, sans-serif;font-size:13pt;} .battle-log .chat {vertical-align:middle;padding:3px 0 3px 0;font-size:8pt;} .battle-log .chat strong {color:#40576A;} .battle-log .chat em {padding:1px 4px 1px 3px;color:#000000;font-style:normal;} .chat.mine {background:rgba(0,0,0,0.05);margin-left:-8px;margin-right:-8px;padding-left:8px;padding-right:8px;} .spoiler {color:#BBBBBB;background:#BBBBBB;padding:0px 3px;} .spoiler:hover, .spoiler:active, .spoiler-shown {color:#000000;background:#E2E2E2;padding:0px 3px;} .spoiler a {color:#BBBBBB;} .spoiler:hover a, .spoiler:active a, .spoiler-shown a {color:#2288CC;} .chat code, .chat .spoiler:hover code, .chat .spoiler:active code, .chat .spoiler-shown code {border:1px solid #C0C0C0;background:#EEEEEE;color:black;padding:0 2px;} .chat .spoiler code {border:1px solid #CCCCCC;background:#CCCCCC;color:#CCCCCC;} .battle-log .rated {padding:3px 4px;} .battle-log .rated strong {color:white;background:#89A;padding:1px 4px;border-radius:4px;} .spacer {margin-top:0.5em;} .message-announce {background:#6688AA;color:white;padding:1px 4px 2px;} .message-announce a, .broadcast-green a, .broadcast-blue a, .broadcast-red a {color:#DDEEFF;} .broadcast-green {background-color:#559955;color:white;padding:2px 4px;} .broadcast-blue {background-color:#6688AA;color:white;padding:2px 4px;} .infobox {border:1px solid #6688AA;padding:2px 4px;} .infobox-limited {max-height:200px;overflow:auto;overflow-x:hidden;} .broadcast-red {background-color:#AA5544;color:white;padding:2px 4px;} .message-learn-canlearn {font-weight:bold;color:#228822;text-decoration:underline;} .message-learn-cannotlearn {font-weight:bold;color:#CC2222;text-decoration:underline;} .message-effect-weak {font-weight:bold;color:#CC2222;} .message-effect-resist {font-weight:bold;color:#6688AA;} .message-effect-immune {font-weight:bold;color:#666666;} .message-learn-list {margin-top:0;margin-bottom:0;} .message-throttle-notice, .message-error {color:#992222;} .message-overflow, .chat small.message-overflow {font-size:0pt;} .message-overflow::before {font-size:9pt;content:'...';} .subtle {color:#3A4A66;}
</style>
<div class="wrapper replay-wrapper" style="max-width:1180px;margin:0 auto">
<input type="hidden" name="replayid" value="ru-585951503" />
<div class="battle"></div><div class="battle-log"></div><div class="replay-controls"></div><div class="replay-controls-2"></div>
<h1 style="font-weight:normal;text-align:center"><strong>RU</strong><br /><a href="http://pokemonshowdown.com/users/fran17" class="subtle" target="_blank">fran #17</a> vs. <a href="http://pokemonshowdown.com/users/ssantu" class="subtle" target="_blank">sSantu</a></h1>
<script type="text/plain" class="battle-log-data">|j|fran #17
|j|sSantu
|player|p1|fran #17|201
|teamsize|p1|6
|player|p2|sSantu|122
|teamsize|p2|6
|gametype|singles
|gen|6
|tier|RU
|seed|12070,45574,11798,30706
|rule|Sleep Clause Mod: Limit one foe put to sleep
|rule|Species Clause: Limit one of each Pokémon
|rule|OHKO Clause: OHKO moves are banned
|rule|Moody Clause: Moody is banned
|rule|Evasion Moves Clause: Evasion moves are banned
|rule|Endless Battle Clause: Forcing endless battles is banned
|rule|HP Percentage Mod: HP is shown in percentages
|clearpoke
|poke|p1|Seismitoad, M|item
|poke|p1|Drapion, F|item
|poke|p1|Blastoise, M|item
|poke|p1|Aromatisse, M|item
|poke|p1|Bronzong|item
|poke|p1|Delphox, F|item
|poke|p2|Camerupt, M|item
|poke|p2|Rotom-Mow|item
|poke|p2|Diancie|item
|poke|p2|Slowking, F|item
|poke|p2|Sneasel, M|item
|poke|p2|Flygon, F|item
|rule|Swagger Clause: Swagger is banned
|rule|Baton Pass Clause: Limit one Baton Passer, can't pass Spe and other stats simultaneously
|teampreview
|c|☆sSantu|hf
|c|☆sSantu|visto che è la tua tier
|choice|team 1, team 2, team 3, team 4, team 5, team 6|team 2, team 1, team 3, team 4, team 5, team 6
|
|start
|switch|p1a: Seismitoad|Seismitoad, M|404\/404
|switch|p2a: Rotom|Rotom-Mow|240\/240
|turn|1
|choice|switch 2|move voltswitch
|
|switch|p1a: Drapion|Drapion, F|343\/343
|move|p2a: Rotom|Volt Switch|p1a: Drapion
|-damage|p1a: Drapion|229\/343
|j|Tricking
|choice||switch 2
|
|switch|p2a: Camerupt|Camerupt, M|343\/343
|
|-heal|p1a: Drapion|250\/343|[from] item: Black Sludge
|upkeep
|turn|2
|c| Tricking|hahha
|c| Tricking|vai santoo
|choice|switch 5|move earthpower mega
|
|switch|p1a: Bronzong|Bronzong|338\/338
|detailschange|p2a: Camerupt|Camerupt-Mega, M
|-mega|p2a: Camerupt|Camerupt|Cameruptite
|move|p2a: Camerupt|Earth Power|p1a: Bronzong
|-immune|p1a: Bronzong|[msg]|[from] ability: Levitate
|
|upkeep
|turn|3
|choice|switch 3|move earthpower
|
|switch|p1a: Blastoise|Blastoise, M|361\/361
|move|p2a: Camerupt|Earth Power|p1a: Blastoise
|-damage|p1a: Blastoise|126\/361
|
|-heal|p1a: Blastoise|148\/361|[from] item: Leftovers
|upkeep
|turn|4
|c|☆sSantu|?
|choice|switch 3|switch 2
|
|switch|p1a: Bronzong|Bronzong|338\/338
|switch|p2a: Rotom|Rotom-Mow|240\/240
|
|upkeep
|turn|5
|choice|switch 5|move voltswitch
|
|switch|p1a: Drapion|Drapion, F|250\/343
|move|p2a: Rotom|Volt Switch|p1a: Drapion
|-damage|p1a: Drapion|138\/343
|c|☆sSantu|ma prk questo rotom ha hp fly
|c|☆fran #17|per virizion ig
|choice||switch 2
|
|switch|p2a: Camerupt|Camerupt-Mega, M|343\/343
|
|-heal|p1a: Drapion|159\/343|[from] item: Black Sludge
|upkeep
|turn|6
|j|v0lca (~.^)
|choice|move toxicspikes|move earthpower
|
|move|p1a: Drapion|Toxic Spikes|p2a: Camerupt
|-sidestart|p2: sSantu|move: Toxic Spikes
|move|p2a: Camerupt|Earth Power|p1a: Drapion
|-supereffective|p1a: Drapion
|-damage|p1a: Drapion|0 fnt
|faint|p1a: Drapion
|
|upkeep
|choice|switch 2|
|
|switch|p1a: Seismitoad|Seismitoad, M|404\/404
|turn|7
|choice|move substitute|switch 2
|
|switch|p2a: Rotom|Rotom-Mow|240\/240
|move|p1a: Seismitoad|Substitute|p1a: Seismitoad
|-start|p1a: Seismitoad|Substitute
|-damage|p1a: Seismitoad|303\/404
|
|-heal|p1a: Seismitoad|328\/404|[from] item: Leftovers
|upkeep
|turn|8
|choice|move toxic|switch 6
|
|switch|p2a: Flygon|Flygon, F|301\/301
|move|p1a: Seismitoad|Toxic|p2a: Flygon
|-status|p2a: Flygon|tox
|
|-heal|p1a: Seismitoad|353\/404|[from] item: Leftovers
|-damage|p2a: Flygon|283\/301 tox|[from] psn
|upkeep
|turn|9
|j|Mainternet
|choice|move knockoff|move defog
|
|move|p2a: Flygon|Defog|p1a: Seismitoad
|-sideend|p2: sSantu|Toxic Spikes|[from] move: Defog|[of] p2a: Flygon
|move|p1a: Seismitoad|Knock Off|p2a: Flygon
|-damage|p2a: Flygon|189\/301 tox
|-enditem|p2a: Flygon|Life Orb|[from] move: Knock Off|[of] p1a: Seismitoad
|
|-heal|p1a: Seismitoad|378\/404|[from] item: Leftovers
|-damage|p2a: Flygon|153\/301 tox|[from] psn
|upkeep
|turn|10
|l|Mainternet
|c| Tricking|il frangot
|c| Tricking|che mago
|c| Tricking|ragazzi
|choice|switch 5|move uturn
|
|switch|p1a: Bronzong|Bronzong|338\/338
|move|p2a: Flygon|U-turn|p1a: Bronzong
|-damage|p1a: Bronzong|302\/338
|c| Tricking|qq
|choice||switch 2
|
|switch|p2a: Camerupt|Camerupt-Mega, M|343\/343
|
|-heal|p1a: Bronzong|323\/338|[from] item: Leftovers
|upkeep
|turn|11
|c|☆fran #17|ma che cazzo faii
|c|☆sSantu|?
|c|☆sSantu|cosa dovrei fare
|c|☆fran #17|mi davi un turno free
|c|☆fran #17|a casissimo
|c|☆sSantu|lol
|c|☆fran #17|dmeteor?
|c|☆fran #17|epower?
|choice|move stealthrock|move fireblast
|
|move|p2a: Camerupt|Fire Blast|p1a: Bronzong
|-supereffective|p1a: Bronzong
|-crit|p1a: Bronzong
|-damage|p1a: Bronzong|0 fnt
|faint|p1a: Bronzong
|
|upkeep
|c| Tricking|l'hai pigliata in culo caro frangot
|choice|switch 3|
|
|switch|p1a: Blastoise|Blastoise, M|148\/361
|turn|12
|c| Tricking|ecco
|c| Tricking|g
|c| Tricking|g
|c|☆fran #17|sì
|choice|move scald|switch 6
|
|switch|p2a: Rotom|Rotom-Mow|240\/240
|move|p1a: Blastoise|Scald|p2a: Rotom
|-resisted|p2a: Rotom
|-damage|p2a: Rotom|204\/240
|
|-heal|p1a: Blastoise|170\/361|[from] item: Leftovers
|upkeep
|turn|13
|c| v0lca (~.^)|gg
|c|☆fran #17|come quando ho perso da il tizio che aveva unghie nel nome
|c|☆sSantu|ce anche v0klca
|c| Tricking|caro frangot.
|c|☆sSantu|che mi ghosta
|c| v0lca (~.^)|sSantu come l'hai ribaltata
|c|☆sSantu|GGS
|c|☆fran #17|immagin
|choice|switch 6|move leafstorm
|
|switch|p1a: Delphox|Delphox, F|291\/291
|move|p2a: Rotom|Leaf Storm|p1a: Delphox
|-resisted|p1a: Delphox
|-damage|p1a: Delphox|192\/291
|-unboost|p2a: Rotom|spa|2
|
|-heal|p1a: Delphox|210\/291|[from] item: Leftovers
|upkeep
|turn|14
|c| v0lca (~.^)|questa non era
|choice|switch 6|switch 3
|
|switch|p2a: Diancie|Diancie|304\/304
|switch|p1a: Blastoise|Blastoise, M|170\/361
|
|-heal|p1a: Blastoise|192\/361|[from] item: Leftovers
|upkeep
|turn|15
|c| v0lca (~.^)|una mia
|c| v0lca (~.^)|mossa
|choice|move scald|switch 3
|
|switch|p2a: Rotom|Rotom-Mow|204\/240
|move|p1a: Blastoise|Scald|p2a: Rotom
|-resisted|p2a: Rotom
|-damage|p2a: Rotom|164\/240
|
|-heal|p1a: Blastoise|214\/361|[from] item: Leftovers
|upkeep
|turn|16
|c|☆fran #17|ma non bunra
|choice|switch 5|move leafstorm
|
|switch|p1a: Seismitoad|Seismitoad, M|378\/404
|move|p2a: Rotom|Leaf Storm|p1a: Seismitoad
|-supereffective|p1a: Seismitoad
|-damage|p1a: Seismitoad|0 fnt
|-unboost|p2a: Rotom|spa|2
|faint|p1a: Seismitoad
|
|upkeep
|c| Tricking|nnt
|c| Tricking|yea
|choice|switch 6|
|
|switch|p1a: Delphox|Delphox, F|210\/291
|turn|17
|c| Tricking|fukc the haters
|c|☆fran #17|g2
|c|☆fran #17|porto un team più serio
|c| Tricking|ma 6-0 prpr così
|c| Tricking|ok.
|j|renato2004
|j|wonderchoose
|choice|move calmmind|switch 3
|
|switch|p2a: Diancie|Diancie|304\/304
|move|p1a: Delphox|Calm Mind|p1a: Delphox
|-boost|p1a: Delphox|spa|1
|-boost|p1a: Delphox|spd|1
|
|-heal|p1a: Delphox|228\/291|[from] item: Leftovers
|upkeep
|turn|18
|choice|move psyshock|move diamondstorm
|
|move|p1a: Delphox|Psyshock|p2a: Diancie
|-damage|p2a: Diancie|178\/304
|move|p2a: Diancie|Diamond Storm|p1a: Delphox
|-supereffective|p1a: Delphox
|-damage|p1a: Delphox|0 fnt
|-boost|p2a: Diancie|def|1
|faint|p1a: Delphox
|
|-heal|p2a: Diancie|197\/304|[from] item: Leftovers
|upkeep
|choice|switch 5|
|
|switch|p1a: Blastoise|Blastoise, M|214\/361
|turn|19
|j|GreenShadowKiller
|j|Fin8192
|j|ThaRam
|c| wonderchoose|Ciao Tricking <3
|choice|move scald|move moonblast
|
|move|p1a: Blastoise|Scald|p2a: Diancie
|-supereffective|p2a: Diancie
|-damage|p2a: Diancie|107\/304
|-status|p2a: Diancie|brn
|move|p2a: Diancie|Moonblast|p1a: Blastoise
|-damage|p1a: Blastoise|111\/361
|
|-heal|p1a: Blastoise|133\/361|[from] item: Leftovers
|-heal|p2a: Diancie|126\/304 brn|[from] item: Leftovers
|-damage|p2a: Diancie|88\/304 brn|[from] brn
|upkeep
|turn|20
|j|coinboy ミ☆
|c| renato2004|BURNED
|c| v0lca (~.^)|PRESERVA
|c| v0lca (~.^)|IL
|c| v0lca (~.^)|6-0
|choice|move signalbeam|move moonblast
|
|move|p1a: Blastoise|Signal Beam|p2a: Diancie
|-resisted|p2a: Diancie
|-damage|p2a: Diancie|75\/304 brn
|move|p2a: Diancie|Moonblast|p1a: Blastoise
|-damage|p1a: Blastoise|24\/361
|
|-heal|p1a: Blastoise|46\/361|[from] item: Leftovers
|-heal|p2a: Diancie|94\/304 brn|[from] item: Leftovers
|-damage|p2a: Diancie|56\/304 brn|[from] brn
|upkeep
|turn|21
|c| coinboy ミ☆|fammi voice
|c|☆fran #17|3
|choice|move scald|switch 3
|
|switch|p2a: Rotom|Rotom-Mow|164\/240
|move|p1a: Blastoise|Scald|p2a: Rotom
|-resisted|p2a: Rotom
|-damage|p2a: Rotom|107\/240
|
|-heal|p1a: Blastoise|68\/361|[from] item: Leftovers
|upkeep
|turn|22
|c|☆fran #17|niente
|c|☆fran #17|non burnerà
|c|☆fran #17|mai
|choice|switch 4|move voltswitch
|
|switch|p1a: Aromatisse|Aromatisse, M|405\/405
|move|p2a: Rotom|Volt Switch|p1a: Aromatisse
|-damage|p1a: Aromatisse|284\/405
|choice||switch 6
|
|switch|p2a: Camerupt|Camerupt-Mega, M|343\/343
|
|-heal|p1a: Aromatisse|309\/405|[from] item: Leftovers
|upkeep
|turn|23
|l|wonderchoose
|choice|move wish|move earthpower
|
|move|p2a: Camerupt|Earth Power|p1a: Aromatisse
|-damage|p1a: Aromatisse|41\/405
|move|p1a: Aromatisse|Wish|p1a: Aromatisse
|
|-heal|p1a: Aromatisse|66\/405|[from] item: Leftovers
|upkeep
|turn|24
|choice|move protect|move fireblast
|
|move|p1a: Aromatisse|Protect|p1a: Aromatisse
|-singleturn|p1a: Aromatisse|Protect
|move|p2a: Camerupt|Fire Blast|p1a: Aromatisse
|-activate|p1a: Aromatisse|move: Protect
|
|-heal|p1a: Aromatisse|268\/405|[from] move: Wish|[wisher] Aromatisse
|-heal|p1a: Aromatisse|293\/405|[from] item: Leftovers
|upkeep
|turn|25
|choice|move wish|move fireblast
|
|move|p2a: Camerupt|Fire Blast|p1a: Aromatisse
|-damage|p1a: Aromatisse|0 fnt
|faint|p1a: Aromatisse
|
|upkeep
|choice|switch 4|
|
|switch|p1a: Blastoise|Blastoise, M|68\/361
|turn|26
|choice|move scald|move earthpower
|
|move|p1a: Blastoise|Scald|p2a: Camerupt
|-supereffective|p2a: Camerupt
|-damage|p2a: Camerupt|0 fnt
|faint|p2a: Camerupt
|
|-heal|p1a: Blastoise|90\/361|[from] item: Leftovers
|upkeep
|c|☆fran #17|col burn
|c|☆fran #17|rotom
|c|☆fran #17|era morto
|choice||switch 5
|
|switch|p2a: Sneasel|Sneasel, M|251\/251
|turn|27
|c|☆fran #17|tipo 7 turni fa
|c|☆sSantu|gg
|c|☆sSantu|my friend
|c| renato2004|gg
|c|☆fran #17|g2
|choice|move signalbeam|move knockoff
|
|move|p2a: Sneasel|Knock Off|p1a: Blastoise
|-damage|p1a: Blastoise|0 fnt
|-enditem|p1a: Blastoise|Leftovers|[from] move: Knock Off|[of] p2a: Sneasel
|-damage|p2a: Sneasel|226\/251|[from] item: Life Orb
|faint|p1a: Blastoise
|
|win|sSantu
|c| renato2004|g
|c| v0lca (~.^)|non hai
|l|fran #17
|c| v0lca (~.^)|preservato
|c| renato2004|g
|c| v0lca (~.^)|il
|c| renato2004|g
|c| renato2004|gg
|c| renato2004|g
|c| v0lca (~.^)|6-00
|c| renato2004|g
|c| renato2004|gg
|c| renato2004|gg
|c| renato2004|gg
|l|coinboy ミ☆
|c| renato2004|gg
|c| v0lca (~.^)|renato2004
|c| renato2004|gg
|c| renato2004|gg
|l|ThaRam
|c| v0lca (~.^)|finiscila
|l|v0lca (~.^)
|c| renato2004|g
|c| renato2004|gg
|c| renato2004|gg
|c| renato2004|gg
|c| renato2004|gg
|c| renato2004|gg
|l|Tricking
|c| renato2004|gg
|c| renato2004|gg
|c| renato2004|gg
|c| renato2004|gg
|c| renato2004|gg
|c| renato2004|gg
|c| renato2004|gg
|c| renato2004|gg
|c| renato2004|gg
|c| renato2004|gg
|c| renato2004|gg
|c| renato2004|gg
|c| renato2004|gg
|c| renato2004|gg
|c| renato2004|gg
|c| renato2004|gg
|c| renato2004|gg
|c| renato2004|gg
|l|renato2004
|l|Fin8192
|l|GreenShadowKiller
|j|ALLALA haxes
|c| ALLALA haxes|battle del secolo no
|l|ALLALA haxes</script>
</div>
<div class="battle-log battle-log-inline"><div class="inner"><div class="battle-options"></div><div class="inner"><div class="chat"><small>fran #17 joined.</small></div><div class="chat"><small>sSantu joined.</small></div><div class=""><small>Format:</small> <br><strong>RU</strong></div><div class=""><small><em>Sleep Clause Mod:</em> Limit one foe put to sleep</small></div><div class=""><small><em>Species Clause:</em> Limit one of each Pokémon</small></div><div class=""><small><em>OHKO Clause:</em> OHKO moves are banned</small></div><div class=""><small><em>Moody Clause:</em> Moody is banned</small></div><div class=""><small><em>Evasion Moves Clause:</em> Evasion moves are banned</small></div><div class=""><small><em>Endless Battle Clause:</em> Forcing endless battles is banned</small></div><div class=""><small><em>HP Percentage Mod:</em> HP is shown in percentages</small></div><div class=""><small><em>Swagger Clause:</em> Swagger is banned</small></div><div class=""><small><em>Baton Pass Clause:</em> Limit one Baton Passer, can't pass Spe and other stats simultaneously</small></div><div class="chat battle-history"><strong>fran #17's team:</strong> <em style="color:#445566;display:block;">Seismitoad / Drapion / Blastoise / Aromatisse / Bronzong / Delphox</em></div><div class="chat battle-history"><strong>sSantu's team:</strong> <em style="color:#445566;display:block;">Camerupt / Rotom-Mow / Diancie / Slowking / Sneasel / Flygon</em></div><div class="chat chatmessage-ssantu"><strong style="color:hsl(337,47%,48.86338466051392%)"><small>☆</small><span class="username" data-name="sSantu">sSantu</span>:</strong> <em>hf</em></div><div class="chat chatmessage-ssantu"><strong style="color:hsl(337,47%,48.86338466051392%)"><small>☆</small><span class="username" data-name="sSantu">sSantu</span>:</strong> <em>visto che è la tua tier</em></div><div class="spacer battle-history"><br></div><div class="battle-history">Battle started between fran #17 and sSantu!<br></div><div class="spacer battle-history"><br></div><div class="battle-history">Go! <strong>Seismitoad</strong>!<br></div><div class="spacer battle-history"><br></div><div class="battle-history">sSantu sent out Rotom (<strong>Rotom-Mow</strong>)!<br></div><div class="spacer battle-history"><br></div><h2 class="battle-history">Turn 1</h2><div class="spacer battle-history"><br></div><div class="battle-history">Seismitoad, come back!<br></div><div class="battle-history">Go! <strong>Drapion</strong>!<br></div><div class="spacer battle-history"><br></div><div class="battle-history">The opposing Rotom used <strong>Volt Switch</strong>!<br></div><div class="battle-history"><small>(Drapion lost <abbr title="−114/343">33.2%</abbr> of its health!)</small><br></div><div class="chat"><small>Tricking joined.</small></div><div class="spacer battle-history"><br></div><div class="battle-history">The opposing Rotom went back to sSantu!<br></div><div class="battle-history">sSantu sent out <strong>Camerupt</strong>!<br></div><div class="spacer battle-history"><br></div><div class="battle-history"><small>Drapion restored a little HP using its Black Sludge!</small><br></div><div class="spacer battle-history"><br></div><h2 class="battle-history">Turn 2</h2><div class="chat chatmessage-tricking"><strong style="color:hsl(231,54%,58.848113728944526%)"><small> </small><span class="username" data-name="Tricking">Tricking</span>:</strong> <em>hahha</em></div><div class="chat chatmessage-tricking"><strong style="color:hsl(231,54%,58.848113728944526%)"><small> </small><span class="username" data-name="Tricking">Tricking</span>:</strong> <em>vai santoo</em></div><div class="spacer battle-history"><br></div><div class="battle-history">Drapion, come back!<br></div><div class="battle-history">Go! <strong>Bronzong</strong>!<br></div><div class="spacer battle-history"><br></div><div class="battle-history"><small>The opposing Camerupt's Cameruptite is reacting to sSantu's Mega Bracelet!</small><br>The opposing Camerupt has Mega Evolved into Mega Camerupt!<br></div><div class="spacer battle-history"><br></div><div class="battle-history">The opposing Camerupt used <strong>Earth Power</strong>!<br></div><div class="battle-history"><small>[Bronzong's Levitate]</small><br><small>It doesn't affect Bronzong...</small><br></div><div class="spacer battle-history"><br></div><h2 class="battle-history">Turn 3</h2><div class="spacer battle-history"><br></div><div class="battle-history">Bronzong, come back!<br></div><div class="battle-history">Go! <strong>Blastoise</strong>!<br></div><div class="spacer battle-history"><br></div><div class="battle-history">The opposing Camerupt used <strong>Earth Power</strong>!<br></div><div class="battle-history"><small>(Blastoise lost <abbr title="−235/361">65.1%</abbr> of its health!)</small><br></div><div class="spacer battle-history"><br></div><div class="battle-history"><small>Blastoise restored a little HP using its Leftovers!</small><br></div><div class="spacer battle-history"><br></div><h2 class="battle-history">Turn 4</h2><div class="chat chatmessage-ssantu"><strong style="color:hsl(337,47%,48.86338466051392%)"><small>☆</small><span class="username" data-name="sSantu">sSantu</span>:</strong> <em>?</em></div><div class="spacer battle-history"><br></div><div class="battle-history">Blastoise, come back!<br></div><div class="battle-history">Go! <strong>Bronzong</strong>!<br></div><div class="spacer battle-history"><br></div><div class="battle-history">sSantu withdrew Camerupt!<br></div><div class="battle-history">sSantu sent out Rotom (<strong>Rotom-Mow</strong>)!<br></div><div class="spacer battle-history"><br></div><h2 class="battle-history">Turn 5</h2><div class="spacer battle-history"><br></div><div class="battle-history">Bronzong, come back!<br></div><div class="battle-history">Go! <strong>Drapion</strong>!<br></div><div class="spacer battle-history"><br></div><div class="battle-history">The opposing Rotom used <strong>Volt Switch</strong>!<br></div><div class="battle-history"><small>(Drapion lost <abbr title="−112/343">32.7%</abbr> of its health!)</small><br></div><div class="chat chatmessage-ssantu"><strong style="color:hsl(337,47%,48.86338466051392%)"><small>☆</small><span class="username" data-name="sSantu">sSantu</span>:</strong> <em>ma prk questo rotom ha hp fly</em></div><div class="chat chatmessage-fran17"><strong style="color:hsl(237,82%,63.50458497281799%)"><small>☆</small><span class="username" data-name="fran #17">fran #17</span>:</strong> <em>per virizion ig</em></div><div class="spacer battle-history"><br></div><div class="battle-history">The opposing Rotom went back to sSantu!<br></div><div class="battle-history">sSantu sent out Camerupt (<strong>Camerupt-Mega</strong>)!<br></div><div class="spacer battle-history"><br></div><div class="battle-history"><small>Drapion restored a little HP using its Black Sludge!</small><br></div><div class="spacer battle-history"><br></div><h2 class="battle-history">Turn 6</h2><div class="chat"><small>v0lca (~.^) joined.</small></div><div class="spacer battle-history"><br></div><div class="battle-history">Drapion used <strong>Toxic Spikes</strong>!<br></div><div class="battle-history"><small>Poison spikes were scattered on the ground all around the opposing team!</small><br></div><div class="spacer battle-history"><br></div><div class="battle-history">The opposing Camerupt used <strong>Earth Power</strong>!<br></div><div class="battle-history"><small>It's super effective!</small><br></div><div class="battle-history"><small>(Drapion lost <abbr title="−159/343">46.4%</abbr> of its health!)</small><br></div><div class="spacer battle-history"><br></div><div class="battle-history">Drapion fainted!<br></div><div class="spacer battle-history"><br></div><div class="battle-history">Go! <strong>Seismitoad</strong>!<br></div><div class="spacer battle-history"><br></div><h2 class="battle-history">Turn 7</h2><div class="spacer battle-history"><br></div><div class="battle-history">sSantu withdrew Camerupt!<br></div><div class="battle-history">sSantu sent out Rotom (<strong>Rotom-Mow</strong>)!<br></div><div class="spacer battle-history"><br></div><div class="battle-history">Seismitoad used <strong>Substitute</strong>!<br></div><div class="battle-history"><small>Seismitoad put in a substitute!</small><br></div><div class="battle-history"><small>(Seismitoad lost <abbr title="−101/404">25%</abbr> of its health!)</small><br></div><div class="spacer battle-history"><br></div><div class="battle-history"><small>Seismitoad restored a little HP using its Leftovers!</small><br></div><div class="spacer battle-history"><br></div><h2 class="battle-history">Turn 8</h2><div class="spacer battle-history"><br></div><div class="battle-history">sSantu withdrew Rotom!<br></div><div class="battle-history">sSantu sent out <strong>Flygon</strong>!<br></div><div class="spacer battle-history"><br></div><div class="battle-history">Seismitoad used <strong>Toxic</strong>!<br></div><div class="battle-history"><small>The opposing Flygon was badly poisoned!</small><br></div><div class="spacer battle-history"><br></div><div class="battle-history"><small>Seismitoad restored a little HP using its Leftovers!</small><br></div><div class="battle-history"><small>The opposing Flygon was hurt by poison!</small><br></div><div class="spacer battle-history"><br></div><h2 class="battle-history">Turn 9</h2><div class="chat"><small>Mainternet joined.</small></div><div class="spacer battle-history"><br></div><div class="battle-history">The opposing Flygon used <strong>Defog</strong>!<br></div><div class="battle-history"><small>The poison spikes disappeared from the ground around the opposing team!</small><br></div><div class="spacer battle-history"><br></div><div class="battle-history">Seismitoad used <strong>Knock Off</strong>!<br></div><div class="battle-history"><small>(The opposing Flygon lost <abbr title="−94/301">31.2%</abbr> of its health!)</small><br></div><div class="battle-history"><small>Seismitoad knocked off the opposing Flygon's Life Orb!</small><br></div><div class="spacer battle-history"><br></div><div class="battle-history"><small>Seismitoad restored a little HP using its Leftovers!</small><br></div><div class="battle-history"><small>The opposing Flygon was hurt by poison!</small><br></div><div class="spacer battle-history"><br></div><h2 class="battle-history">Turn 10</h2><div class="chat"><small>Mainternet left.</small></div><div class="chat chatmessage-tricking"><strong style="color:hsl(231,54%,58.848113728944526%)"><small> </small><span class="username" data-name="Tricking">Tricking</span>:</strong> <em>il frangot</em></div><div class="chat chatmessage-tricking"><strong style="color:hsl(231,54%,58.848113728944526%)"><small> </small><span class="username" data-name="Tricking">Tricking</span>:</strong> <em>che mago</em></div><div class="chat chatmessage-tricking"><strong style="color:hsl(231,54%,58.848113728944526%)"><small> </small><span class="username" data-name="Tricking">Tricking</span>:</strong> <em>ragazzi</em></div><div class="spacer battle-history"><br></div><div class="battle-history">Seismitoad, come back!<br></div><div class="battle-history">Go! <strong>Bronzong</strong>!<br></div><div class="spacer battle-history"><br></div><div class="battle-history">The opposing Flygon used <strong>U-turn</strong>!<br></div><div class="battle-history"><small>(Bronzong lost <abbr title="−36/338">10.7%</abbr> of its health!)</small><br></div><div class="chat chatmessage-tricking"><strong style="color:hsl(231,54%,58.848113728944526%)"><small> </small><span class="username" data-name="Tricking">Tricking</span>:</strong> <em>qq</em></div><div class="spacer battle-history"><br></div><div class="battle-history">The opposing Flygon went back to sSantu!<br></div><div class="battle-history">sSantu sent out Camerupt (<strong>Camerupt-Mega</strong>)!<br></div><div class="spacer battle-history"><br></div><div class="battle-history"><small>Bronzong restored a little HP using its Leftovers!</small><br></div><div class="spacer battle-history"><br></div><h2 class="battle-history">Turn 11</h2><div class="chat chatmessage-fran17"><strong style="color:hsl(237,82%,63.50458497281799%)"><small>☆</small><span class="username" data-name="fran #17">fran #17</span>:</strong> <em>ma che cazzo faii</em></div><div class="chat chatmessage-ssantu"><strong style="color:hsl(337,47%,48.86338466051392%)"><small>☆</small><span class="username" data-name="sSantu">sSantu</span>:</strong> <em>?</em></div><div class="chat chatmessage-ssantu"><strong style="color:hsl(337,47%,48.86338466051392%)"><small>☆</small><span class="username" data-name="sSantu">sSantu</span>:</strong> <em>cosa dovrei fare</em></div><div class="chat chatmessage-fran17"><strong style="color:hsl(237,82%,63.50458497281799%)"><small>☆</small><span class="username" data-name="fran #17">fran #17</span>:</strong> <em>mi davi un turno free</em></div><div class="chat chatmessage-fran17"><strong style="color:hsl(237,82%,63.50458497281799%)"><small>☆</small><span class="username" data-name="fran #17">fran #17</span>:</strong> <em>a casissimo</em></div><div class="chat chatmessage-ssantu"><strong style="color:hsl(337,47%,48.86338466051392%)"><small>☆</small><span class="username" data-name="sSantu">sSantu</span>:</strong> <em>lol</em></div><div class="chat chatmessage-fran17"><strong style="color:hsl(237,82%,63.50458497281799%)"><small>☆</small><span class="username" data-name="fran #17">fran #17</span>:</strong> <em>dmeteor?</em></div><div class="chat chatmessage-fran17"><strong style="color:hsl(237,82%,63.50458497281799%)"><small>☆</small><span class="username" data-name="fran #17">fran #17</span>:</strong> <em>epower?</em></div><div class="spacer battle-history"><br></div><div class="battle-history">The opposing Camerupt used <strong>Fire Blast</strong>!<br></div><div class="battle-history"><small>It's super effective!</small><br></div><div class="battle-history"><small>A critical hit!</small><br></div><div class="battle-history"><small>(Bronzong lost <abbr title="−323/338">95.6%</abbr> of its health!)</small><br></div><div class="spacer battle-history"><br></div><div class="battle-history">Bronzong fainted!<br></div><div class="chat chatmessage-tricking"><strong style="color:hsl(231,54%,58.848113728944526%)"><small> </small><span class="username" data-name="Tricking">Tricking</span>:</strong> <em>l'hai pigliata in culo caro frangot</em></div><div class="spacer battle-history"><br></div><div class="battle-history">Go! <strong>Blastoise</strong>!<br></div><div class="spacer battle-history"><br></div><h2 class="battle-history">Turn 12</h2><div class="chat chatmessage-tricking"><strong style="color:hsl(231,54%,58.848113728944526%)"><small> </small><span class="username" data-name="Tricking">Tricking</span>:</strong> <em>ecco</em></div><div class="chat chatmessage-tricking"><strong style="color:hsl(231,54%,58.848113728944526%)"><small> </small><span class="username" data-name="Tricking">Tricking</span>:</strong> <em>g</em></div><div class="chat chatmessage-tricking"><strong style="color:hsl(231,54%,58.848113728944526%)"><small> </small><span class="username" data-name="Tricking">Tricking</span>:</strong> <em>g</em></div><div class="chat chatmessage-fran17"><strong style="color:hsl(237,82%,63.50458497281799%)"><small>☆</small><span class="username" data-name="fran #17">fran #17</span>:</strong> <em>sì</em></div><div class="spacer battle-history"><br></div><div class="battle-history">sSantu withdrew Camerupt!<br></div><div class="battle-history">sSantu sent out Rotom (<strong>Rotom-Mow</strong>)!<br></div><div class="spacer battle-history"><br></div><div class="battle-history">Blastoise used <strong>Scald</strong>!<br></div><div class="battle-history"><small>It's not very effective...</small><br></div><div class="battle-history"><small>(The opposing Rotom lost <abbr title="−36/240">15%</abbr> of its health!)</small><br></div><div class="spacer battle-history"><br></div><div class="battle-history"><small>Blastoise restored a little HP using its Leftovers!</small><br></div><div class="spacer battle-history"><br></div><h2 class="battle-history">Turn 13</h2><div class="chat chatmessage-v0lca"><strong style="color:hsl(167,48%,37.666666666666664%)"><small> </small><span class="username" data-name="v0lca (~.^)">v0lca (~.^)</span>:</strong> <em>gg</em></div><div class="chat chatmessage-fran17"><strong style="color:hsl(237,82%,63.50458497281799%)"><small>☆</small><span class="username" data-name="fran #17">fran #17</span>:</strong> <em>come quando ho perso da il tizio che aveva unghie nel nome</em></div><div class="chat chatmessage-ssantu"><strong style="color:hsl(337,47%,48.86338466051392%)"><small>☆</small><span class="username" data-name="sSantu">sSantu</span>:</strong> <em>ce anche v0klca</em></div><div class="chat chatmessage-tricking"><strong style="color:hsl(231,54%,58.848113728944526%)"><small> </small><span class="username" data-name="Tricking">Tricking</span>:</strong> <em>caro frangot.</em></div><div class="chat chatmessage-ssantu"><strong style="color:hsl(337,47%,48.86338466051392%)"><small>☆</small><span class="username" data-name="sSantu">sSantu</span>:</strong> <em>che mi ghosta</em></div><div class="chat chatmessage-v0lca"><strong style="color:hsl(167,48%,37.666666666666664%)"><small> </small><span class="username" data-name="v0lca (~.^)">v0lca (~.^)</span>:</strong> <em>sSantu come l'hai ribaltata</em></div><div class="chat chatmessage-ssantu"><strong style="color:hsl(337,47%,48.86338466051392%)"><small>☆</small><span class="username" data-name="sSantu">sSantu</span>:</strong> <em>GGS</em></div><div class="chat chatmessage-fran17"><strong style="color:hsl(237,82%,63.50458497281799%)"><small>☆</small><span class="username" data-name="fran #17">fran #17</span>:</strong> <em>immagin</em></div><div class="spacer battle-history"><br></div><div class="battle-history">Blastoise, come back!<br></div><div class="battle-history">Go! <strong>Delphox</strong>!<br></div><div class="spacer battle-history"><br></div><div class="battle-history">The opposing Rotom used <strong>Leaf Storm</strong>!<br></div><div class="battle-history"><small>It's not very effective...</small><br></div><div class="battle-history"><small>(Delphox lost <abbr title="−99/291">34.0%</abbr> of its health!)</small><br></div><div class="battle-history"><small>The opposing Rotom's Special Attack fell harshly!</small><br></div><div class="spacer battle-history"><br></div><div class="battle-history"><small>Delphox restored a little HP using its Leftovers!</small><br></div><div class="spacer battle-history"><br></div><h2 class="battle-history">Turn 14</h2><div class="chat chatmessage-v0lca"><strong style="color:hsl(167,48%,37.666666666666664%)"><small> </small><span class="username" data-name="v0lca (~.^)">v0lca (~.^)</span>:</strong> <em>questa non era</em></div><div class="spacer battle-history"><br></div><div class="battle-history">sSantu withdrew Rotom!<br></div><div class="battle-history">sSantu sent out <strong>Diancie</strong>!<br></div><div class="spacer battle-history"><br></div><div class="battle-history">Delphox, come back!<br></div><div class="battle-history">Go! <strong>Blastoise</strong>!<br></div><div class="spacer battle-history"><br></div><div class="battle-history"><small>Blastoise restored a little HP using its Leftovers!</small><br></div><div class="spacer battle-history"><br></div><h2 class="battle-history">Turn 15</h2><div class="chat chatmessage-v0lca"><strong style="color:hsl(167,48%,37.666666666666664%)"><small> </small><span class="username" data-name="v0lca (~.^)">v0lca (~.^)</span>:</strong> <em>una mia</em></div><div class="chat chatmessage-v0lca"><strong style="color:hsl(167,48%,37.666666666666664%)"><small> </small><span class="username" data-name="v0lca (~.^)">v0lca (~.^)</span>:</strong> <em>mossa</em></div><div class="spacer battle-history"><br></div><div class="battle-history">sSantu withdrew Diancie!<br></div><div class="battle-history">sSantu sent out Rotom (<strong>Rotom-Mow</strong>)!<br></div><div class="spacer battle-history"><br></div><div class="battle-history">Blastoise used <strong>Scald</strong>!<br></div><div class="battle-history"><small>It's not very effective...</small><br></div><div class="battle-history"><small>(The opposing Rotom lost <abbr title="−40/240">16.7%</abbr> of its health!)</small><br></div><div class="spacer battle-history"><br></div><div class="battle-history"><small>Blastoise restored a little HP using its Leftovers!</small><br></div><div class="spacer battle-history"><br></div><h2 class="battle-history">Turn 16</h2><div class="chat chatmessage-fran17"><strong style="color:hsl(237,82%,63.50458497281799%)"><small>☆</small><span class="username" data-name="fran #17">fran #17</span>:</strong> <em>ma non bunra</em></div><div class="spacer battle-history"><br></div><div class="battle-history">Blastoise, come back!<br></div><div class="battle-history">Go! <strong>Seismitoad</strong>!<br></div><div class="spacer battle-history"><br></div><div class="battle-history">The opposing Rotom used <strong>Leaf Storm</strong>!<br></div><div class="battle-history"><small>It's super effective!</small><br></div><div class="battle-history"><small>(Seismitoad lost <abbr title="−378/404">93.6%</abbr> of its health!)</small><br></div><div class="battle-history"><small>The opposing Rotom's Special Attack fell harshly!</small><br></div><div class="spacer battle-history"><br></div><div class="battle-history">Seismitoad fainted!<br></div><div class="chat chatmessage-tricking"><strong style="color:hsl(231,54%,58.848113728944526%)"><small> </small><span class="username" data-name="Tricking">Tricking</span>:</strong> <em>nnt</em></div><div class="chat chatmessage-tricking"><strong style="color:hsl(231,54%,58.848113728944526%)"><small> </small><span class="username" data-name="Tricking">Tricking</span>:</strong> <em>yea</em></div><div class="spacer battle-history"><br></div><div class="battle-history">Go! <strong>Delphox</strong>!<br></div><div class="spacer battle-history"><br></div><h2 class="battle-history">Turn 17</h2><div class="chat chatmessage-tricking"><strong style="color:hsl(231,54%,58.848113728944526%)"><small> </small><span class="username" data-name="Tricking">Tricking</span>:</strong> <em>fukc the haters</em></div><div class="chat chatmessage-fran17"><strong style="color:hsl(237,82%,63.50458497281799%)"><small>☆</small><span class="username" data-name="fran #17">fran #17</span>:</strong> <em>g2</em></div><div class="chat chatmessage-fran17"><strong style="color:hsl(237,82%,63.50458497281799%)"><small>☆</small><span class="username" data-name="fran #17">fran #17</span>:</strong> <em>porto un team più serio</em></div><div class="chat chatmessage-tricking"><strong style="color:hsl(231,54%,58.848113728944526%)"><small> </small><span class="username" data-name="Tricking">Tricking</span>:</strong> <em>ma 6-0 prpr così</em></div><div class="chat chatmessage-tricking"><strong style="color:hsl(231,54%,58.848113728944526%)"><small> </small><span class="username" data-name="Tricking">Tricking</span>:</strong> <em>ok.</em></div><div class="chat"><small>renato2004 joined.</small></div><div class="chat"><small>wonderchoose joined.</small></div><div class="spacer battle-history"><br></div><div class="battle-history">sSantu withdrew Rotom!<br></div><div class="battle-history">sSantu sent out <strong>Diancie</strong>!<br></div><div class="spacer battle-history"><br></div><div class="battle-history">Delphox used <strong>Calm Mind</strong>!<br></div><div class="battle-history"><small>Delphox's Special Attack rose!</small><br></div><div class="battle-history"><small>Delphox's Special Defense rose!</small><br></div><div class="spacer battle-history"><br></div><div class="battle-history"><small>Delphox restored a little HP using its Leftovers!</small><br></div><div class="spacer battle-history"><br></div><h2 class="battle-history">Turn 18</h2><div class="spacer battle-history"><br></div><div class="battle-history">Delphox used <strong>Psyshock</strong>!<br></div><div class="battle-history"><small>(The opposing Diancie lost <abbr title="−126/304">41.4%</abbr> of its health!)</small><br></div><div class="spacer battle-history"><br></div><div class="battle-history">The opposing Diancie used <strong>Diamond Storm</strong>!<br></div><div class="battle-history"><small>It's super effective!</small><br></div><div class="battle-history"><small>(Delphox lost <abbr title="−228/291">78.4%</abbr> of its health!)</small><br></div><div class="battle-history"><small>The opposing Diancie's Defense rose!</small><br></div><div class="spacer battle-history"><br></div><div class="battle-history">Delphox fainted!<br></div><div class="spacer battle-history"><br></div><div class="battle-history"><small>The opposing Diancie restored a little HP using its Leftovers!</small><br></div><div class="spacer battle-history"><br></div><div class="battle-history">Go! <strong>Blastoise</strong>!<br></div><div class="spacer battle-history"><br></div><h2 class="battle-history">Turn 19</h2><div class="chat"><small>GreenShadowKiller joined.</small></div><div class="chat"><small>Fin8192 joined.</small></div><div class="chat"><small>ThaRam joined.</small></div><div class="chat chatmessage-wonderchoose"><strong style="color:hsl(76,41%,36%)"><small> </small><span class="username" data-name="wonderchoose">wonderchoose</span>:</strong> <em>Ciao Tricking &lt;3</em></div><div class="spacer battle-history"><br></div><div class="battle-history">Blastoise used <strong>Scald</strong>!<br></div><div class="battle-history"><small>It's super effective!</small><br></div><div class="battle-history"><small>(The opposing Diancie lost <abbr title="−90/304">29.6%</abbr> of its health!)</small><br></div><div class="battle-history"><small>The opposing Diancie was burned!</small><br></div><div class="spacer battle-history"><br></div><div class="battle-history">The opposing Diancie used <strong>Moonblast</strong>!<br></div><div class="battle-history"><small>(Blastoise lost <abbr title="−103/361">28.5%</abbr> of its health!)</small><br></div><div class="spacer battle-history"><br></div><div class="battle-history"><small>Blastoise restored a little HP using its Leftovers!</small><br></div><div class="battle-history"><small>The opposing Diancie restored a little HP using its Leftovers!</small><br></div><div class="battle-history"><small>The opposing Diancie was hurt by its burn!</small><br></div><div class="spacer battle-history"><br></div><h2 class="battle-history">Turn 20</h2><div class="chat"><small>coinboy ミ☆ joined.</small></div><div class="chat chatmessage-renato2004"><strong style="color:hsl(199,42%,43.33746380519422%)"><small> </small><span class="username" data-name="renato2004">renato2004</span>:</strong> <em>BURNED</em></div><div class="chat chatmessage-v0lca"><strong style="color:hsl(167,48%,37.666666666666664%)"><small> </small><span class="username" data-name="v0lca (~.^)">v0lca (~.^)</span>:</strong> <em>PRESERVA</em></div><div class="chat chatmessage-v0lca"><strong style="color:hsl(167,48%,37.666666666666664%)"><small> </small><span class="username" data-name="v0lca (~.^)">v0lca (~.^)</span>:</strong> <em>IL</em></div><div class="chat chatmessage-v0lca"><strong style="color:hsl(167,48%,37.666666666666664%)"><small> </small><span class="username" data-name="v0lca (~.^)">v0lca (~.^)</span>:</strong> <em>6-0</em></div><div class="spacer battle-history"><br></div><div class="battle-history">Blastoise used <strong>Signal Beam</strong>!<br></div><div class="battle-history"><small>It's not very effective...</small><br></div><div class="battle-history"><small>(The opposing Diancie lost <abbr title="−13/304">4.3%</abbr> of its health!)</small><br></div><div class="spacer battle-history"><br></div><div class="battle-history">The opposing Diancie used <strong>Moonblast</strong>!<br></div><div class="battle-history"><small>(Blastoise lost <abbr title="−109/361">30.2%</abbr> of its health!)</small><br></div><div class="spacer battle-history"><br></div><div class="battle-history"><small>Blastoise restored a little HP using its Leftovers!</small><br></div><div class="battle-history"><small>The opposing Diancie restored a little HP using its Leftovers!</small><br></div><div class="battle-history"><small>The opposing Diancie was hurt by its burn!</small><br></div><div class="spacer battle-history"><br></div><h2 class="battle-history">Turn 21</h2><div class="chat chatmessage-coinboy"><strong style="color:hsl(332,66%,49.116872774172435%)"><small> </small><span class="username" data-name="coinboy ミ☆">coinboy ミ☆</span>:</strong> <em>fammi voice</em></div><div class="chat chatmessage-fran17"><strong style="color:hsl(237,82%,63.50458497281799%)"><small>☆</small><span class="username" data-name="fran #17">fran #17</span>:</strong> <em>3</em></div><div class="spacer battle-history"><br></div><div class="battle-history">sSantu withdrew Diancie!<br></div><div class="battle-history">sSantu sent out Rotom (<strong>Rotom-Mow</strong>)!<br></div><div class="spacer battle-history"><br></div><div class="battle-history">Blastoise used <strong>Scald</strong>!<br></div><div class="battle-history"><small>It's not very effective...</small><br></div><div class="battle-history"><small>(The opposing Rotom lost <abbr title="−57/240">23.8%</abbr> of its health!)</small><br></div><div class="spacer battle-history"><br></div><div class="battle-history"><small>Blastoise restored a little HP using its Leftovers!</small><br></div><div class="spacer battle-history"><br></div><h2 class="battle-history">Turn 22</h2><div class="chat chatmessage-fran17"><strong style="color:hsl(237,82%,63.50458497281799%)"><small>☆</small><span class="username" data-name="fran #17">fran #17</span>:</strong> <em>niente</em></div><div class="chat chatmessage-fran17"><strong style="color:hsl(237,82%,63.50458497281799%)"><small>☆</small><span class="username" data-name="fran #17">fran #17</span>:</strong> <em>non burnerà</em></div><div class="chat chatmessage-fran17"><strong style="color:hsl(237,82%,63.50458497281799%)"><small>☆</small><span class="username" data-name="fran #17">fran #17</span>:</strong> <em>mai</em></div><div class="spacer battle-history"><br></div><div class="battle-history">Blastoise, come back!<br></div><div class="battle-history">Go! <strong>Aromatisse</strong>!<br></div><div class="spacer battle-history"><br></div><div class="battle-history">The opposing Rotom used <strong>Volt Switch</strong>!<br></div><div class="battle-history"><small>(Aromatisse lost <abbr title="−121/405">29.9%</abbr> of its health!)</small><br></div><div class="spacer battle-history"><br></div><div class="battle-history">The opposing Rotom went back to sSantu!<br></div><div class="battle-history">sSantu sent out Camerupt (<strong>Camerupt-Mega</strong>)!<br></div><div class="spacer battle-history"><br></div><div class="battle-history"><small>Aromatisse restored a little HP using its Leftovers!</small><br></div><div class="spacer battle-history"><br></div><h2 class="battle-history">Turn 23</h2><div class="chat"><small>wonderchoose left.</small></div><div class="spacer battle-history"><br></div><div class="battle-history">The opposing Camerupt used <strong>Earth Power</strong>!<br></div><div class="battle-history"><small>(Aromatisse lost <abbr title="−268/405">66.2%</abbr> of its health!)</small><br></div><div class="spacer battle-history"><br></div><div class="battle-history">Aromatisse used <strong>Wish</strong>!<br></div><div class="spacer battle-history"><br></div><div class="battle-history"><small>Aromatisse restored a little HP using its Leftovers!</small><br></div><div class="spacer battle-history"><br></div><h2 class="battle-history">Turn 24</h2><div class="spacer battle-history"><br></div><div class="battle-history">Aromatisse used <strong>Protect</strong>!<br></div><div class="battle-history"><small>Aromatisse protected itself!</small><br></div><div class="spacer battle-history"><br></div><div class="battle-history">The opposing Camerupt used <strong>Fire Blast</strong>!<br></div><div class="battle-history"><small>Aromatisse protected itself!</small><br></div><div class="spacer battle-history"><br></div><div class="battle-history"><small>Aromatisse's wish came true!</small><br></div><div class="battle-history"><small>Aromatisse restored a little HP using its Leftovers!</small><br></div><div class="spacer battle-history"><br></div><h2 class="battle-history">Turn 25</h2><div class="spacer battle-history"><br></div><div class="battle-history">The opposing Camerupt used <strong>Fire Blast</strong>!<br></div><div class="battle-history"><small>(Aromatisse lost <abbr title="−293/405">72.3%</abbr> of its health!)</small><br></div><div class="spacer battle-history"><br></div><div class="battle-history">Aromatisse fainted!<br></div><div class="spacer battle-history"><br></div><div class="battle-history">Go! <strong>Blastoise</strong>!<br></div><div class="spacer battle-history"><br></div><h2 class="battle-history">Turn 26</h2><div class="spacer battle-history"><br></div><div class="battle-history">Blastoise used <strong>Scald</strong>!<br></div><div class="battle-history"><small>It's super effective!</small><br></div><div class="battle-history"><small>(The opposing Camerupt lost <abbr title="−343/343">100%</abbr> of its health!)</small><br></div><div class="spacer battle-history"><br></div><div class="battle-history">The opposing Camerupt fainted!<br></div><div class="spacer battle-history"><br></div><div class="battle-history"><small>Blastoise restored a little HP using its Leftovers!</small><br></div><div class="chat chatmessage-fran17"><strong style="color:hsl(237,82%,63.50458497281799%)"><small>☆</small><span class="username" data-name="fran #17">fran #17</span>:</strong> <em>col burn</em></div><div class="chat chatmessage-fran17"><strong style="color:hsl(237,82%,63.50458497281799%)"><small>☆</small><span class="username" data-name="fran #17">fran #17</span>:</strong> <em>rotom</em></div><div class="chat chatmessage-fran17"><strong style="color:hsl(237,82%,63.50458497281799%)"><small>☆</small><span class="username" data-name="fran #17">fran #17</span>:</strong> <em>era morto</em></div><div class="spacer battle-history"><br></div><div class="battle-history">sSantu sent out <strong>Sneasel</strong>!<br></div><div class="spacer battle-history"><br></div><h2 class="battle-history">Turn 27</h2><div class="chat chatmessage-fran17"><strong style="color:hsl(237,82%,63.50458497281799%)"><small>☆</small><span class="username" data-name="fran #17">fran #17</span>:</strong> <em>tipo 7 turni fa</em></div><div class="chat chatmessage-ssantu"><strong style="color:hsl(337,47%,48.86338466051392%)"><small>☆</small><span class="username" data-name="sSantu">sSantu</span>:</strong> <em>gg</em></div><div class="chat chatmessage-ssantu"><strong style="color:hsl(337,47%,48.86338466051392%)"><small>☆</small><span class="username" data-name="sSantu">sSantu</span>:</strong> <em>my friend</em></div><div class="chat chatmessage-renato2004"><strong style="color:hsl(199,42%,43.33746380519422%)"><small> </small><span class="username" data-name="renato2004">renato2004</span>:</strong> <em>gg</em></div><div class="chat chatmessage-fran17"><strong style="color:hsl(237,82%,63.50458497281799%)"><small>☆</small><span class="username" data-name="fran #17">fran #17</span>:</strong> <em>g2</em></div><div class="spacer battle-history"><br></div><div class="battle-history">The opposing Sneasel used <strong>Knock Off</strong>!<br></div><div class="battle-history"><small>(Blastoise lost <abbr title="−90/361">24.9%</abbr> of its health!)</small><br></div><div class="battle-history"><small>The opposing Sneasel knocked off Blastoise's Leftovers!</small><br></div><div class="battle-history"><small>The opposing Sneasel lost some of its HP!</small><br></div><div class="spacer battle-history"><br></div><div class="battle-history">Blastoise fainted!<br></div><div class="spacer battle-history"><br></div><div class="battle-history"><strong>sSantu</strong> won the battle!<br></div><div class="chat chatmessage-renato2004"><strong style="color:hsl(199,42%,43.33746380519422%)"><small> </small><span class="username" data-name="renato2004">renato2004</span>:</strong> <em>g</em></div><div class="chat chatmessage-v0lca"><strong style="color:hsl(167,48%,37.666666666666664%)"><small> </small><span class="username" data-name="v0lca (~.^)">v0lca (~.^)</span>:</strong> <em>non hai</em></div><div class="chat"><small>fran #17 left.</small></div><div class="chat chatmessage-v0lca"><strong style="color:hsl(167,48%,37.666666666666664%)"><small> </small><span class="username" data-name="v0lca (~.^)">v0lca (~.^)</span>:</strong> <em>preservato</em></div><div class="chat chatmessage-renato2004"><strong style="color:hsl(199,42%,43.33746380519422%)"><small> </small><span class="username" data-name="renato2004">renato2004</span>:</strong> <em>g</em></div><div class="chat chatmessage-v0lca"><strong style="color:hsl(167,48%,37.666666666666664%)"><small> </small><span class="username" data-name="v0lca (~.^)">v0lca (~.^)</span>:</strong> <em>il</em></div><div class="chat chatmessage-renato2004"><strong style="color:hsl(199,42%,43.33746380519422%)"><small> </small><span class="username" data-name="renato2004">renato2004</span>:</strong> <em>g</em></div><div class="chat chatmessage-renato2004"><strong style="color:hsl(199,42%,43.33746380519422%)"><small> </small><span class="username" data-name="renato2004">renato2004</span>:</strong> <em>gg</em></div><div class="chat chatmessage-renato2004"><strong style="color:hsl(199,42%,43.33746380519422%)"><small> </small><span class="username" data-name="renato2004">renato2004</span>:</strong> <em>g</em></div><div class="chat chatmessage-v0lca"><strong style="color:hsl(167,48%,37.666666666666664%)"><small> </small><span class="username" data-name="v0lca (~.^)">v0lca (~.^)</span>:</strong> <em>6-00</em></div><div class="chat chatmessage-renato2004"><strong style="color:hsl(199,42%,43.33746380519422%)"><small> </small><span class="username" data-name="renato2004">renato2004</span>:</strong> <em>g</em></div><div class="chat chatmessage-renato2004"><strong style="color:hsl(199,42%,43.33746380519422%)"><small> </small><span class="username" data-name="renato2004">renato2004</span>:</strong> <em>gg</em></div><div class="chat chatmessage-renato2004"><strong style="color:hsl(199,42%,43.33746380519422%)"><small> </small><span class="username" data-name="renato2004">renato2004</span>:</strong> <em>gg</em></div><div class="chat chatmessage-renato2004"><strong style="color:hsl(199,42%,43.33746380519422%)"><small> </small><span class="username" data-name="renato2004">renato2004</span>:</strong> <em>gg</em></div><div class="chat"><small>coinboy ミ☆ left.</small></div><div class="chat chatmessage-renato2004"><strong style="color:hsl(199,42%,43.33746380519422%)"><small> </small><span class="username" data-name="renato2004">renato2004</span>:</strong> <em>gg</em></div><div class="chat chatmessage-v0lca"><strong style="color:hsl(167,48%,37.666666666666664%)"><small> </small><span class="username" data-name="v0lca (~.^)">v0lca (~.^)</span>:</strong> <em>renato2004</em></div><div class="chat chatmessage-renato2004"><strong style="color:hsl(199,42%,43.33746380519422%)"><small> </small><span class="username" data-name="renato2004">renato2004</span>:</strong> <em>gg</em></div><div class="chat chatmessage-renato2004"><strong style="color:hsl(199,42%,43.33746380519422%)"><small> </small><span class="username" data-name="renato2004">renato2004</span>:</strong> <em>gg</em></div><div class="chat"><small>ThaRam left.</small></div><div class="chat chatmessage-v0lca"><strong style="color:hsl(167,48%,37.666666666666664%)"><small> </small><span class="username" data-name="v0lca (~.^)">v0lca (~.^)</span>:</strong> <em>finiscila</em></div><div class="chat"><small>v0lca (~.^) left.</small></div><div class="chat chatmessage-renato2004"><strong style="color:hsl(199,42%,43.33746380519422%)"><small> </small><span class="username" data-name="renato2004">renato2004</span>:</strong> <em>g</em></div><div class="chat chatmessage-renato2004"><strong style="color:hsl(199,42%,43.33746380519422%)"><small> </small><span class="username" data-name="renato2004">renato2004</span>:</strong> <em>gg</em></div><div class="chat chatmessage-renato2004"><strong style="color:hsl(199,42%,43.33746380519422%)"><small> </small><span class="username" data-name="renato2004">renato2004</span>:</strong> <em>gg</em></div><div class="chat chatmessage-renato2004"><strong style="color:hsl(199,42%,43.33746380519422%)"><small> </small><span class="username" data-name="renato2004">renato2004</span>:</strong> <em>gg</em></div><div class="chat chatmessage-renato2004"><strong style="color:hsl(199,42%,43.33746380519422%)"><small> </small><span class="username" data-name="renato2004">renato2004</span>:</strong> <em>gg</em></div><div class="chat chatmessage-renato2004"><strong style="color:hsl(199,42%,43.33746380519422%)"><small> </small><span class="username" data-name="renato2004">renato2004</span>:</strong> <em>gg</em></div><div class="chat"><small>Tricking left.</small></div><div class="chat chatmessage-renato2004"><strong style="color:hsl(199,42%,43.33746380519422%)"><small> </small><span class="username" data-name="renato2004">renato2004</span>:</strong> <em>gg</em></div><div class="chat chatmessage-renato2004"><strong style="color:hsl(199,42%,43.33746380519422%)"><small> </small><span class="username" data-name="renato2004">renato2004</span>:</strong> <em>gg</em></div><div class="chat chatmessage-renato2004"><strong style="color:hsl(199,42%,43.33746380519422%)"><small> </small><span class="username" data-name="renato2004">renato2004</span>:</strong> <em>gg</em></div><div class="chat chatmessage-renato2004"><strong style="color:hsl(199,42%,43.33746380519422%)"><small> </small><span class="username" data-name="renato2004">renato2004</span>:</strong> <em>gg</em></div><div class="chat chatmessage-renato2004"><strong style="color:hsl(199,42%,43.33746380519422%)"><small> </small><span class="username" data-name="renato2004">renato2004</span>:</strong> <em>gg</em></div><div class="chat chatmessage-renato2004"><strong style="color:hsl(199,42%,43.33746380519422%)"><small> </small><span class="username" data-name="renato2004">renato2004</span>:</strong> <em>gg</em></div><div class="chat chatmessage-renato2004"><strong style="color:hsl(199,42%,43.33746380519422%)"><small> </small><span class="username" data-name="renato2004">renato2004</span>:</strong> <em>gg</em></div><div class="chat chatmessage-renato2004"><strong style="color:hsl(199,42%,43.33746380519422%)"><small> </small><span class="username" data-name="renato2004">renato2004</span>:</strong> <em>gg</em></div><div class="chat chatmessage-renato2004"><strong style="color:hsl(199,42%,43.33746380519422%)"><small> </small><span class="username" data-name="renato2004">renato2004</span>:</strong> <em>gg</em></div><div class="chat chatmessage-renato2004"><strong style="color:hsl(199,42%,43.33746380519422%)"><small> </small><span class="username" data-name="renato2004">renato2004</span>:</strong> <em>gg</em></div><div class="chat chatmessage-renato2004"><strong style="color:hsl(199,42%,43.33746380519422%)"><small> </small><span class="username" data-name="renato2004">renato2004</span>:</strong> <em>gg</em></div><div class="chat chatmessage-renato2004"><strong style="color:hsl(199,42%,43.33746380519422%)"><small> </small><span class="username" data-name="renato2004">renato2004</span>:</strong> <em>gg</em></div><div class="chat chatmessage-renato2004"><strong style="color:hsl(199,42%,43.33746380519422%)"><small> </small><span class="username" data-name="renato2004">renato2004</span>:</strong> <em>gg</em></div><div class="chat chatmessage-renato2004"><strong style="color:hsl(199,42%,43.33746380519422%)"><small> </small><span class="username" data-name="renato2004">renato2004</span>:</strong> <em>gg</em></div><div class="chat chatmessage-renato2004"><strong style="color:hsl(199,42%,43.33746380519422%)"><small> </small><span class="username" data-name="renato2004">renato2004</span>:</strong> <em>gg</em></div><div class="chat chatmessage-renato2004"><strong style="color:hsl(199,42%,43.33746380519422%)"><small> </small><span class="username" data-name="renato2004">renato2004</span>:</strong> <em>gg</em></div><div class="chat chatmessage-renato2004"><strong style="color:hsl(199,42%,43.33746380519422%)"><small> </small><span class="username" data-name="renato2004">renato2004</span>:</strong> <em>gg</em></div><div class="chat chatmessage-renato2004"><strong style="color:hsl(199,42%,43.33746380519422%)"><small> </small><span class="username" data-name="renato2004">renato2004</span>:</strong> <em>gg</em></div><div class="chat"><small>renato2004 left.</small></div><div class="chat"><small>Fin8192 left.</small></div><div class="chat"><small>GreenShadowKiller left.</small></div><div class="chat"><small>ALLALA haxes joined.</small></div><div class="chat chatmessage-allalahaxes"><strong style="color:hsl(122,88%,34.81065212887528%)"><small> </small><span class="username" data-name="ALLALA haxes">ALLALA haxes</span>:</strong> <em>battle del secolo no</em></div><div class="chat"><small>ALLALA haxes left.</small></div></div><div class="inner-preempt"></div></div></div>
</div>
<script>
let daily = Math.floor(Date.now()/1000/60/60/24);document.write('<script src="https://play.pokemonshowdown.com/js/replay-embed.js?version'+daily+'"></'+'script>');
</script>
