<!DOCTYPE html>
<meta charset="utf-8" />
<!-- version 1 -->
<title>RU replay: RiceGod vs. grigoz</title>
<style>
html,body {font-family:Verdana, sans-serif;font-size:10pt;margin:0;padding:0;}body{padding:12px 0;} .battle-log {font-family:Verdana, sans-serif;font-size:10pt;} .battle-log-inline {border:1px solid #AAAAAA;background:#EEF2F5;color:black;max-width:640px;margin:0 auto 80px;padding-bottom:5px;} .battle-log .inner {padding:4px 8px 0px 8px;} .battle-log .inner-preempt {padding:0 8px 4px 8px;} .battle-log .inner-after {margin-top:0.5em;} .battle-log h2 {margin:0.5em -8px;padding:4px 8px;border:1px solid #AAAAAA;background:#E0E7EA;border-left:0;border-right:0;font-family:Verdana, sans-serif;font-size:13pt;} .battle-log .chat {vertical-align:middle;padding:3px 0 3px 0;font-size:8pt;} .battle-log .chat strong {color:#40576A;} .battle-log .chat em {padding:1px 4px 1px 3px;color:#000000;font-style:normal;} .chat.mine {background:rgba(0,0,0,0.05);margin-left:-8px;margin-right:-8px;padding-left:8px;padding-right:8px;} .spoiler {color:#BBBBBB;background:#BBBBBB;padding:0px 3px;} .spoiler:hover, .spoiler:active, .spoiler-shown {color:#000000;background:#E2E2E2;padding:0px 3px;} .spoiler a {color:#BBBBBB;} .spoiler:hover a, .spoiler:active a, .spoiler-shown a {color:#2288CC;} .chat code, .chat .spoiler:hover code, .chat .spoiler:active code, .chat .spoiler-shown code {border:1px solid #C0C0C0;background:#EEEEEE;color:black;padding:0 2px;} .chat .spoiler code {border:1px solid #CCCCCC;background:#CCCCCC;color:#CCCCCC;} .battle-log .rated {padding:3px 4px;} .battle-log .rated strong {color:white;background:#89A;padding:1px 4px;border-radius:4px;} .spacer {margin-top:0.5em;} .message-announce {background:#6688AA;color:white;padding:1px 4px 2px;} .message-announce a, .broadcast-green a, .broadcast-blue a, .broadcast-red a {color:#DDEEFF;} .broadcast-green {background-color:#559955;color:white;padding:2px 4px;} .broadcast-blue {background-color:#6688AA;color:white;padding:2px 4px;} .infobox {border:1px solid #6688AA;padding:2px 4px;} .infobox-limited {max-height:200px;overflow:auto;overflow-x:hidden;} .broadcast-red {background-color:#AA5544;color:white;padding:2px 4px;} .message-learn-canlearn {font-weight:bold;color:#228822;text-decoration:underline;} .message-learn-cannotlearn {font-weight:bold;color:#CC2222;text-decoration:underline;} .message-effect-weak {font-weight:bold;color:#CC2222;} .message-effect-resist {font-weight:bold;color:#6688AA;} .message-effect-immune {font-weight:bold;color:#666666;} .message-learn-list {margin-top:0;margin-bottom:0;} .message-throttle-notice, .message-error {color:#992222;} .message-overflow, .chat small.message-overflow {font-size:0pt;} .message-overflow::before {font-size:9pt;content:'...';} .subtle {color:#3A4A66;}
</style>
<div class="wrapper replay-wrapper" style="max-width:1180px;margin:0 auto">
<input type="hidden" name="replayid" value="ru-524094761" />
<div class="battle"></div><div class="battle-log"></div><div class="replay-controls"></div><div class="replay-controls-2"></div>
<h1 style="font-weight:normal;text-align:center"><strong>RU</strong><br /><a href="http://pokemonshowdown.com/users/ricegod" class="subtle" target="_blank">RiceGod</a> vs. <a href="http://pokemonshowdown.com/users/grigoz" class="subtle" target="_blank">grigoz</a></h1>
<script type="text/plain" class="battle-log-data">|j|RiceGod
|j|grigoz
|player|p1|RiceGod|101
|player|p2|grigoz|59
|gametype|singles
|gen|6
|tier|RU
|rated
|seed|17227,17703,34797,17611
|rule|Sleep Clause Mod: Limit one foe put to sleep
|rule|Species Clause: Limit one of each Pokémon
|rule|OHKO Clause: OHKO moves are banned
|rule|Moody Clause: Moody is banned
|rule|Evasion Moves Clause: Evasion moves are banned
|rule|Endless Battle Clause: Forcing endless battles is banned
|rule|HP Percentage Mod: HP is shown in percentages
|clearpoke
|poke|p1|Jolteon, F|item
|poke|p1|Togetic, M|item
|poke|p1|Hitmontop, M|item
|poke|p1|Houndoom, M|item
|poke|p1|Flygon, F|item
|poke|p1|Drapion, F|item
|poke|p2|Crustle, M, shiny|item
|poke|p2|Weezing, M|item
|poke|p2|Xatu, F|item
|poke|p2|Samurott, M|item
|poke|p2|Gurdurr, M|item
|poke|p2|Jolteon, F|item
|rule|Swagger Clause: Swagger is banned
|rule|Baton Pass Clause: Limit one Baton Passer, can't pass Spe and other stats simultaneously
|teampreview
|choice|team 6, team 2, team 3, team 4, team 5, team 1|team 3, team 2, team 1, team 4, team 5, team 6
|
|start
|switch|p1a: Drapion|Drapion, F|343\/343
|switch|p2a: Xatu|Xatu, F|334\/334
|turn|1
|choice|move taunt|move lightscreen
|
|move|p1a: Drapion|Taunt|p2a: Xatu
|move|p2a: Xatu|Taunt|p1a: Drapion|[from]Magic Bounce
|-start|p1a: Drapion|move: Taunt
|move|p2a: Xatu|Light Screen|p2a: Xatu
|-sidestart|p2: grigoz|move: Light Screen
|
|upkeep
|turn|2
|l|RiceGod
|player|p1
|j|RiceGod
|player|p1|RiceGod|101
|choice|move knockoff|move tailwind
|
|move|p1a: Drapion|Knock Off|p2a: Xatu
|-supereffective|p2a: Xatu
|-enditem|p2a: Xatu|Colbur Berry|[eat]
|-enditem|p2a: Xatu|Colbur Berry|[weaken]
|-damage|p2a: Xatu|196\/334
|move|p2a: Xatu|Tailwind|p2a: Xatu
|-sidestart|p2: grigoz|move: Tailwind
|
|upkeep
|turn|3
|choice|move knockoff|move uturn
|
|move|p2a: Xatu|U-turn|p1a: Drapion
|-damage|p1a: Drapion|303\/343
|choice||switch 3
|
|switch|p2a: Crustle|Crustle, M, shiny|344\/344
|move|p1a: Drapion|Knock Off|p2a: Crustle
|-damage|p2a: Crustle|260\/344
|-ability|p2a: Crustle|Weak Armor|boost
|-unboost|p2a: Crustle|def|1
|-boost|p2a: Crustle|spe|1
|-enditem|p2a: Crustle|Red Card|[from] move: Knock Off|[of] p1a: Drapion
|
|-heal|p1a: Drapion|324\/343|[from] item: Black Sludge
|upkeep
|turn|4
|choice|switch 2|move substitute
|
|switch|p1a: Togetic|Togetic, M|314\/314
|move|p2a: Crustle|Substitute|p2a: Crustle
|-start|p2a: Crustle|Substitute
|-damage|p2a: Crustle|174\/344
|
|upkeep
|turn|5
|choice|move dazzlinggleam|move shellsmash
|
|move|p2a: Crustle|Shell Smash|p2a: Crustle
|-unboost|p2a: Crustle|def|1
|-unboost|p2a: Crustle|spd|1
|-boost|p2a: Crustle|atk|2
|-boost|p2a: Crustle|spa|2
|-boost|p2a: Crustle|spe|2
|move|p1a: Togetic|Dazzling Gleam|p2a: Crustle
|-activate|p2a: Crustle|move: Substitute|[damage]
|
|-sideend|p2: grigoz|move: Light Screen
|-sideend|p2: grigoz|move: Tailwind
|upkeep
|turn|6
|choice|move dazzlinggleam|move stoneedge
|
|move|p2a: Crustle|Stone Edge|p1a: Togetic
|-supereffective|p1a: Togetic
|-damage|p1a: Togetic|54\/314
|move|p1a: Togetic|Dazzling Gleam|p2a: Crustle
|-end|p2a: Crustle|Substitute
|
|upkeep
|turn|7
|choice|move dazzlinggleam|move substitute
|
|move|p2a: Crustle|Substitute|p2a: Crustle
|-start|p2a: Crustle|Substitute
|-damage|p2a: Crustle|88\/344
|move|p1a: Togetic|Dazzling Gleam|p2a: Crustle
|-end|p2a: Crustle|Substitute
|
|upkeep
|turn|8
|choice|move dazzlinggleam|move substitute
|
|move|p2a: Crustle|Substitute|p2a: Crustle
|-start|p2a: Crustle|Substitute
|-damage|p2a: Crustle|2\/344
|move|p1a: Togetic|Dazzling Gleam|p2a: Crustle
|-end|p2a: Crustle|Substitute
|
|upkeep
|turn|9
|choice|move dazzlinggleam|move stoneedge
|
|move|p2a: Crustle|Stone Edge|p1a: Togetic
|-supereffective|p1a: Togetic
|-damage|p1a: Togetic|0 fnt
|faint|p1a: Togetic
|
|upkeep
|choice|switch 2|
|
|switch|p1a: Drapion|Drapion, F|324\/343
|turn|10
|choice|move knockoff|move xscissor
|
|move|p2a: Crustle|X-Scissor|p1a: Drapion
|-damage|p1a: Drapion|146\/343
|move|p1a: Drapion|Knock Off|p2a: Crustle
|-damage|p2a: Crustle|0 fnt
|faint|p2a: Crustle
|
|-heal|p1a: Drapion|167\/343|[from] item: Black Sludge
|upkeep
|choice||switch 2
|
|switch|p2a: Weezing|Weezing, M|334\/334
|turn|11
|choice|move taunt|switch 5
|
|switch|p2a: Gurdurr|Gurdurr, M|374\/374
|move|p1a: Drapion|Taunt|p2a: Gurdurr
|-start|p2a: Gurdurr|move: Taunt
|
|-heal|p1a: Drapion|188\/343|[from] item: Black Sludge
|upkeep
|turn|12
|choice|move whirlwind|move drainpunch
|
|move|p2a: Gurdurr|Drain Punch|p1a: Drapion
|-damage|p1a: Drapion|77\/343
|move|p1a: Drapion|Whirlwind|p2a: Gurdurr
|drag|p2a: Jolteon|Jolteon, F|334\/334
|-item|p2a: Jolteon|Air Balloon
|
|-heal|p1a: Drapion|98\/343|[from] item: Black Sludge
|upkeep
|turn|13
|choice|switch 6|move substitute
|
|switch|p1a: Jolteon|Jolteon, F|271\/271
|move|p2a: Jolteon|Substitute|p2a: Jolteon
|-start|p2a: Jolteon|Substitute
|-damage|p2a: Jolteon|251\/334
|
|upkeep
|turn|14
|choice|move thunderbolt|move toxic
|
|move|p1a: Jolteon|Thunderbolt|p2a: Jolteon
|-resisted|p2a: Jolteon
|-end|p2a: Jolteon|Substitute
|-enditem|p2a: Jolteon|Air Balloon
|-damage|p1a: Jolteon|244\/271|[from] item: Life Orb
|move|p2a: Jolteon|Toxic|p1a: Jolteon
|-status|p1a: Jolteon|tox
|
|-damage|p1a: Jolteon|228\/271 tox|[from] psn
|upkeep
|turn|15
|choice|move thunderbolt|move substitute
|
|move|p1a: Jolteon|Thunderbolt|p2a: Jolteon
|-resisted|p2a: Jolteon
|-crit|p2a: Jolteon
|-damage|p2a: Jolteon|103\/334
|-damage|p1a: Jolteon|201\/271 tox|[from] item: Life Orb
|move|p2a: Jolteon|Substitute|p2a: Jolteon
|-start|p2a: Jolteon|Substitute
|-damage|p2a: Jolteon|20\/334
|
|-damage|p1a: Jolteon|169\/271 tox|[from] psn
|upkeep
|turn|16
|choice|move thunderbolt|move wish
|
|move|p1a: Jolteon|Thunderbolt|p2a: Jolteon
|-resisted|p2a: Jolteon
|-end|p2a: Jolteon|Substitute
|-damage|p1a: Jolteon|142\/271 tox|[from] item: Life Orb
|move|p2a: Jolteon|Wish|p2a: Jolteon
|
|-damage|p1a: Jolteon|94\/271 tox|[from] psn
|upkeep
|turn|17
|choice|move voltswitch|move protect
|
|move|p2a: Jolteon|Protect|p2a: Jolteon
|-singleturn|p2a: Jolteon|Protect
|move|p1a: Jolteon|Volt Switch|p2a: Jolteon
|-activate|p2a: Jolteon|move: Protect
|
|-heal|p2a: Jolteon|187\/334|[from] move: Wish|[wisher] Jolteon
|-damage|p1a: Jolteon|30\/271 tox|[from] psn
|upkeep
|turn|18
|choice|move signalbeam|switch 6
|
|switch|p2a: Gurdurr|Gurdurr, M|374\/374
|move|p1a: Jolteon|Signal Beam|p2a: Gurdurr
|-resisted|p2a: Gurdurr
|-damage|p2a: Gurdurr|313\/374
|-start|p2a: Gurdurr|confusion
|-damage|p1a: Jolteon|3\/271 tox|[from] item: Life Orb
|
|-damage|p1a: Jolteon|0 fnt|[from] psn
|upkeep
|faint|p1a: Jolteon
|choice|switch 5|
|
|switch|p1a: Flygon|Flygon, F|301\/301
|turn|19
|choice|move dragonclaw|move knockoff
|
|move|p1a: Flygon|Dragon Claw|p2a: Gurdurr
|-crit|p2a: Gurdurr
|-damage|p2a: Gurdurr|109\/374
|-activate|p2a: Gurdurr|confusion
|move|p2a: Gurdurr|Knock Off|p1a: Flygon
|-damage|p1a: Flygon|172\/301
|-enditem|p1a: Flygon|Choice Band|[from] move: Knock Off|[of] p2a: Gurdurr
|
|upkeep
|turn|20
|choice|move dragonclaw|move bulkup
|
|move|p1a: Flygon|Dragon Claw|p2a: Gurdurr
|-damage|p2a: Gurdurr|19\/374
|-end|p2a: Gurdurr|confusion
|move|p2a: Gurdurr|Bulk Up|p2a: Gurdurr
|-boost|p2a: Gurdurr|atk|1
|-boost|p2a: Gurdurr|def|1
|
|upkeep
|turn|21
|choice|move dragonclaw|move machpunch
|
|move|p2a: Gurdurr|Mach Punch|p1a: Flygon
|-damage|p1a: Flygon|40\/301
|move|p1a: Flygon|Dragon Claw|p2a: Gurdurr
|-damage|p2a: Gurdurr|0 fnt
|faint|p2a: Gurdurr
|
|upkeep
|choice||switch 4
|
|switch|p2a: Samurott|Samurott, M|332\/332
|turn|22
|choice|move outrage|move hydropump
|
|move|p2a: Samurott|Hydro Pump|p1a: Flygon
|-damage|p1a: Flygon|0 fnt
|faint|p1a: Flygon
|
|upkeep
|choice|switch 6|
|
|switch|p1a: Drapion|Drapion, F|98\/343
|turn|23
|choice|move knockoff|move hydropump
|
|move|p2a: Samurott|Hydro Pump|p1a: Drapion
|-damage|p1a: Drapion|0 fnt
|faint|p1a: Drapion
|
|upkeep
|choice|switch 4|
|
|switch|p1a: Houndoom|Houndoom, M|291\/291
|turn|24
|choice|move hiddenpower|move hydropump
|
|move|p2a: Samurott|Hydro Pump|p1a: Houndoom
|-supereffective|p1a: Houndoom
|-damage|p1a: Houndoom|0 fnt
|faint|p1a: Houndoom
|
|upkeep
|choice|switch 3|
|
|switch|p1a: Hitmontop|Hitmontop, M|304\/304
|-ability|p1a: Hitmontop|Intimidate|boost
|-unboost|p2a: Samurott|atk|1
|turn|25
|c|★RiceGod|gg
|choice|move toxic|move hydropump
|
|move|p2a: Samurott|Hydro Pump|p1a: Hitmontop
|-crit|p1a: Hitmontop
|-damage|p1a: Hitmontop|64\/304
|move|p1a: Hitmontop|Toxic|p2a: Samurott
|-status|p2a: Samurott|tox
|
|-heal|p1a: Hitmontop|83\/304|[from] item: Leftovers
|-damage|p2a: Samurott|312\/332 tox|[from] psn
|upkeep
|turn|26
|c|★grigoz|gg
|choice|move closecombat|move hydropump
|
|move|p2a: Samurott|Hydro Pump|p1a: Hitmontop
|-damage|p1a: Hitmontop|0 fnt
|faint|p1a: Hitmontop
|
|win|grigoz
|player|p1
|player|p2
|l|RiceGod
|raw|RiceGod's rating: 1000 &rarr; <strong>1000<\/strong><br \/>(+0 for losing)
|raw|grigoz's rating: 1098 &rarr; <strong>1116<\/strong><br \/>(+18 for winning)
|c|★grigoz|too many hydropumps worked
|c|★grigoz|sorry about the hax</script>
</div>
<div class="battle-log battle-log-inline"><div class="inner"><div class="battle-options"></div><div class="inner"><div class="chat"><small>RiceGod joined.</small></div><div class="chat"><small>grigoz joined.</small></div><div class=""><small>Format:</small> <br><strong>RU</strong></div><div class="rated"><strong>Rated battle</strong></div><div class=""><small><em>Sleep Clause Mod:</em> Limit one foe put to sleep</small></div><div class=""><small><em>Species Clause:</em> Limit one of each Pokémon</small></div><div class=""><small><em>OHKO Clause:</em> OHKO moves are banned</small></div><div class=""><small><em>Moody Clause:</em> Moody is banned</small></div><div class=""><small><em>Evasion Moves Clause:</em> Evasion moves are banned</small></div><div class=""><small><em>Endless Battle Clause:</em> Forcing endless battles is banned</small></div><div class=""><small><em>HP Percentage Mod:</em> HP is shown in percentages</small></div><div class=""><small><em>Swagger Clause:</em> Swagger is banned</small></div><div class=""><small><em>Baton Pass Clause:</em> Limit one Baton Passer, can't pass Spe and other stats simultaneously</small></div><div class="chat battle-history"><strong>RiceGod's team:</strong> <em style="color:#445566;display:block;">Jolteon / Togetic / Hitmontop / Houndoom / Flygon / Drapion</em></div><div class="chat battle-history"><strong>grigoz's team:</strong> <em style="color:#445566;display:block;">Crustle / Weezing / Xatu / Samurott / Gurdurr / Jolteon</em></div><div class="spacer battle-history"><br></div><div class="battle-history">Battle started between RiceGod and grigoz!<br></div><div class="spacer battle-history"><br></div><div class="battle-history">Go! <strong>Drapion</strong>!<br></div><div class="spacer battle-history"><br></div><div class="battle-history">grigoz sent out <strong>Xatu</strong>!<br></div><div class="spacer battle-history"><br></div><h2 class="battle-history">Turn 1</h2><div class="spacer battle-history"><br></div><div class="battle-history">Drapion used <strong>Taunt</strong>!<br></div><div class="spacer battle-history"><br></div><div class="battle-history"><small>[The opposing Xatu's Magic Bounce]</small><br>The opposing Xatu bounced the Taunt back!<br></div><div class="battle-history"><small>Drapion fell for the taunt!</small><br></div><div class="spacer battle-history"><br></div><div class="battle-history">The opposing Xatu used <strong>Light Screen</strong>!<br></div><div class="battle-history"><small>Light Screen made the opposing team stronger against special moves!</small><br></div><div class="spacer battle-history"><br></div><h2 class="battle-history">Turn 2</h2><div class="chat"><small>RiceGod left.</small></div><div class="chat"><small>RiceGod joined.</small></div><div class="spacer battle-history"><br></div><div class="battle-history">Drapion used <strong>Knock Off</strong>!<br></div><div class="battle-history"><small>It's super effective!</small><br></div><div class="battle-history"><small>The opposing Xatu ate its Colbur Berry!</small><br></div><div class="battle-history"><small>The Colbur Berry weakened the damage to the opposing Xatu!</small><br></div><div class="battle-history"><small>(The opposing Xatu lost <abbr title="−138/334">41.3%</abbr> of its health!)</small><br></div><div class="spacer battle-history"><br></div><div class="battle-history">The opposing Xatu used <strong>Tailwind</strong>!<br></div><div class="battle-history"><small>The Tailwind blew from behind the opposing team!</small><br></div><div class="spacer battle-history"><br></div><h2 class="battle-history">Turn 3</h2><div class="spacer battle-history"><br></div><div class="battle-history">The opposing Xatu used <strong>U-turn</strong>!<br></div><div class="battle-history"><small>(Drapion lost <abbr title="−40/343">11.7%</abbr> of its health!)</small><br></div><div class="spacer battle-history"><br></div><div class="battle-history">The opposing Xatu went back to grigoz!<br></div><div class="battle-history">grigoz sent out <strong>Crustle</strong>!<br></div><div class="spacer battle-history"><br></div><div class="battle-history">Drapion used <strong>Knock Off</strong>!<br></div><div class="battle-history"><small>(The opposing Crustle lost <abbr title="−84/344">24.4%</abbr> of its health!)</small><br></div><div class="battle-history"><small>[The opposing Crustle's Weak Armor]</small><br></div><div class="battle-history"><small>The opposing Crustle's Defense fell!</small><br></div><div class="battle-history"><small>The opposing Crustle's Speed rose!</small><br></div><div class="battle-history"><small>Drapion knocked off the opposing Crustle's Red Card!</small><br></div><div class="spacer battle-history"><br></div><div class="battle-history"><small>Drapion restored a little HP using its Black Sludge!</small><br></div><div class="spacer battle-history"><br></div><h2 class="battle-history">Turn 4</h2><div class="spacer battle-history"><br></div><div class="battle-history">Drapion, come back!<br></div><div class="battle-history">Go! <strong>Togetic</strong>!<br></div><div class="spacer battle-history"><br></div><div class="battle-history">The opposing Crustle used <strong>Substitute</strong>!<br></div><div class="battle-history"><small>The opposing Crustle put in a substitute!</small><br></div><div class="battle-history"><small>(The opposing Crustle lost <abbr title="−86/344">25%</abbr> of its health!)</small><br></div><div class="spacer battle-history"><br></div><h2 class="battle-history">Turn 5</h2><div class="spacer battle-history"><br></div><div class="battle-history">The opposing Crustle used <strong>Shell Smash</strong>!<br></div><div class="battle-history"><small>The opposing Crustle's Defense fell!</small><br></div><div class="battle-history"><small>The opposing Crustle's Special Defense fell!</small><br></div><div class="battle-history"><small>The opposing Crustle's Attack rose sharply!</small><br></div><div class="battle-history"><small>The opposing Crustle's Special Attack rose sharply!</small><br></div><div class="battle-history"><small>The opposing Crustle's Speed rose sharply!</small><br></div><div class="spacer battle-history"><br></div><div class="battle-history">Togetic used <strong>Dazzling Gleam</strong>!<br></div><div class="battle-history"><small>The substitute took damage for the opposing Crustle!</small><br></div><div class="spacer battle-history"><br></div><div class="battle-history"><small>The opposing team's Light Screen wore off!</small><br></div><div class="battle-history"><small>The opposing team's Tailwind petered out!</small><br></div><div class="spacer battle-history"><br></div><h2 class="battle-history">Turn 6</h2><div class="spacer battle-history"><br></div><div class="battle-history">The opposing Crustle used <strong>Stone Edge</strong>!<br></div><div class="battle-history"><small>It's super effective!</small><br></div><div class="battle-history"><small>(Togetic lost <abbr title="−260/314">82.8%</abbr> of its health!)</small><br></div><div class="spacer battle-history"><br></div><div class="battle-history">Togetic used <strong>Dazzling Gleam</strong>!<br></div><div class="battle-history"><small>The opposing Crustle's substitute faded!</small><br></div><div class="spacer battle-history"><br></div><h2 class="battle-history">Turn 7</h2><div class="spacer battle-history"><br></div><div class="battle-history">The opposing Crustle used <strong>Substitute</strong>!<br></div><div class="battle-history"><small>The opposing Crustle put in a substitute!</small><br></div><div class="battle-history"><small>(The opposing Crustle lost <abbr title="−86/344">25%</abbr> of its health!)</small><br></div><div class="spacer battle-history"><br></div><div class="battle-history">Togetic used <strong>Dazzling Gleam</strong>!<br></div><div class="battle-history"><small>The opposing Crustle's substitute faded!</small><br></div><div class="spacer battle-history"><br></div><h2 class="battle-history">Turn 8</h2><div class="spacer battle-history"><br></div><div class="battle-history">The opposing Crustle used <strong>Substitute</strong>!<br></div><div class="battle-history"><small>The opposing Crustle put in a substitute!</small><br></div><div class="battle-history"><small>(The opposing Crustle lost <abbr title="−86/344">25%</abbr> of its health!)</small><br></div><div class="spacer battle-history"><br></div><div class="battle-history">Togetic used <strong>Dazzling Gleam</strong>!<br></div><div class="battle-history"><small>The opposing Crustle's substitute faded!</small><br></div><div class="spacer battle-history"><br></div><h2 class="battle-history">Turn 9</h2><div class="spacer battle-history"><br></div><div class="battle-history">The opposing Crustle used <strong>Stone Edge</strong>!<br></div><div class="battle-history"><small>It's super effective!</small><br></div><div class="battle-history"><small>(Togetic lost <abbr title="−54/314">17.2%</abbr> of its health!)</small><br></div><div class="spacer battle-history"><br></div><div class="battle-history">Togetic fainted!<br></div><div class="spacer battle-history"><br></div><div class="battle-history">Go! <strong>Drapion</strong>!<br></div><div class="spacer battle-history"><br></div><h2 class="battle-history">Turn 10</h2><div class="spacer battle-history"><br></div><div class="battle-history">The opposing Crustle used <strong>X-Scissor</strong>!<br></div><div class="battle-history"><small>(Drapion lost <abbr title="−178/343">51.9%</abbr> of its health!)</small><br></div><div class="spacer battle-history"><br></div><div class="battle-history">Drapion used <strong>Knock Off</strong>!<br></div><div class="battle-history"><small>(The opposing Crustle lost <abbr title="−2/344">0.6%</abbr> of its health!)</small><br></div><div class="spacer battle-history"><br></div><div class="battle-history">The opposing Crustle fainted!<br></div><div class="spacer battle-history"><br></div><div class="battle-history"><small>Drapion restored a little HP using its Black Sludge!</small><br></div><div class="spacer battle-history"><br></div><div class="battle-history">grigoz sent out <strong>Weezing</strong>!<br></div><div class="spacer battle-history"><br></div><h2 class="battle-history">Turn 11</h2><div class="spacer battle-history"><br></div><div class="battle-history">grigoz withdrew Weezing!<br></div><div class="battle-history">grigoz sent out <strong>Gurdurr</strong>!<br></div><div class="spacer battle-history"><br></div><div class="battle-history">Drapion used <strong>Taunt</strong>!<br></div><div class="battle-history"><small>The opposing Gurdurr fell for the taunt!</small><br></div><div class="spacer battle-history"><br></div><div class="battle-history"><small>Drapion restored a little HP using its Black Sludge!</small><br></div><div class="spacer battle-history"><br></div><h2 class="battle-history">Turn 12</h2><div class="spacer battle-history"><br></div><div class="battle-history">The opposing Gurdurr used <strong>Drain Punch</strong>!<br></div><div class="battle-history"><small>(Drapion lost <abbr title="−111/343">32.4%</abbr> of its health!)</small><br></div><div class="spacer battle-history"><br></div><div class="battle-history">Drapion used <strong>Whirlwind</strong>!<br></div><div class="spacer battle-history"><br></div><div class="battle-history"><strong>Jolteon</strong> was dragged out!<br></div><div class="battle-history"><small>The opposing Jolteon floats in the air with its Air Balloon!</small><br></div><div class="spacer battle-history"><br></div><div class="battle-history"><small>Drapion restored a little HP using its Black Sludge!</small><br></div><div class="spacer battle-history"><br></div><h2 class="battle-history">Turn 13</h2><div class="spacer battle-history"><br></div><div class="battle-history">Drapion, come back!<br></div><div class="battle-history">Go! <strong>Jolteon</strong>!<br></div><div class="spacer battle-history"><br></div><div class="battle-history">The opposing Jolteon used <strong>Substitute</strong>!<br></div><div class="battle-history"><small>The opposing Jolteon put in a substitute!</small><br></div><div class="battle-history"><small>(The opposing Jolteon lost <abbr title="−83/334">24.9%</abbr> of its health!)</small><br></div><div class="spacer battle-history"><br></div><h2 class="battle-history">Turn 14</h2><div class="spacer battle-history"><br></div><div class="battle-history">Jolteon used <strong>Thunderbolt</strong>!<br></div><div class="battle-history"><small>It's not very effective...</small><br></div><div class="battle-history"><small>The opposing Jolteon's substitute faded!</small><br></div><div class="battle-history"><small>The opposing Jolteon's Air Balloon popped!</small><br></div><div class="battle-history"><small>Jolteon lost some of its HP!</small><br></div><div class="spacer battle-history"><br></div><div class="battle-history">The opposing Jolteon used <strong>Toxic</strong>!<br></div><div class="battle-history"><small>Jolteon was badly poisoned!</small><br></div><div class="spacer battle-history"><br></div><div class="battle-history"><small>Jolteon was hurt by poison!</small><br></div><div class="spacer battle-history"><br></div><h2 class="battle-history">Turn 15</h2><div class="spacer battle-history"><br></div><div class="battle-history">Jolteon used <strong>Thunderbolt</strong>!<br></div><div class="battle-history"><small>It's not very effective...</small><br></div><div class="battle-history"><small>A critical hit!</small><br></div><div class="battle-history"><small>(The opposing Jolteon lost <abbr title="−148/334">44.3%</abbr> of its health!)</small><br></div><div class="battle-history"><small>Jolteon lost some of its HP!</small><br></div><div class="spacer battle-history"><br></div><div class="battle-history">The opposing Jolteon used <strong>Substitute</strong>!<br></div><div class="battle-history"><small>The opposing Jolteon put in a substitute!</small><br></div><div class="battle-history"><small>(The opposing Jolteon lost <abbr title="−83/334">24.9%</abbr> of its health!)</small><br></div><div class="spacer battle-history"><br></div><div class="battle-history"><small>Jolteon was hurt by poison!</small><br></div><div class="spacer battle-history"><br></div><h2 class="battle-history">Turn 16</h2><div class="spacer battle-history"><br></div><div class="battle-history">Jolteon used <strong>Thunderbolt</strong>!<br></div><div class="battle-history"><small>It's not very effective...</small><br></div><div class="battle-history"><small>The opposing Jolteon's substitute faded!</small><br></div><div class="battle-history"><small>Jolteon lost some of its HP!</small><br></div><div class="spacer battle-history"><br></div><div class="battle-history">The opposing Jolteon used <strong>Wish</strong>!<br></div><div class="spacer battle-history"><br></div><div class="battle-history"><small>Jolteon was hurt by poison!</small><br></div><div class="spacer battle-history"><br></div><h2 class="battle-history">Turn 17</h2><div class="spacer battle-history"><br></div><div class="battle-history">The opposing Jolteon used <strong>Protect</strong>!<br></div><div class="battle-history"><small>The opposing Jolteon protected itself!</small><br></div><div class="spacer battle-history"><br></div><div class="battle-history">Jolteon used <strong>Volt Switch</strong>!<br></div><div class="battle-history"><small>The opposing Jolteon protected itself!</small><br></div><div class="spacer battle-history"><br></div><div class="battle-history"><small>Jolteon's wish came true!</small><br></div><div class="battle-history"><small>Jolteon was hurt by poison!</small><br></div><div class="spacer battle-history"><br></div><h2 class="battle-history">Turn 18</h2><div class="spacer battle-history"><br></div><div class="battle-history">grigoz withdrew Jolteon!<br></div><div class="battle-history">grigoz sent out <strong>Gurdurr</strong>!<br></div><div class="spacer battle-history"><br></div><div class="battle-history">Jolteon used <strong>Signal Beam</strong>!<br></div><div class="battle-history"><small>It's not very effective...</small><br></div><div class="battle-history"><small>(The opposing Gurdurr lost <abbr title="−61/374">16.3%</abbr> of its health!)</small><br></div><div class="battle-history"><small>The opposing Gurdurr became confused!</small><br></div><div class="battle-history"><small>Jolteon lost some of its HP!</small><br></div><div class="spacer battle-history"><br></div><div class="battle-history"><small>Jolteon was hurt by poison!</small><br></div><div class="spacer battle-history"><br></div><div class="battle-history">Jolteon fainted!<br></div><div class="spacer battle-history"><br></div><div class="battle-history">Go! <strong>Flygon</strong>!<br></div><div class="spacer battle-history"><br></div><h2 class="battle-history">Turn 19</h2><div class="spacer battle-history"><br></div><div class="battle-history">Flygon used <strong>Dragon Claw</strong>!<br></div><div class="battle-history"><small>A critical hit!</small><br></div><div class="battle-history"><small>(The opposing Gurdurr lost <abbr title="−204/374">54.5%</abbr> of its health!)</small><br></div><div class="spacer battle-history"><br></div><div class="battle-history"><small>The opposing Gurdurr is confused!</small><br></div><div class="battle-history">The opposing Gurdurr used <strong>Knock Off</strong>!<br></div><div class="battle-history"><small>(Flygon lost <abbr title="−129/301">42.9%</abbr> of its health!)</small><br></div><div class="battle-history"><small>The opposing Gurdurr knocked off Flygon's Choice Band!</small><br></div><div class="spacer battle-history"><br></div><h2 class="battle-history">Turn 20</h2><div class="spacer battle-history"><br></div><div class="battle-history">Flygon used <strong>Dragon Claw</strong>!<br></div><div class="battle-history"><small>(The opposing Gurdurr lost <abbr title="−90/374">24.1%</abbr> of its health!)</small><br></div><div class="battle-history"><small>The opposing Gurdurr snapped out of its confusion!</small><br></div><div class="spacer battle-history"><br></div><div class="battle-history">The opposing Gurdurr used <strong>Bulk Up</strong>!<br></div><div class="battle-history"><small>The opposing Gurdurr's Attack rose!</small><br></div><div class="battle-history"><small>The opposing Gurdurr's Defense rose!</small><br></div><div class="spacer battle-history"><br></div><h2 class="battle-history">Turn 21</h2><div class="spacer battle-history"><br></div><div class="battle-history">The opposing Gurdurr used <strong>Mach Punch</strong>!<br></div><div class="battle-history"><small>(Flygon lost <abbr title="−132/301">43.9%</abbr> of its health!)</small><br></div><div class="spacer battle-history"><br></div><div class="battle-history">Flygon used <strong>Dragon Claw</strong>!<br></div><div class="battle-history"><small>(The opposing Gurdurr lost <abbr title="−19/374">5.1%</abbr> of its health!)</small><br></div><div class="spacer battle-history"><br></div><div class="battle-history">The opposing Gurdurr fainted!<br></div><div class="spacer battle-history"><br></div><div class="battle-history">grigoz sent out <strong>Samurott</strong>!<br></div><div class="spacer battle-history"><br></div><h2 class="battle-history">Turn 22</h2><div class="spacer battle-history"><br></div><div class="battle-history">The opposing Samurott used <strong>Hydro Pump</strong>!<br></div><div class="battle-history"><small>(Flygon lost <abbr title="−40/301">13.3%</abbr> of its health!)</small><br></div><div class="spacer battle-history"><br></div><div class="battle-history">Flygon fainted!<br></div><div class="spacer battle-history"><br></div><div class="battle-history">Go! <strong>Drapion</strong>!<br></div><div class="spacer battle-history"><br></div><h2 class="battle-history">Turn 23</h2><div class="spacer battle-history"><br></div><div class="battle-history">The opposing Samurott used <strong>Hydro Pump</strong>!<br></div><div class="battle-history"><small>(Drapion lost <abbr title="−98/343">28.6%</abbr> of its health!)</small><br></div><div class="spacer battle-history"><br></div><div class="battle-history">Drapion fainted!<br></div><div class="spacer battle-history"><br></div><div class="battle-history">Go! <strong>Houndoom</strong>!<br></div><div class="spacer battle-history"><br></div><h2 class="battle-history">Turn 24</h2><div class="spacer battle-history"><br></div><div class="battle-history">The opposing Samurott used <strong>Hydro Pump</strong>!<br></div><div class="battle-history"><small>It's super effective!</small><br></div><div class="battle-history"><small>(Houndoom lost <abbr title="−291/291">100%</abbr> of its health!)</small><br></div><div class="spacer battle-history"><br></div><div class="battle-history">Houndoom fainted!<br></div><div class="spacer battle-history"><br></div><div class="battle-history">Go! <strong>Hitmontop</strong>!<br></div><div class="battle-history"><small>[Hitmontop's Intimidate]</small><br></div><div class="battle-history"><small>The opposing Samurott's Attack fell!</small><br></div><div class="spacer battle-history"><br></div><h2 class="battle-history">Turn 25</h2><div class="chat chatmessage-ricegod"><strong style="color:hsl(125,78%,37.02079497388531%)"><small>★</small><span class="username" data-name="RiceGod">RiceGod</span>:</strong> <em>gg</em></div><div class="spacer battle-history"><br></div><div class="battle-history">The opposing Samurott used <strong>Hydro Pump</strong>!<br></div><div class="battle-history"><small>A critical hit!</small><br></div><div class="battle-history"><small>(Hitmontop lost <abbr title="−240/304">78.9%</abbr> of its health!)</small><br></div><div class="spacer battle-history"><br></div><div class="battle-history">Hitmontop used <strong>Toxic</strong>!<br></div><div class="battle-history"><small>The opposing Samurott was badly poisoned!</small><br></div><div class="spacer battle-history"><br></div><div class="battle-history"><small>Hitmontop restored a little HP using its Leftovers!</small><br></div><div class="battle-history"><small>The opposing Samurott was hurt by poison!</small><br></div><div class="spacer battle-history"><br></div><h2 class="battle-history">Turn 26</h2><div class="chat chatmessage-grigoz"><strong style="color:hsl(258,47%,59.35231688112293%)"><small>★</small><span class="username" data-name="grigoz">grigoz</span>:</strong> <em>gg</em></div><div class="spacer battle-history"><br></div><div class="battle-history">The opposing Samurott used <strong>Hydro Pump</strong>!<br></div><div class="battle-history"><small>(Hitmontop lost <abbr title="−83/304">27.3%</abbr> of its health!)</small><br></div><div class="spacer battle-history"><br></div><div class="battle-history">Hitmontop fainted!<br></div><div class="spacer battle-history"><br></div><div class="battle-history"><strong>grigoz</strong> won the battle!<br></div><div class="chat"><small>RiceGod left.</small></div><div class="chat">RiceGod's rating: 1000 → <strong>1000</strong><br>(+0 for losing)</div><div class="chat">grigoz's rating: 1098 → <strong>1116</strong><br>(+18 for winning)</div><div class="chat chatmessage-grigoz"><strong style="color:hsl(258,47%,59.35231688112293%)"><small>★</small><span class="username" data-name="grigoz">grigoz</span>:</strong> <em>too many hydropumps worked</em></div><div class="chat chatmessage-grigoz"><strong style="color:hsl(258,47%,59.35231688112293%)"><small>★</small><span class="username" data-name="grigoz">grigoz</span>:</strong> <em>sorry about the hax</em></div></div><div class="inner-preempt"></div></div></div>
</div>
<script>
let daily = Math.floor(Date.now()/1000/60/60/24);document.write('<script src="https://play.pokemonshowdown.com/js/replay-embed.js?version'+daily+'"></'+'script>');
</script>
