<!DOCTYPE html>
<meta charset="utf-8" />
<!-- version 1 -->
<title>RU replay: Miyami vs. iRKD</title>
<style>
html,body {font-family:Verdana, sans-serif;font-size:10pt;margin:0;padding:0;}body{padding:12px 0;} .battle-log {font-family:Verdana, sans-serif;font-size:10pt;} .battle-log-inline {border:1px solid #AAAAAA;background:#EEF2F5;color:black;max-width:640px;margin:0 auto 80px;padding-bottom:5px;} .battle-log .inner {padding:4px 8px 0px 8px;} .battle-log .inner-preempt {padding:0 8px 4px 8px;} .battle-log .inner-after {margin-top:0.5em;} .battle-log h2 {margin:0.5em -8px;padding:4px 8px;border:1px solid #AAAAAA;background:#E0E7EA;border-left:0;border-right:0;font-family:Verdana, sans-serif;font-size:13pt;} .battle-log .chat {vertical-align:middle;padding:3px 0 3px 0;font-size:8pt;} .battle-log .chat strong {color:#40576A;} .battle-log .chat em {padding:1px 4px 1px 3px;color:#000000;font-style:normal;} .chat.mine {background:rgba(0,0,0,0.05);margin-left:-8px;margin-right:-8px;padding-left:8px;padding-right:8px;} .spoiler {color:#BBBBBB;background:#BBBBBB;padding:0px 3px;} .spoiler:hover, .spoiler:active, .spoiler-shown {color:#000000;background:#E2E2E2;padding:0px 3px;} .spoiler a {color:#BBBBBB;} .spoiler:hover a, .spoiler:active a, .spoiler-shown a {color:#2288CC;} .chat code, .chat .spoiler:hover code, .chat .spoiler:active code, .chat .spoiler-shown code {border:1px solid #C0C0C0;background:#EEEEEE;color:black;padding:0 2px;} .chat .spoiler code {border:1px solid #CCCCCC;background:#CCCCCC;color:#CCCCCC;} .battle-log .rated {padding:3px 4px;} .battle-log .rated strong {color:white;background:#89A;padding:1px 4px;border-radius:4px;} .spacer {margin-top:0.5em;} .message-announce {background:#6688AA;color:white;padding:1px 4px 2px;} .message-announce a, .broadcast-green a, .broadcast-blue a, .broadcast-red a {color:#DDEEFF;} .broadcast-green {background-color:#559955;color:white;padding:2px 4px;} .broadcast-blue {background-color:#6688AA;color:white;padding:2px 4px;} .infobox {border:1px solid #6688AA;padding:2px 4px;} .infobox-limited {max-height:200px;overflow:auto;overflow-x:hidden;} .broadcast-red {background-color:#AA5544;color:white;padding:2px 4px;} .message-learn-canlearn {font-weight:bold;color:#228822;text-decoration:underline;} .message-learn-cannotlearn {font-weight:bold;color:#CC2222;text-decoration:underline;} .message-effect-weak {font-weight:bold;color:#CC2222;} .message-effect-resist {font-weight:bold;color:#6688AA;} .message-effect-immune {font-weight:bold;color:#666666;} .message-learn-list {margin-top:0;margin-bottom:0;} .message-throttle-notice, .message-error {color:#992222;} .message-overflow, .chat small.message-overflow {font-size:0pt;} .message-overflow::before {font-size:9pt;content:'...';} .subtle {color:#3A4A66;}
</style>
<div class="wrapper replay-wrapper" style="max-width:1180px;margin:0 auto">
<input type="hidden" name="replayid" value="ru-488563044" />
<div class="battle"></div><div class="battle-log"></div><div class="replay-controls"></div><div class="replay-controls-2"></div>
<h1 style="font-weight:normal;text-align:center"><strong>RU</strong><br /><a href="http://pokemonshowdown.com/users/miyami" class="subtle" target="_blank">Miyami</a> vs. <a href="http://pokemonshowdown.com/users/irkd" class="subtle" target="_blank">iRKD</a></h1>
<script type="text/plain" class="battle-log-data">|j|Miyami
|j|iRKD
|player|p1|Miyami|44
|player|p2|iRKD|287
|gametype|singles
|gen|6
|tier|RU
|seed|38395,30592,33221,20963
|rule|Sleep Clause Mod: Limit one foe put to sleep
|rule|Species Clause: Limit one of each Pokémon
|rule|OHKO Clause: OHKO moves are banned
|rule|Moody Clause: Moody is banned
|rule|Evasion Moves Clause: Evasion moves are banned
|rule|Endless Battle Clause: Forcing endless battles is banned
|rule|HP Percentage Mod: HP is shown in percentages
|clearpoke
|poke|p1|Combusken, F|item
|poke|p1|Xatu, M|item
|poke|p1|Hariyama, F|item
|poke|p1|Alomomola, M|item
|poke|p1|Registeel|item
|poke|p1|Malamar, F|item
|poke|p2|Glalie, F|item
|poke|p2|Flygon, F|item
|poke|p2|Magneton|item
|poke|p2|Uxie|item
|poke|p2|Houndoom, M|item
|poke|p2|Virizion|item
|rule|Swagger Clause: Swagger is banned
|rule|Baton Pass Clause: Limit one Baton Passer, can't pass Spe and other stats simultaneously
|teampreview
|choice|team 5, team 2, team 3, team 4, team 1, team 6|team 2, team 1, team 3, team 4, team 5, team 6
|
|start
|switch|p1a: Light of Skies|Registeel|364\/364
|switch|p2a: Flygon|Flygon, F|301\/301
|turn|1
|choice|move stealthrock|move uturn
|
|move|p2a: Flygon|U-turn|p1a: Light of Skies
|-resisted|p1a: Light of Skies
|-damage|p1a: Light of Skies|326\/364
|choice||switch 6
|
|switch|p2a: Virizion|Virizion|323\/323
|move|p1a: Light of Skies|Stealth Rock|p2a: Virizion
|-sidestart|p2: iRKD|move: Stealth Rock
|
|-heal|p1a: Light of Skies|348\/364|[from] item: Leftovers
|turn|2
|choice|switch 2|move swordsdance
|
|switch|p1a: Eye of Minds|Xatu, M|334\/334
|move|p2a: Virizion|Swords Dance|p2a: Virizion
|-boost|p2a: Virizion|atk|2
|
|turn|3
|choice|move storedpower|move stoneedge
|
|move|p2a: Virizion|Stone Edge|p1a: Eye of Minds
|-supereffective|p1a: Eye of Minds
|-damage|p1a: Eye of Minds|0 fnt
|-damage|p2a: Virizion|291\/323|[from] item: Life Orb
|faint|p1a: Eye of Minds
|
|choice|switch 3|
|
|switch|p1a: Strength of Gods|Hariyama, F|431\/431
|turn|4
|choice|move icepunch|move closecombat
|
|move|p2a: Virizion|Close Combat|p1a: Strength of Gods
|-damage|p1a: Strength of Gods|0 fnt
|-unboost|p2a: Virizion|def|1
|-unboost|p2a: Virizion|spd|1
|-damage|p2a: Virizion|259\/323|[from] item: Life Orb
|faint|p1a: Strength of Gods
|
|choice|switch 5|
|
|switch|p1a: Flame of Souls|Combusken, F|323\/323
|turn|5
|choice|move protect|move closecombat
|
|move|p1a: Flame of Souls|Protect|p1a: Flame of Souls
|-singleturn|p1a: Flame of Souls|Protect
|move|p2a: Virizion|Close Combat|p1a: Flame of Souls
|-activate|p1a: Flame of Souls|move: Protect
|
|-ability|p1a: Flame of Souls|Speed Boost|boost
|-boost|p1a: Flame of Souls|spe|1
|turn|6
|choice|move substitute|move closecombat
|
|move|p2a: Virizion|Close Combat|p1a: Flame of Souls
|-damage|p1a: Flame of Souls|0 fnt
|-unboost|p2a: Virizion|def|1
|-unboost|p2a: Virizion|spd|1
|-damage|p2a: Virizion|227\/323|[from] item: Life Orb
|faint|p1a: Flame of Souls
|
|-message|Miyami forfeited.
|
|win|iRKD
|player|p1
|player|p2
|l|iRKD
|j|iRKD</script>
</div>
<div class="battle-log battle-log-inline"><div class="inner"><div class="battle-options"></div><div class="inner"><div class="chat"><small>Miyami joined.</small></div><div class="chat"><small>iRKD joined.</small></div><div class=""><small>Format:</small> <br><strong>RU</strong></div><div class=""><small><em>Sleep Clause Mod:</em> Limit one foe put to sleep</small></div><div class=""><small><em>Species Clause:</em> Limit one of each Pokémon</small></div><div class=""><small><em>OHKO Clause:</em> OHKO moves are banned</small></div><div class=""><small><em>Moody Clause:</em> Moody is banned</small></div><div class=""><small><em>Evasion Moves Clause:</em> Evasion moves are banned</small></div><div class=""><small><em>Endless Battle Clause:</em> Forcing endless battles is banned</small></div><div class=""><small><em>HP Percentage Mod:</em> HP is shown in percentages</small></div><div class=""><small><em>Swagger Clause:</em> Swagger is banned</small></div><div class=""><small><em>Baton Pass Clause:</em> Limit one Baton Passer, can't pass Spe and other stats simultaneously</small></div><div class="chat battle-history"><strong>Miyami's team:</strong> <em style="color:#445566;display:block;">Combusken / Xatu / Hariyama / Alomomola / Registeel / Malamar</em></div><div class="chat battle-history"><strong>iRKD's team:</strong> <em style="color:#445566;display:block;">Glalie / Flygon / Magneton / Uxie / Houndoom / Virizion</em></div><div class="spacer battle-history"><br></div><div class="battle-history">Battle started between Miyami and iRKD!<br></div><div class="spacer battle-history"><br></div><div class="battle-history">Go! Light of Skies (<strong>Registeel</strong>)!<br></div><div class="spacer battle-history"><br></div><div class="battle-history">iRKD sent out <strong>Flygon</strong>!<br></div><div class="spacer battle-history"><br></div><h2 class="battle-history">Turn 1</h2><div class="spacer battle-history"><br></div><div class="battle-history">The opposing Flygon used <strong>U-turn</strong>!<br></div><div class="battle-history"><small>It's not very effective...</small><br></div><div class="battle-history"><small>(Light of Skies lost <abbr title="−38/364">10.4%</abbr> of its health!)</small><br></div><div class="spacer battle-history"><br></div><div class="battle-history">The opposing Flygon went back to iRKD!<br></div><div class="battle-history">iRKD sent out <strong>Virizion</strong>!<br></div><div class="spacer battle-history"><br></div><div class="battle-history">Light of Skies used <strong>Stealth Rock</strong>!<br></div><div class="battle-history"><small>Pointed stones float in the air around the opposing team!</small><br></div><div class="spacer battle-history"><br></div><div class="battle-history"><small>Light of Skies restored a little HP using its Leftovers!</small><br></div><div class="spacer battle-history"><br></div><h2 class="battle-history">Turn 2</h2><div class="spacer battle-history"><br></div><div class="battle-history">Light of Skies, come back!<br></div><div class="battle-history">Go! Eye of Minds (<strong>Xatu</strong>)!<br></div><div class="spacer battle-history"><br></div><div class="battle-history">The opposing Virizion used <strong>Swords Dance</strong>!<br></div><div class="battle-history"><small>The opposing Virizion's Attack rose sharply!</small><br></div><div class="spacer battle-history"><br></div><h2 class="battle-history">Turn 3</h2><div class="spacer battle-history"><br></div><div class="battle-history">The opposing Virizion used <strong>Stone Edge</strong>!<br></div><div class="battle-history"><small>It's super effective!</small><br></div><div class="battle-history"><small>(Eye of Minds lost <abbr title="−334/334">100%</abbr> of its health!)</small><br></div><div class="battle-history"><small>The opposing Virizion lost some of its HP!</small><br></div><div class="spacer battle-history"><br></div><div class="battle-history">Eye of Minds fainted!<br></div><div class="spacer battle-history"><br></div><div class="battle-history">Go! Strength of Gods (<strong>Hariyama</strong>)!<br></div><div class="spacer battle-history"><br></div><h2 class="battle-history">Turn 4</h2><div class="spacer battle-history"><br></div><div class="battle-history">The opposing Virizion used <strong>Close Combat</strong>!<br></div><div class="battle-history"><small>(Strength of Gods lost <abbr title="−431/431">100%</abbr> of its health!)</small><br></div><div class="battle-history"><small>The opposing Virizion's Defense fell!</small><br></div><div class="battle-history"><small>The opposing Virizion's Special Defense fell!</small><br></div><div class="battle-history"><small>The opposing Virizion lost some of its HP!</small><br></div><div class="spacer battle-history"><br></div><div class="battle-history">Strength of Gods fainted!<br></div><div class="spacer battle-history"><br></div><div class="battle-history">Go! Flame of Souls (<strong>Combusken</strong>)!<br></div><div class="spacer battle-history"><br></div><h2 class="battle-history">Turn 5</h2><div class="spacer battle-history"><br></div><div class="battle-history">Flame of Souls used <strong>Protect</strong>!<br></div><div class="battle-history"><small>Flame of Souls protected itself!</small><br></div><div class="spacer battle-history"><br></div><div class="battle-history">The opposing Virizion used <strong>Close Combat</strong>!<br></div><div class="battle-history"><small>Flame of Souls protected itself!</small><br></div><div class="spacer battle-history"><br></div><div class="battle-history"><small>[Flame of Souls's Speed Boost]</small><br></div><div class="battle-history"><small>Flame of Souls's Speed rose!</small><br></div><div class="spacer battle-history"><br></div><h2 class="battle-history">Turn 6</h2><div class="spacer battle-history"><br></div><div class="battle-history">The opposing Virizion used <strong>Close Combat</strong>!<br></div><div class="battle-history"><small>(Flame of Souls lost <abbr title="−323/323">100%</abbr> of its health!)</small><br></div><div class="battle-history"><small>The opposing Virizion's Defense fell!</small><br></div><div class="battle-history"><small>The opposing Virizion's Special Defense fell!</small><br></div><div class="battle-history"><small>The opposing Virizion lost some of its HP!</small><br></div><div class="spacer battle-history"><br></div><div class="battle-history">Flame of Souls fainted!<br></div><div class="spacer battle-history"><br></div><div class="battle-history"><small>Miyami forfeited.</small><br></div><div class="spacer battle-history"><br></div><div class="battle-history"><strong>iRKD</strong> won the battle!<br></div><div class="chat"><small>iRKD left.</small></div><div class="chat"><small>iRKD joined.</small></div></div><div class="inner-preempt"></div></div></div>
</div>
<script>
let daily = Math.floor(Date.now()/1000/60/60/24);document.write('<script src="https://play.pokemonshowdown.com/js/replay-embed.js?version'+daily+'"></'+'script>');
</script>
