<!DOCTYPE html>
<meta charset="utf-8" />
<!-- version 1 -->
<title>RU replay: BeralRed2103 vs. LCezasfuck</title>
<style>
html,body {font-family:Verdana, sans-serif;font-size:10pt;margin:0;padding:0;}body{padding:12px 0;} .battle-log {font-family:Verdana, sans-serif;font-size:10pt;} .battle-log-inline {border:1px solid #AAAAAA;background:#EEF2F5;color:black;max-width:640px;margin:0 auto 80px;padding-bottom:5px;} .battle-log .inner {padding:4px 8px 0px 8px;} .battle-log .inner-preempt {padding:0 8px 4px 8px;} .battle-log .inner-after {margin-top:0.5em;} .battle-log h2 {margin:0.5em -8px;padding:4px 8px;border:1px solid #AAAAAA;background:#E0E7EA;border-left:0;border-right:0;font-family:Verdana, sans-serif;font-size:13pt;} .battle-log .chat {vertical-align:middle;padding:3px 0 3px 0;font-size:8pt;} .battle-log .chat strong {color:#40576A;} .battle-log .chat em {padding:1px 4px 1px 3px;color:#000000;font-style:normal;} .chat.mine {background:rgba(0,0,0,0.05);margin-left:-8px;margin-right:-8px;padding-left:8px;padding-right:8px;} .spoiler {color:#BBBBBB;background:#BBBBBB;padding:0px 3px;} .spoiler:hover, .spoiler:active, .spoiler-shown {color:#000000;background:#E2E2E2;padding:0px 3px;} .spoiler a {color:#BBBBBB;} .spoiler:hover a, .spoiler:active a, .spoiler-shown a {color:#2288CC;} .chat code, .chat .spoiler:hover code, .chat .spoiler:active code, .chat .spoiler-shown code {border:1px solid #C0C0C0;background:#EEEEEE;color:black;padding:0 2px;} .chat .spoiler code {border:1px solid #CCCCCC;background:#CCCCCC;color:#CCCCCC;} .battle-log .rated {padding:3px 4px;} .battle-log .rated strong {color:white;background:#89A;padding:1px 4px;border-radius:4px;} .spacer {margin-top:0.5em;} .message-announce {background:#6688AA;color:white;padding:1px 4px 2px;} .message-announce a, .broadcast-green a, .broadcast-blue a, .broadcast-red a {color:#DDEEFF;} .broadcast-green {background-color:#559955;color:white;padding:2px 4px;} .broadcast-blue {background-color:#6688AA;color:white;padding:2px 4px;} .infobox {border:1px solid #6688AA;padding:2px 4px;} .infobox-limited {max-height:200px;overflow:auto;overflow-x:hidden;} .broadcast-red {background-color:#AA5544;color:white;padding:2px 4px;} .message-learn-canlearn {font-weight:bold;color:#228822;text-decoration:underline;} .message-learn-cannotlearn {font-weight:bold;color:#CC2222;text-decoration:underline;} .message-effect-weak {font-weight:bold;color:#CC2222;} .message-effect-resist {font-weight:bold;color:#6688AA;} .message-effect-immune {font-weight:bold;color:#666666;} .message-learn-list {margin-top:0;margin-bottom:0;} .message-throttle-notice, .message-error {color:#992222;} .message-overflow, .chat small.message-overflow {font-size:0pt;} .message-overflow::before {font-size:9pt;content:'...';} .subtle {color:#3A4A66;}
</style>
<div class="wrapper replay-wrapper" style="max-width:1180px;margin:0 auto">
<input type="hidden" name="replayid" value="ru-498615911" />
<div class="battle"></div><div class="battle-log"></div><div class="replay-controls"></div><div class="replay-controls-2"></div>
<h1 style="font-weight:normal;text-align:center"><strong>RU</strong><br /><a href="http://pokemonshowdown.com/users/beralred2103" class="subtle" target="_blank">BeralRed2103</a> vs. <a href="http://pokemonshowdown.com/users/lcezasfuck" class="subtle" target="_blank">LCezasfuck</a></h1>
<script type="text/plain" class="battle-log-data">|j|BeralRed2103
|j|LCezasfuck
|player|p1|BeralRed2103|164
|player|p2|LCezasfuck|184
|gametype|singles
|gen|6
|tier|RU
|rated
|seed|38849,313,45372,40335
|rule|Sleep Clause Mod: Limit one foe put to sleep
|rule|Species Clause: Limit one of each Pokémon
|rule|OHKO Clause: OHKO moves are banned
|rule|Moody Clause: Moody is banned
|rule|Evasion Moves Clause: Evasion moves are banned
|rule|Endless Battle Clause: Forcing endless battles is banned
|rule|HP Percentage Mod: HP is shown in percentages
|clearpoke
|poke|p1|Banette, F|item
|poke|p1|Clawitzer, F|item
|poke|p1|Bronzong|item
|poke|p1|Uxie|item
|poke|p1|Druddigon, M|item
|poke|p1|Rhyperior, F|item
|poke|p2|Alomomola, M|item
|poke|p2|Togetic, M|item
|poke|p2|Uxie|item
|poke|p2|Virizion|item
|poke|p2|Glalie, M|item
|poke|p2|Hitmontop, M|item
|rule|Swagger Clause: Swagger is banned
|rule|Baton Pass Clause: Limit one Baton Passer, can't pass Spe and other stats simultaneously
|teampreview
|choice|team 3, team 2, team 1, team 4, team 5, team 6|team 6, team 2, team 3, team 4, team 5, team 1
|
|start
|switch|p1a: Bronzong|Bronzong|338\/338
|switch|p2a: Hitmontop|Hitmontop, M|304\/304
|-ability|p2a: Hitmontop|Intimidate|boost
|-unboost|p1a: Bronzong|atk|1
|turn|1
|choice|move trickroom|switch 6
|
|switch|p2a: Alomomola|Alomomola, M|534\/534
|move|p1a: Bronzong|Trick Room|p1a: Bronzong
|-fieldstart|move: Trick Room|[of] p1a: Bronzong
|
|upkeep
|turn|2
|choice|move toxic|move scald
|
|move|p1a: Bronzong|Toxic|p2a: Alomomola
|-status|p2a: Alomomola|tox
|move|p2a: Alomomola|Scald|p1a: Bronzong
|-damage|p1a: Bronzong|305\/338
|-status|p1a: Bronzong|brn
|
|-heal|p1a: Bronzong|326\/338 brn|[from] item: Leftovers
|-damage|p1a: Bronzong|284\/338 brn|[from] brn
|-damage|p2a: Alomomola|501\/534 tox|[from] psn
|upkeep
|turn|3
|choice|move stealthrock|switch 2
|
|switch|p2a: Togetic|Togetic, M|314\/314
|move|p1a: Bronzong|Stealth Rock|p2a: Togetic
|-sidestart|p2: LCezasfuck|move: Stealth Rock
|
|-heal|p1a: Bronzong|305\/338 brn|[from] item: Leftovers
|-damage|p1a: Bronzong|263\/338 brn|[from] brn
|upkeep
|turn|4
|choice|switch 4|move defog
|
|switch|p1a: Uxie|Uxie|354\/354
|move|p2a: Togetic|Defog|p1a: Uxie
|-unboost|p1a: Uxie|evasion|1
|-sideend|p2: LCezasfuck|Stealth Rock|[from] move: Defog|[of] p2a: Togetic
|
|-damage|p1a: Uxie|310\/354|[from] item: Black Sludge
|upkeep
|turn|5
|choice|move trick|switch 5
|
|switch|p2a: Glalie|Glalie, M|301\/301
|move|p1a: Uxie|Trick|p2a: Glalie
|-fail|p2a: Glalie
|
|-damage|p1a: Uxie|266\/354|[from] item: Black Sludge
|-fieldend|move: Trick Room
|upkeep
|turn|6
|choice|switch 4|move spikes mega
|
|switch|p1a: Bronzong|Bronzong|263\/338 brn
|detailschange|p2a: Glalie|Glalie-Mega, M
|-mega|p2a: Glalie|Glalie|Glalitite
|move|p2a: Glalie|Spikes|p1a: Bronzong
|-sidestart|p1: BeralRed2103|Spikes
|
|-heal|p1a: Bronzong|284\/338 brn|[from] item: Leftovers
|-damage|p1a: Bronzong|242\/338 brn|[from] brn
|upkeep
|turn|7
|choice|move trickroom|switch 3
|
|switch|p2a: Uxie|Uxie|336\/336
|move|p1a: Bronzong|Trick Room|p1a: Bronzong
|-fieldstart|move: Trick Room|[of] p1a: Bronzong
|
|-heal|p1a: Bronzong|263\/338 brn|[from] item: Leftovers
|-damage|p1a: Bronzong|221\/338 brn|[from] brn
|upkeep
|turn|8
|choice|switch 3|move stealthrock
|
|switch|p1a: Banette|Banette, F|332\/332
|-damage|p1a: Banette|291\/332|[from] Spikes
|-item|p2a: Uxie|Leftovers|[from] ability: Frisk|[of] p1a: Banette|[identify]
|move|p2a: Uxie|Stealth Rock|p1a: Banette
|-sidestart|p1: BeralRed2103|move: Stealth Rock
|
|upkeep
|turn|9
|choice|move knockoff mega|switch 6
|
|switch|p2a: Hitmontop|Hitmontop, M|304\/304
|-ability|p2a: Hitmontop|Intimidate|boost
|-unboost|p1a: Banette|atk|1
|detailschange|p1a: Banette|Banette-Mega, F
|-mega|p1a: Banette|Banette|Banettite
|move|p1a: Banette|Knock Off|p2a: Hitmontop
|-resisted|p2a: Hitmontop
|-damage|p2a: Hitmontop|269\/304
|-enditem|p2a: Hitmontop|Leftovers|[from] move: Knock Off|[of] p1a: Banette
|
|upkeep
|turn|10
|choice|switch 3|move toxic
|
|switch|p1a: Bronzong|Bronzong|221\/338 brn
|-damage|p1a: Bronzong|200\/338 brn|[from] Stealth Rock
|move|p2a: Hitmontop|Toxic|p1a: Bronzong
|-fail|p1a: Bronzong
|
|-heal|p1a: Bronzong|221\/338 brn|[from] item: Leftovers
|-damage|p1a: Bronzong|179\/338 brn|[from] brn
|upkeep
|turn|11
|choice|move toxic|switch 6
|
|switch|p2a: Uxie|Uxie|336\/336
|move|p1a: Bronzong|Toxic|p2a: Uxie
|-status|p2a: Uxie|tox
|
|-heal|p1a: Bronzong|200\/338 brn|[from] item: Leftovers
|-damage|p1a: Bronzong|158\/338 brn|[from] brn
|-damage|p2a: Uxie|315\/336 tox|[from] psn
|-fieldend|move: Trick Room
|upkeep
|turn|12
|choice|move trickroom|move uturn
|
|move|p2a: Uxie|U-turn|p1a: Bronzong
|-damage|p1a: Bronzong|124\/338 brn
|choice||switch 5
|
|switch|p2a: Togetic|Togetic, M|314\/314
|move|p1a: Bronzong|Trick Room|p1a: Bronzong
|-fieldstart|move: Trick Room|[of] p1a: Bronzong
|
|-heal|p1a: Bronzong|145\/338 brn|[from] item: Leftovers
|-damage|p1a: Bronzong|103\/338 brn|[from] brn
|upkeep
|turn|13
|choice|switch 6|move healbell
|
|switch|p1a: Rhyperior|Rhyperior, F|434\/434
|-damage|p1a: Rhyperior|407\/434|[from] Stealth Rock
|-damage|p1a: Rhyperior|353\/434|[from] Spikes
|move|p2a: Togetic|Heal Bell|p2a: Togetic
|-activate|p2a: Togetic|move: Heal Bell
|-curestatus|p2: Alomomola|tox|[msg]
|-curestatus|p2: Uxie|tox|[msg]
|
|upkeep
|turn|14
|choice|move firepunch|switch 6
|
|switch|p2a: Hitmontop|Hitmontop, M|269\/304
|-ability|p2a: Hitmontop|Intimidate|boost
|-unboost|p1a: Rhyperior|atk|1
|move|p1a: Rhyperior|Fire Punch|p2a: Hitmontop
|-crit|p2a: Hitmontop
|-damage|p2a: Hitmontop|157\/304
|
|upkeep
|turn|15
|choice|switch 3|switch 2
|
|switch|p1a: Banette|Banette-Mega, F|291\/332
|-damage|p1a: Banette|250\/332|[from] Spikes
|-damage|p1a: Banette|209\/332|[from] Stealth Rock
|switch|p2a: Alomomola|Alomomola, M|534\/534
|
|upkeep
|turn|16
|choice|move knockoff|move toxic
|
|move|p1a: Banette|Knock Off|p2a: Alomomola
|-damage|p2a: Alomomola|414\/534
|-damage|p1a: Banette|154\/332|[from] item: Rocky Helmet|[of] p2a: Alomomola
|-enditem|p2a: Alomomola|Rocky Helmet|[from] move: Knock Off|[of] p1a: Banette
|move|p2a: Alomomola|Toxic|p1a: Banette
|-status|p1a: Banette|tox
|
|-damage|p1a: Banette|134\/332 tox|[from] psn
|-fieldend|move: Trick Room
|upkeep
|turn|17
|choice|move shadowclaw|move wish
|
|move|p2a: Alomomola|Wish|p2a: Alomomola
|move|p1a: Banette|Shadow Claw|p2a: Alomomola
|-damage|p2a: Alomomola|267\/534
|
|-damage|p1a: Banette|94\/332 tox|[from] psn
|upkeep
|turn|18
|c|★BeralRed2103|sorry
|-message|BeralRed2103 forfeited.
|
|win|LCezasfuck
|player|p1
|player|p2
|l|BeralRed2103</script>
</div>
<div class="battle-log battle-log-inline"><div class="inner"><div class="battle-options"></div><div class="inner"><div class="chat"><small>BeralRed2103 joined.</small></div><div class="chat"><small>LCezasfuck joined.</small></div><div class=""><small>Format:</small> <br><strong>RU</strong></div><div class="rated"><strong>Rated battle</strong></div><div class=""><small><em>Sleep Clause Mod:</em> Limit one foe put to sleep</small></div><div class=""><small><em>Species Clause:</em> Limit one of each Pokémon</small></div><div class=""><small><em>OHKO Clause:</em> OHKO moves are banned</small></div><div class=""><small><em>Moody Clause:</em> Moody is banned</small></div><div class=""><small><em>Evasion Moves Clause:</em> Evasion moves are banned</small></div><div class=""><small><em>Endless Battle Clause:</em> Forcing endless battles is banned</small></div><div class=""><small><em>HP Percentage Mod:</em> HP is shown in percentages</small></div><div class=""><small><em>Swagger Clause:</em> Swagger is banned</small></div><div class=""><small><em>Baton Pass Clause:</em> Limit one Baton Passer, can't pass Spe and other stats simultaneously</small></div><div class="chat battle-history"><strong>BeralRed2103's team:</strong> <em style="color:#445566;display:block;">Banette / Clawitzer / Bronzong / Uxie / Druddigon / Rhyperior</em></div><div class="chat battle-history"><strong>LCezasfuck's team:</strong> <em style="color:#445566;display:block;">Alomomola / Togetic / Uxie / Virizion / Glalie / Hitmontop</em></div><div class="spacer battle-history"><br></div><div class="battle-history">Battle started between BeralRed2103 and LCezasfuck!<br></div><div class="spacer battle-history"><br></div><div class="battle-history">Go! <strong>Bronzong</strong>!<br></div><div class="spacer battle-history"><br></div><div class="battle-history">LCezasfuck sent out <strong>Hitmontop</strong>!<br></div><div class="battle-history"><small>[The opposing Hitmontop's Intimidate]</small><br></div><div class="battle-history"><small>Bronzong's Attack fell!</small><br></div><div class="spacer battle-history"><br></div><h2 class="battle-history">Turn 1</h2><div class="spacer battle-history"><br></div><div class="battle-history">LCezasfuck withdrew Hitmontop!<br></div><div class="battle-history">LCezasfuck sent out <strong>Alomomola</strong>!<br></div><div class="spacer battle-history"><br></div><div class="battle-history">Bronzong used <strong>Trick Room</strong>!<br></div><div class="battle-history"><small>Bronzong twisted the dimensions!</small><br></div><div class="spacer battle-history"><br></div><h2 class="battle-history">Turn 2</h2><div class="spacer battle-history"><br></div><div class="battle-history">Bronzong used <strong>Toxic</strong>!<br></div><div class="battle-history"><small>The opposing Alomomola was badly poisoned!</small><br></div><div class="spacer battle-history"><br></div><div class="battle-history">The opposing Alomomola used <strong>Scald</strong>!<br></div><div class="battle-history"><small>(Bronzong lost <abbr title="−33/338">9.8%</abbr> of its health!)</small><br></div><div class="battle-history"><small>Bronzong was burned!</small><br></div><div class="spacer battle-history"><br></div><div class="battle-history"><small>Bronzong restored a little HP using its Leftovers!</small><br></div><div class="battle-history"><small>Bronzong was hurt by its burn!</small><br></div><div class="battle-history"><small>The opposing Alomomola was hurt by poison!</small><br></div><div class="spacer battle-history"><br></div><h2 class="battle-history">Turn 3</h2><div class="spacer battle-history"><br></div><div class="battle-history">LCezasfuck withdrew Alomomola!<br></div><div class="battle-history">LCezasfuck sent out <strong>Togetic</strong>!<br></div><div class="spacer battle-history"><br></div><div class="battle-history">Bronzong used <strong>Stealth Rock</strong>!<br></div><div class="battle-history"><small>Pointed stones float in the air around the opposing team!</small><br></div><div class="spacer battle-history"><br></div><div class="battle-history"><small>Bronzong restored a little HP using its Leftovers!</small><br></div><div class="battle-history"><small>Bronzong was hurt by its burn!</small><br></div><div class="spacer battle-history"><br></div><h2 class="battle-history">Turn 4</h2><div class="spacer battle-history"><br></div><div class="battle-history">Bronzong, come back!<br></div><div class="battle-history">Go! <strong>Uxie</strong>!<br></div><div class="spacer battle-history"><br></div><div class="battle-history">The opposing Togetic used <strong>Defog</strong>!<br></div><div class="battle-history"><small>Uxie's evasiveness fell!</small><br></div><div class="battle-history"><small>The pointed stones disappeared from around the opposing team!</small><br></div><div class="spacer battle-history"><br></div><div class="battle-history"><small>Uxie is hurt by its Black Sludge!</small><br></div><div class="spacer battle-history"><br></div><h2 class="battle-history">Turn 5</h2><div class="spacer battle-history"><br></div><div class="battle-history">LCezasfuck withdrew Togetic!<br></div><div class="battle-history">LCezasfuck sent out <strong>Glalie</strong>!<br></div><div class="spacer battle-history"><br></div><div class="battle-history">Uxie used <strong>Trick</strong>!<br></div><div class="battle-history"><small>But it failed!</small><br></div><div class="spacer battle-history"><br></div><div class="battle-history"><small>Uxie is hurt by its Black Sludge!</small><br></div><div class="battle-history"><small>The twisted dimensions returned to normal!</small><br></div><div class="spacer battle-history"><br></div><h2 class="battle-history">Turn 6</h2><div class="spacer battle-history"><br></div><div class="battle-history">Uxie, come back!<br></div><div class="battle-history">Go! <strong>Bronzong</strong>!<br></div><div class="spacer battle-history"><br></div><div class="battle-history"><small>The opposing Glalie's Glalitite is reacting to LCezasfuck's Mega Bracelet!</small><br>The opposing Glalie has Mega Evolved into Mega Glalie!<br></div><div class="spacer battle-history"><br></div><div class="battle-history">The opposing Glalie used <strong>Spikes</strong>!<br></div><div class="battle-history"><small>Spikes were scattered on the ground all around your team!</small><br></div><div class="spacer battle-history"><br></div><div class="battle-history"><small>Bronzong restored a little HP using its Leftovers!</small><br></div><div class="battle-history"><small>Bronzong was hurt by its burn!</small><br></div><div class="spacer battle-history"><br></div><h2 class="battle-history">Turn 7</h2><div class="spacer battle-history"><br></div><div class="battle-history">LCezasfuck withdrew Glalie!<br></div><div class="battle-history">LCezasfuck sent out <strong>Uxie</strong>!<br></div><div class="spacer battle-history"><br></div><div class="battle-history">Bronzong used <strong>Trick Room</strong>!<br></div><div class="battle-history"><small>Bronzong twisted the dimensions!</small><br></div><div class="spacer battle-history"><br></div><div class="battle-history"><small>Bronzong restored a little HP using its Leftovers!</small><br></div><div class="battle-history"><small>Bronzong was hurt by its burn!</small><br></div><div class="spacer battle-history"><br></div><h2 class="battle-history">Turn 8</h2><div class="spacer battle-history"><br></div><div class="battle-history">Bronzong, come back!<br></div><div class="battle-history">Go! <strong>Banette</strong>!<br></div><div class="battle-history"><small>Banette is hurt by the spikes!</small><br></div><div class="battle-history"><small>[Banette's Frisk]</small><br><small>Banette frisked the opposing Uxie and found its Leftovers!</small><br></div><div class="spacer battle-history"><br></div><div class="battle-history">The opposing Uxie used <strong>Stealth Rock</strong>!<br></div><div class="battle-history"><small>Pointed stones float in the air around your team!</small><br></div><div class="spacer battle-history"><br></div><h2 class="battle-history">Turn 9</h2><div class="spacer battle-history"><br></div><div class="battle-history">LCezasfuck withdrew Uxie!<br></div><div class="battle-history">LCezasfuck sent out <strong>Hitmontop</strong>!<br></div><div class="battle-history"><small>[The opposing Hitmontop's Intimidate]</small><br></div><div class="battle-history"><small>Banette's Attack fell!</small><br></div><div class="spacer battle-history"><br></div><div class="battle-history"><small>Banette's Banettite is reacting to BeralRed2103's Mega Bracelet!</small><br>Banette has Mega Evolved into Mega Banette!<br></div><div class="spacer battle-history"><br></div><div class="battle-history">Banette used <strong>Knock Off</strong>!<br></div><div class="battle-history"><small>It's not very effective...</small><br></div><div class="battle-history"><small>(The opposing Hitmontop lost <abbr title="−35/304">11.5%</abbr> of its health!)</small><br></div><div class="battle-history"><small>Banette knocked off the opposing Hitmontop's Leftovers!</small><br></div><div class="spacer battle-history"><br></div><h2 class="battle-history">Turn 10</h2><div class="spacer battle-history"><br></div><div class="battle-history">Banette, come back!<br></div><div class="battle-history">Go! <strong>Bronzong</strong>!<br></div><div class="battle-history"><small>Pointed stones dug into Bronzong!</small><br></div><div class="spacer battle-history"><br></div><div class="battle-history">The opposing Hitmontop used <strong>Toxic</strong>!<br></div><div class="battle-history"><small>But it failed!</small><br></div><div class="spacer battle-history"><br></div><div class="battle-history"><small>Bronzong restored a little HP using its Leftovers!</small><br></div><div class="battle-history"><small>Bronzong was hurt by its burn!</small><br></div><div class="spacer battle-history"><br></div><h2 class="battle-history">Turn 11</h2><div class="spacer battle-history"><br></div><div class="battle-history">LCezasfuck withdrew Hitmontop!<br></div><div class="battle-history">LCezasfuck sent out <strong>Uxie</strong>!<br></div><div class="spacer battle-history"><br></div><div class="battle-history">Bronzong used <strong>Toxic</strong>!<br></div><div class="battle-history"><small>The opposing Uxie was badly poisoned!</small><br></div><div class="spacer battle-history"><br></div><div class="battle-history"><small>Bronzong restored a little HP using its Leftovers!</small><br></div><div class="battle-history"><small>Bronzong was hurt by its burn!</small><br></div><div class="battle-history"><small>The opposing Uxie was hurt by poison!</small><br></div><div class="battle-history"><small>The twisted dimensions returned to normal!</small><br></div><div class="spacer battle-history"><br></div><h2 class="battle-history">Turn 12</h2><div class="spacer battle-history"><br></div><div class="battle-history">The opposing Uxie used <strong>U-turn</strong>!<br></div><div class="battle-history"><small>(Bronzong lost <abbr title="−34/338">10.1%</abbr> of its health!)</small><br></div><div class="spacer battle-history"><br></div><div class="battle-history">The opposing Uxie went back to LCezasfuck!<br></div><div class="battle-history">LCezasfuck sent out <strong>Togetic</strong>!<br></div><div class="spacer battle-history"><br></div><div class="battle-history">Bronzong used <strong>Trick Room</strong>!<br></div><div class="battle-history"><small>Bronzong twisted the dimensions!</small><br></div><div class="spacer battle-history"><br></div><div class="battle-history"><small>Bronzong restored a little HP using its Leftovers!</small><br></div><div class="battle-history"><small>Bronzong was hurt by its burn!</small><br></div><div class="spacer battle-history"><br></div><h2 class="battle-history">Turn 13</h2><div class="spacer battle-history"><br></div><div class="battle-history">Bronzong, come back!<br></div><div class="battle-history">Go! <strong>Rhyperior</strong>!<br></div><div class="battle-history"><small>Pointed stones dug into Rhyperior!</small><br></div><div class="battle-history"><small>Rhyperior is hurt by the spikes!</small><br></div><div class="spacer battle-history"><br></div><div class="battle-history">The opposing Togetic used <strong>Heal Bell</strong>!<br></div><div class="battle-history"><small>A bell chimed!</small><br></div><div class="battle-history"><small>The opposing Alomomola was cured of its poisoning.</small><br></div><div class="battle-history"><small>The opposing Uxie was cured of its poisoning.</small><br></div><div class="spacer battle-history"><br></div><h2 class="battle-history">Turn 14</h2><div class="spacer battle-history"><br></div><div class="battle-history">LCezasfuck withdrew Togetic!<br></div><div class="battle-history">LCezasfuck sent out <strong>Hitmontop</strong>!<br></div><div class="battle-history"><small>[The opposing Hitmontop's Intimidate]</small><br></div><div class="battle-history"><small>Rhyperior's Attack fell!</small><br></div><div class="spacer battle-history"><br></div><div class="battle-history">Rhyperior used <strong>Fire Punch</strong>!<br></div><div class="battle-history"><small>A critical hit!</small><br></div><div class="battle-history"><small>(The opposing Hitmontop lost <abbr title="−112/304">36.8%</abbr> of its health!)</small><br></div><div class="spacer battle-history"><br></div><h2 class="battle-history">Turn 15</h2><div class="spacer battle-history"><br></div><div class="battle-history">Rhyperior, come back!<br></div><div class="battle-history">Go! Banette (<strong>Banette-Mega</strong>)!<br></div><div class="battle-history"><small>Banette is hurt by the spikes!</small><br></div><div class="battle-history"><small>Pointed stones dug into Banette!</small><br></div><div class="spacer battle-history"><br></div><div class="battle-history">LCezasfuck withdrew Hitmontop!<br></div><div class="battle-history">LCezasfuck sent out <strong>Alomomola</strong>!<br></div><div class="spacer battle-history"><br></div><h2 class="battle-history">Turn 16</h2><div class="spacer battle-history"><br></div><div class="battle-history">Banette used <strong>Knock Off</strong>!<br></div><div class="battle-history"><small>(The opposing Alomomola lost <abbr title="−120/534">22.5%</abbr> of its health!)</small><br></div><div class="battle-history"><small>Banette was hurt by the Rocky Helmet!</small><br></div><div class="battle-history"><small>Banette knocked off the opposing Alomomola's Rocky Helmet!</small><br></div><div class="spacer battle-history"><br></div><div class="battle-history">The opposing Alomomola used <strong>Toxic</strong>!<br></div><div class="battle-history"><small>Banette was badly poisoned!</small><br></div><div class="spacer battle-history"><br></div><div class="battle-history"><small>Banette was hurt by poison!</small><br></div><div class="battle-history"><small>The twisted dimensions returned to normal!</small><br></div><div class="spacer battle-history"><br></div><h2 class="battle-history">Turn 17</h2><div class="spacer battle-history"><br></div><div class="battle-history">The opposing Alomomola used <strong>Wish</strong>!<br></div><div class="spacer battle-history"><br></div><div class="battle-history">Banette used <strong>Shadow Claw</strong>!<br></div><div class="battle-history"><small>(The opposing Alomomola lost <abbr title="−147/534">27.5%</abbr> of its health!)</small><br></div><div class="spacer battle-history"><br></div><div class="battle-history"><small>Banette was hurt by poison!</small><br></div><div class="spacer battle-history"><br></div><h2 class="battle-history">Turn 18</h2><div class="chat chatmessage-beralred2103"><strong style="color:hsl(13,89%,42.482063084187764%)"><small>★</small><span class="username" data-name="BeralRed2103">BeralRed2103</span>:</strong> <em>sorry</em></div><div class="spacer battle-history"><br></div><div class="battle-history"><small>BeralRed2103 forfeited.</small><br></div><div class="spacer battle-history"><br></div><div class="battle-history"><strong>LCezasfuck</strong> won the battle!<br></div><div class="chat"><small>BeralRed2103 left.</small></div></div><div class="inner-preempt"></div></div></div>
</div>
<script>
let daily = Math.floor(Date.now()/1000/60/60/24);document.write('<script src="https://play.pokemonshowdown.com/js/replay-embed.js?version'+daily+'"></'+'script>');
</script>
