<!DOCTYPE html>
<meta charset="utf-8" />
<!-- version 1 -->
<title>RU replay: TTFTW vs. Serene's Grace</title>
<style>
html,body {font-family:Verdana, sans-serif;font-size:10pt;margin:0;padding:0;}body{padding:12px 0;} .battle-log {font-family:Verdana, sans-serif;font-size:10pt;} .battle-log-inline {border:1px solid #AAAAAA;background:#EEF2F5;color:black;max-width:640px;margin:0 auto 80px;padding-bottom:5px;} .battle-log .inner {padding:4px 8px 0px 8px;} .battle-log .inner-preempt {padding:0 8px 4px 8px;} .battle-log .inner-after {margin-top:0.5em;} .battle-log h2 {margin:0.5em -8px;padding:4px 8px;border:1px solid #AAAAAA;background:#E0E7EA;border-left:0;border-right:0;font-family:Verdana, sans-serif;font-size:13pt;} .battle-log .chat {vertical-align:middle;padding:3px 0 3px 0;font-size:8pt;} .battle-log .chat strong {color:#40576A;} .battle-log .chat em {padding:1px 4px 1px 3px;color:#000000;font-style:normal;} .chat.mine {background:rgba(0,0,0,0.05);margin-left:-8px;margin-right:-8px;padding-left:8px;padding-right:8px;} .spoiler {color:#BBBBBB;background:#BBBBBB;padding:0px 3px;} .spoiler:hover, .spoiler:active, .spoiler-shown {color:#000000;background:#E2E2E2;padding:0px 3px;} .spoiler a {color:#BBBBBB;} .spoiler:hover a, .spoiler:active a, .spoiler-shown a {color:#2288CC;} .chat code, .chat .spoiler:hover code, .chat .spoiler:active code, .chat .spoiler-shown code {border:1px solid #C0C0C0;background:#EEEEEE;color:black;padding:0 2px;} .chat .spoiler code {border:1px solid #CCCCCC;background:#CCCCCC;color:#CCCCCC;} .battle-log .rated {padding:3px 4px;} .battle-log .rated strong {color:white;background:#89A;padding:1px 4px;border-radius:4px;} .spacer {margin-top:0.5em;} .message-announce {background:#6688AA;color:white;padding:1px 4px 2px;} .message-announce a, .broadcast-green a, .broadcast-blue a, .broadcast-red a {color:#DDEEFF;} .broadcast-green {background-color:#559955;color:white;padding:2px 4px;} .broadcast-blue {background-color:#6688AA;color:white;padding:2px 4px;} .infobox {border:1px solid #6688AA;padding:2px 4px;} .infobox-limited {max-height:200px;overflow:auto;overflow-x:hidden;} .broadcast-red {background-color:#AA5544;color:white;padding:2px 4px;} .message-learn-canlearn {font-weight:bold;color:#228822;text-decoration:underline;} .message-learn-cannotlearn {font-weight:bold;color:#CC2222;text-decoration:underline;} .message-effect-weak {font-weight:bold;color:#CC2222;} .message-effect-resist {font-weight:bold;color:#6688AA;} .message-effect-immune {font-weight:bold;color:#666666;} .message-learn-list {margin-top:0;margin-bottom:0;} .message-throttle-notice, .message-error {color:#992222;} .message-overflow, .chat small.message-overflow {font-size:0pt;} .message-overflow::before {font-size:9pt;content:'...';} .subtle {color:#3A4A66;}
</style>
<div class="wrapper replay-wrapper" style="max-width:1180px;margin:0 auto">
<input type="hidden" name="replayid" value="ru-508428261" />
<div class="battle"></div><div class="battle-log"></div><div class="replay-controls"></div><div class="replay-controls-2"></div>
<h1 style="font-weight:normal;text-align:center"><strong>RU</strong><br /><a href="http://pokemonshowdown.com/users/ttftw" class="subtle" target="_blank">TTFTW</a> vs. <a href="http://pokemonshowdown.com/users/serenesgrace" class="subtle" target="_blank">Serene's Grace</a></h1>
<script type="text/plain" class="battle-log-data">|j|TTFTW
|j|Serene's Grace
|player|p1|TTFTW|246
|player|p2|Serene's Grace|283
|gametype|singles
|gen|6
|tier|RU
|seed|45022,10545,14357,64080
|rule|Sleep Clause Mod: Limit one foe put to sleep
|rule|Species Clause: Limit one of each Pokémon
|rule|OHKO Clause: OHKO moves are banned
|rule|Moody Clause: Moody is banned
|rule|Evasion Moves Clause: Evasion moves are banned
|rule|Endless Battle Clause: Forcing endless battles is banned
|rule|HP Percentage Mod: HP is shown in percentages
|clearpoke
|poke|p1|Diancie|item
|poke|p1|Seismitoad, M|item
|poke|p1|Gurdurr, F|item
|poke|p1|Venusaur, F|item
|poke|p1|Sneasel, F|item
|poke|p1|Sigilyph, F|item
|poke|p2|Accelgor, M|item
|poke|p2|Hariyama, M|item
|poke|p2|Diancie|item
|poke|p2|Seismitoad, F|item
|poke|p2|Weezing, M|item
|poke|p2|Malamar, F|item
|rule|Swagger Clause: Swagger is banned
|rule|Baton Pass Clause: Limit one Baton Passer, can't pass Spe and other stats simultaneously
|teampreview
|c|★TTFTW|gl
|j|The leprechaun
|j|gorex
|j|MrAldo
|choice|team 4, team 2, team 3, team 1, team 5, team 6|team 2, team 1, team 3, team 4, team 5, team 6
|
|start
|switch|p1a: Venusaur|Venusaur, F|301\/301
|switch|p2a: Hariyama|Hariyama, M|429\/429
|turn|1
|choice|move sludgebomb|move knockoff
|
|move|p1a: Venusaur|Sludge Bomb|p2a: Hariyama
|-damage|p2a: Hariyama|215\/429
|-status|p2a: Hariyama|psn
|-damage|p1a: Venusaur|271\/301|[from] item: Life Orb
|move|p2a: Hariyama|Knock Off|p1a: Venusaur
|-damage|p1a: Venusaur|126\/301
|-enditem|p1a: Venusaur|Life Orb|[from] move: Knock Off|[of] p2a: Hariyama
|
|-heal|p2a: Hariyama|241\/429 psn|[from] item: Leftovers
|-damage|p2a: Hariyama|188\/429 psn|[from] psn
|upkeep
|turn|2
|j|DaSpoopsAre2Stronk
|choice|move leafstorm|switch 5
|
|switch|p2a: Weezing|Weezing, M|334\/334
|move|p1a: Venusaur|Leaf Storm|p2a: Weezing
|-resisted|p2a: Weezing
|-damage|p2a: Weezing|235\/334
|-unboost|p1a: Venusaur|spa|2
|
|-heal|p2a: Weezing|255\/334|[from] item: Black Sludge
|upkeep
|turn|3
|j|EviGaro
|choice|switch 6|switch 3
|
|switch|p1a: Sigilyph|Sigilyph, F|285\/285
|switch|p2a: Diancie|Diancie|304\/304
|
|upkeep
|turn|4
|choice|switch 4|move stealthrock
|
|switch|p1a: Diancie|Diancie|304\/304
|move|p2a: Diancie|Stealth Rock|p1a: Diancie
|-sidestart|p1: TTFTW|move: Stealth Rock
|
|upkeep
|turn|5
|choice|move stealthrock|switch 4
|
|switch|p2a: Seismitoad|Seismitoad, F|351\/351
|move|p1a: Diancie|Stealth Rock|p2a: Seismitoad
|-sidestart|p2: Serene's Grace|move: Stealth Rock
|
|upkeep
|turn|6
|choice|switch 4|move icepunch
|
|switch|p1a: Sigilyph|Sigilyph, F|285\/285
|move|p2a: Seismitoad|Ice Punch|p1a: Sigilyph
|-supereffective|p1a: Sigilyph
|-damage|p1a: Sigilyph|119\/285
|
|upkeep
|turn|7
|j|Ping_Pong_Along
|choice|move roost|switch 6
|
|switch|p2a: Malamar|Malamar, F|375\/375
|-damage|p2a: Malamar|329\/375|[from] Stealth Rock
|move|p1a: Sigilyph|Roost|p1a: Sigilyph
|-heal|p1a: Sigilyph|262\/285
|
|-heal|p2a: Malamar|352\/375|[from] item: Leftovers
|upkeep
|turn|8
|choice|switch 4|move knockoff
|
|switch|p1a: Diancie|Diancie|304\/304
|-damage|p1a: Diancie|266\/304|[from] Stealth Rock
|move|p2a: Malamar|Knock Off|p1a: Diancie
|-resisted|p1a: Diancie
|-damage|p1a: Diancie|229\/304
|-enditem|p1a: Diancie|Leftovers|[from] move: Knock Off|[of] p2a: Malamar
|
|-heal|p2a: Malamar|375\/375|[from] item: Leftovers
|upkeep
|turn|9
|choice|move moonblast|switch 3
|
|switch|p2a: Weezing|Weezing, M|255\/334
|-damage|p2a: Weezing|214\/334|[from] Stealth Rock
|move|p1a: Diancie|Moonblast|p2a: Weezing
|-resisted|p2a: Weezing
|-damage|p2a: Weezing|160\/334
|
|-heal|p2a: Weezing|180\/334|[from] item: Black Sludge
|upkeep
|turn|10
|c|%MrAldo|this is so refreshing
|c|%MrAldo|seeing 2 teams with no hazard control
|choice|switch 4|move painsplit
|
|switch|p1a: Sigilyph|Sigilyph, F|262\/285
|move|p2a: Weezing|Pain Split|p1a: Sigilyph
|-sethp|p1a: Sigilyph|221\/285|p2a: Weezing|221\/334|[from] move: Pain Split
|
|-heal|p2a: Weezing|241\/334|[from] item: Black Sludge
|upkeep
|turn|11
|choice|move psyshock|switch 3
|
|switch|p2a: Malamar|Malamar, F|375\/375
|-damage|p2a: Malamar|329\/375|[from] Stealth Rock
|move|p1a: Sigilyph|Psyshock|p2a: Malamar
|-immune|p2a: Malamar|[msg]
|
|-heal|p2a: Malamar|352\/375|[from] item: Leftovers
|upkeep
|turn|12
|choice|switch 4|move superpower
|
|switch|p1a: Diancie|Diancie|229\/304
|-damage|p1a: Diancie|191\/304|[from] Stealth Rock
|move|p2a: Malamar|Superpower|p1a: Diancie
|-crit|p1a: Diancie
|-damage|p1a: Diancie|89\/304
|-boost|p2a: Malamar|atk|1
|-boost|p2a: Malamar|def|1
|
|-heal|p2a: Malamar|375\/375|[from] item: Leftovers
|upkeep
|turn|13
|choice|move moonblast|switch 3
|
|switch|p2a: Weezing|Weezing, M|241\/334
|-damage|p2a: Weezing|200\/334|[from] Stealth Rock
|move|p1a: Diancie|Moonblast|p2a: Weezing
|-resisted|p2a: Weezing
|-damage|p2a: Weezing|146\/334
|
|-heal|p2a: Weezing|166\/334|[from] item: Black Sludge
|upkeep
|turn|14
|choice|move diamondstorm|move sludgebomb
|
|move|p2a: Weezing|Sludge Bomb|p1a: Diancie
|-damage|p1a: Diancie|37\/304
|move|p1a: Diancie|Diamond Storm|p2a: Weezing
|-damage|p2a: Weezing|73\/334
|
|-heal|p2a: Weezing|93\/334|[from] item: Black Sludge
|upkeep
|turn|15
|choice|move moonblast|move taunt
|
|move|p2a: Weezing|Taunt|p1a: Diancie
|-start|p1a: Diancie|move: Taunt
|move|p1a: Diancie|Moonblast|p2a: Weezing
|-resisted|p2a: Weezing
|-damage|p2a: Weezing|39\/334
|
|-heal|p2a: Weezing|59\/334|[from] item: Black Sludge
|upkeep
|turn|16
|choice|switch 4|move willowisp
|
|switch|p1a: Sigilyph|Sigilyph, F|221\/285
|move|p2a: Weezing|Will-O-Wisp|p1a: Sigilyph
|-status|p1a: Sigilyph|brn
|
|-heal|p2a: Weezing|79\/334|[from] item: Black Sludge
|upkeep
|turn|17
|choice|move calmmind|move sludgebomb
|
|move|p1a: Sigilyph|Calm Mind|p1a: Sigilyph
|-boost|p1a: Sigilyph|spa|1
|-boost|p1a: Sigilyph|spd|1
|move|p2a: Weezing|Sludge Bomb|p1a: Sigilyph
|-damage|p1a: Sigilyph|148\/285 brn
|
|-heal|p2a: Weezing|99\/334|[from] item: Black Sludge
|upkeep
|turn|18
|choice|move heatwave|switch 4
|
|switch|p2a: Diancie|Diancie|304\/304
|-damage|p2a: Diancie|266\/304|[from] Stealth Rock
|move|p1a: Sigilyph|Heat Wave|p2a: Diancie
|-resisted|p2a: Diancie
|-damage|p2a: Diancie|214\/304
|
|-heal|p2a: Diancie|233\/304|[from] item: Leftovers
|upkeep
|turn|19
|choice|move psyshock|move moonblast
|
|move|p1a: Sigilyph|Psyshock|p2a: Diancie
|-damage|p2a: Diancie|42\/304
|move|p2a: Diancie|Moonblast|p1a: Sigilyph
|-damage|p1a: Sigilyph|60\/285 brn
|
|-heal|p2a: Diancie|61\/304|[from] item: Leftovers
|upkeep
|turn|20
|choice|move psyshock|move diamondstorm
|
|move|p1a: Sigilyph|Psyshock|p2a: Diancie
|-damage|p2a: Diancie|0 fnt
|faint|p2a: Diancie
|
|upkeep
|choice||switch 2
|
|switch|p2a: Accelgor|Accelgor, M|301\/301
|-damage|p2a: Accelgor|226\/301|[from] Stealth Rock
|turn|21
|choice|switch 4|move bugbuzz
|
|switch|p1a: Diancie|Diancie|37\/304
|-damage|p1a: Diancie|0 fnt|[from] Stealth Rock
|faint|p1a: Diancie
|move|p2a: Accelgor|Bug Buzz|p1: Diancie|[notarget]
|-notarget
|
|upkeep
|choice|switch 3|
|
|switch|p1a: Gurdurr|Gurdurr, F|373\/373
|-damage|p1a: Gurdurr|350\/373|[from] Stealth Rock
|turn|22
|choice|move knockoff|switch 4
|
|switch|p2a: Weezing|Weezing, M|99\/334
|-damage|p2a: Weezing|58\/334|[from] Stealth Rock
|move|p1a: Gurdurr|Knock Off|p2a: Weezing
|-damage|p2a: Weezing|0 fnt
|-enditem|p2a: Weezing|Black Sludge|[from] move: Knock Off|[of] p1a: Gurdurr
|faint|p2a: Weezing
|
|upkeep
|choice||switch 3
|
|switch|p2a: Malamar|Malamar, F|375\/375
|-damage|p2a: Malamar|329\/375|[from] Stealth Rock
|turn|23
|choice|move bulkup|move superpower
|
|move|p2a: Malamar|Superpower|p1a: Gurdurr
|-damage|p1a: Gurdurr|294\/373
|-boost|p2a: Malamar|atk|1
|-boost|p2a: Malamar|def|1
|move|p1a: Gurdurr|Bulk Up|p1a: Gurdurr
|-boost|p1a: Gurdurr|atk|1
|-boost|p1a: Gurdurr|def|1
|
|-heal|p2a: Malamar|352\/375|[from] item: Leftovers
|upkeep
|turn|24
|choice|move drainpunch|move superpower
|
|move|p2a: Malamar|Superpower|p1a: Gurdurr
|-damage|p1a: Gurdurr|233\/373
|-boost|p2a: Malamar|atk|1
|-boost|p2a: Malamar|def|1
|move|p1a: Gurdurr|Drain Punch|p2a: Malamar
|-damage|p2a: Malamar|255\/375
|-heal|p1a: Gurdurr|282\/373|[from] drain|[of] p2a: Malamar
|
|-heal|p2a: Malamar|278\/375|[from] item: Leftovers
|upkeep
|turn|25
|choice|move bulkup|move superpower
|
|move|p2a: Malamar|Superpower|p1a: Gurdurr
|-damage|p1a: Gurdurr|197\/373
|-boost|p2a: Malamar|atk|1
|-boost|p2a: Malamar|def|1
|move|p1a: Gurdurr|Bulk Up|p1a: Gurdurr
|-boost|p1a: Gurdurr|atk|1
|-boost|p1a: Gurdurr|def|1
|
|-heal|p2a: Malamar|301\/375|[from] item: Leftovers
|upkeep
|turn|26
|choice|move drainpunch|move knockoff
|
|move|p2a: Malamar|Knock Off|p1a: Gurdurr
|-resisted|p1a: Gurdurr
|-damage|p1a: Gurdurr|152\/373
|-enditem|p1a: Gurdurr|Eviolite|[from] move: Knock Off|[of] p2a: Malamar
|move|p1a: Gurdurr|Drain Punch|p2a: Malamar
|-damage|p2a: Malamar|205\/375
|-heal|p1a: Gurdurr|200\/373|[from] drain|[of] p2a: Malamar
|
|-heal|p2a: Malamar|228\/375|[from] item: Leftovers
|upkeep
|turn|27
|choice|move knockoff|move superpower
|
|move|p2a: Malamar|Superpower|p1a: Gurdurr
|-crit|p1a: Gurdurr
|-damage|p1a: Gurdurr|0 fnt
|-boost|p2a: Malamar|atk|1
|-boost|p2a: Malamar|def|1
|faint|p1a: Gurdurr
|
|-heal|p2a: Malamar|251\/375|[from] item: Leftovers
|upkeep
|l|gorex
|l|TTFTW
|player|p1
|l|Ping_Pong_Along
|c|★Serene's Grace|f
|c|%MrAldo|and I think this is a wrap tbh
|c|%MrAldo|but lets wait
|j|gorex
|j|TTFTW
|player|p1|TTFTW|246
|c|★TTFTW|messy net
|choice|switch 6|
|
|switch|p1a: Venusaur|Venusaur, F|126\/301
|-damage|p1a: Venusaur|89\/301|[from] Stealth Rock
|turn|28
|c|%MrAldo|understandable
|choice|move leafstorm|move rest
|
|move|p1a: Venusaur|Leaf Storm|p2a: Malamar|[miss]
|-miss|p1a: Venusaur|p2a: Malamar
|move|p2a: Malamar|Rest|p2a: Malamar
|-status|p2a: Malamar|slp
|-heal|p2a: Malamar|375\/375 slp|[silent]
|-status|p2a: Malamar|slp|[from] move: Rest
|
|upkeep
|turn|29
|choice|move leafstorm|move sleeptalk
|
|move|p1a: Venusaur|Leaf Storm|p2a: Malamar
|-damage|p2a: Malamar|50\/375 slp
|-unboost|p1a: Venusaur|spa|2
|cant|p2a: Malamar|slp
|move|p2a: Malamar|Sleep Talk|p2a: Malamar
|move|p2a: Malamar|Knock Off|p1a: Venusaur|[from]Sleep Talk
|-damage|p1a: Venusaur|0 fnt
|faint|p1a: Venusaur
|
|-heal|p2a: Malamar|73\/375 slp|[from] item: Leftovers
|upkeep
|choice|switch 2|
|
|switch|p1a: Seismitoad|Seismitoad, M|369\/369
|-damage|p1a: Seismitoad|346\/369|[from] Stealth Rock
|turn|30
|c|%MrAldo|thats mighty unfortunate
|c|%MrAldo|holy shit
|choice|move earthpower|move sleeptalk
|
|move|p1a: Seismitoad|Earth Power|p2a: Malamar
|-damage|p2a: Malamar|0 fnt
|faint|p2a: Malamar
|
|-heal|p1a: Seismitoad|369\/369|[from] item: Leftovers
|upkeep
|choice||switch 6
|
|switch|p2a: Seismitoad|Seismitoad, F|351\/351
|-damage|p2a: Seismitoad|330\/351|[from] Stealth Rock
|turn|31
|choice|move earthpower|move earthquake
|
|move|p2a: Seismitoad|Earthquake|p1a: Seismitoad
|-damage|p1a: Seismitoad|171\/369
|move|p1a: Seismitoad|Earth Power|p2a: Seismitoad
|-damage|p2a: Seismitoad|198\/351
|
|-heal|p2a: Seismitoad|219\/351|[from] item: Leftovers
|-heal|p1a: Seismitoad|194\/369|[from] item: Leftovers
|upkeep
|turn|32
|choice|switch 5|move earthquake
|
|switch|p1a: Sneasel|Sneasel, F|251\/251
|-damage|p1a: Sneasel|189\/251|[from] Stealth Rock
|move|p2a: Seismitoad|Earthquake|p1a: Sneasel
|-damage|p1a: Sneasel|0 fnt
|faint|p1a: Sneasel
|
|-heal|p2a: Seismitoad|240\/351|[from] item: Leftovers
|upkeep
|choice|switch 4|
|
|switch|p1a: Sigilyph|Sigilyph, F|60\/285 brn
|turn|33
|choice|move psyshock|move icepunch
|
|move|p1a: Sigilyph|Psyshock|p2a: Seismitoad
|-crit|p2a: Seismitoad
|-damage|p2a: Seismitoad|0 fnt
|faint|p2a: Seismitoad
|
|upkeep
|choice||switch 4
|
|switch|p2a: Accelgor|Accelgor, M|226\/301
|-damage|p2a: Accelgor|151\/301|[from] Stealth Rock
|turn|34
|c|★TTFTW|oh
|choice|move psyshock|move bugbuzz
|
|move|p2a: Accelgor|Bug Buzz|p1a: Sigilyph
|-damage|p1a: Sigilyph|0 fnt
|-damage|p2a: Accelgor|121\/301|[from] item: Life Orb
|faint|p1a: Sigilyph
|
|upkeep
|choice|switch 5|
|
|switch|p1a: Seismitoad|Seismitoad, M|194\/369
|-damage|p1a: Seismitoad|171\/369|[from] Stealth Rock
|turn|35
|c|★TTFTW|gg
|choice|move scald|move bugbuzz
|
|move|p2a: Accelgor|Bug Buzz|p1a: Seismitoad
|-damage|p1a: Seismitoad|0 fnt
|-damage|p2a: Accelgor|91\/301|[from] item: Life Orb
|faint|p1a: Seismitoad
|
|win|Serene's Grace
|player|p1
|player|p2
|c|★Serene's Grace|gg</script>
</div>
<div class="battle-log battle-log-inline"><div class="inner"><div class="battle-options"></div><div class="inner"><div class="chat"><small>TTFTW joined.</small></div><div class="chat"><small>Serene's Grace joined.</small></div><div class=""><small>Format:</small> <br><strong>RU</strong></div><div class=""><small><em>Sleep Clause Mod:</em> Limit one foe put to sleep</small></div><div class=""><small><em>Species Clause:</em> Limit one of each Pokémon</small></div><div class=""><small><em>OHKO Clause:</em> OHKO moves are banned</small></div><div class=""><small><em>Moody Clause:</em> Moody is banned</small></div><div class=""><small><em>Evasion Moves Clause:</em> Evasion moves are banned</small></div><div class=""><small><em>Endless Battle Clause:</em> Forcing endless battles is banned</small></div><div class=""><small><em>HP Percentage Mod:</em> HP is shown in percentages</small></div><div class=""><small><em>Swagger Clause:</em> Swagger is banned</small></div><div class=""><small><em>Baton Pass Clause:</em> Limit one Baton Passer, can't pass Spe and other stats simultaneously</small></div><div class="chat battle-history"><strong>TTFTW's team:</strong> <em style="color:#445566;display:block;">Diancie / Seismitoad / Gurdurr / Venusaur / Sneasel / Sigilyph</em></div><div class="chat battle-history"><strong>Serene's Grace's team:</strong> <em style="color:#445566;display:block;">Accelgor / Hariyama / Diancie / Seismitoad / Weezing / Malamar</em></div><div class="chat chatmessage-ttftw"><strong style="color:hsl(65,65%,35.9100307616%)"><small>★</small><span class="username" data-name="TTFTW">TTFTW</span>:</strong> <em>gl</em></div><div class="chat"><small>The leprechaun joined.</small></div><div class="chat"><small>gorex joined.</small></div><div class="chat"><small>MrAldo joined.</small></div><div class="spacer battle-history"><br></div><div class="battle-history">Battle started between TTFTW and Serene's Grace!<br></div><div class="spacer battle-history"><br></div><div class="battle-history">Go! <strong>Venusaur</strong>!<br></div><div class="spacer battle-history"><br></div><div class="battle-history">Serene's Grace sent out <strong>Hariyama</strong>!<br></div><div class="spacer battle-history"><br></div><h2 class="battle-history">Turn 1</h2><div class="spacer battle-history"><br></div><div class="battle-history">Venusaur used <strong>Sludge Bomb</strong>!<br></div><div class="battle-history"><small>(The opposing Hariyama lost <abbr title="−214/429">49.9%</abbr> of its health!)</small><br></div><div class="battle-history"><small>The opposing Hariyama was poisoned!</small><br></div><div class="battle-history"><small>Venusaur lost some of its HP!</small><br></div><div class="spacer battle-history"><br></div><div class="battle-history">The opposing Hariyama used <strong>Knock Off</strong>!<br></div><div class="battle-history"><small>(Venusaur lost <abbr title="−145/301">48.2%</abbr> of its health!)</small><br></div><div class="battle-history"><small>The opposing Hariyama knocked off Venusaur's Life Orb!</small><br></div><div class="spacer battle-history"><br></div><div class="battle-history"><small>The opposing Hariyama restored a little HP using its Leftovers!</small><br></div><div class="battle-history"><small>The opposing Hariyama was hurt by poison!</small><br></div><div class="spacer battle-history"><br></div><h2 class="battle-history">Turn 2</h2><div class="chat"><small>DaSpoopsAre2Stronk joined.</small></div><div class="spacer battle-history"><br></div><div class="battle-history">Serene's Grace withdrew Hariyama!<br></div><div class="battle-history">Serene's Grace sent out <strong>Weezing</strong>!<br></div><div class="spacer battle-history"><br></div><div class="battle-history">Venusaur used <strong>Leaf Storm</strong>!<br></div><div class="battle-history"><small>It's not very effective...</small><br></div><div class="battle-history"><small>(The opposing Weezing lost <abbr title="−99/334">29.6%</abbr> of its health!)</small><br></div><div class="battle-history"><small>Venusaur's Special Attack fell harshly!</small><br></div><div class="spacer battle-history"><br></div><div class="battle-history"><small>The opposing Weezing restored a little HP using its Black Sludge!</small><br></div><div class="spacer battle-history"><br></div><h2 class="battle-history">Turn 3</h2><div class="chat"><small>EviGaro joined.</small></div><div class="spacer battle-history"><br></div><div class="battle-history">Venusaur, come back!<br></div><div class="battle-history">Go! <strong>Sigilyph</strong>!<br></div><div class="spacer battle-history"><br></div><div class="battle-history">Serene's Grace withdrew Weezing!<br></div><div class="battle-history">Serene's Grace sent out <strong>Diancie</strong>!<br></div><div class="spacer battle-history"><br></div><h2 class="battle-history">Turn 4</h2><div class="spacer battle-history"><br></div><div class="battle-history">Sigilyph, come back!<br></div><div class="battle-history">Go! <strong>Diancie</strong>!<br></div><div class="spacer battle-history"><br></div><div class="battle-history">The opposing Diancie used <strong>Stealth Rock</strong>!<br></div><div class="battle-history"><small>Pointed stones float in the air around your team!</small><br></div><div class="spacer battle-history"><br></div><h2 class="battle-history">Turn 5</h2><div class="spacer battle-history"><br></div><div class="battle-history">Serene's Grace withdrew Diancie!<br></div><div class="battle-history">Serene's Grace sent out <strong>Seismitoad</strong>!<br></div><div class="spacer battle-history"><br></div><div class="battle-history">Diancie used <strong>Stealth Rock</strong>!<br></div><div class="battle-history"><small>Pointed stones float in the air around the opposing team!</small><br></div><div class="spacer battle-history"><br></div><h2 class="battle-history">Turn 6</h2><div class="spacer battle-history"><br></div><div class="battle-history">Diancie, come back!<br></div><div class="battle-history">Go! <strong>Sigilyph</strong>!<br></div><div class="spacer battle-history"><br></div><div class="battle-history">The opposing Seismitoad used <strong>Ice Punch</strong>!<br></div><div class="battle-history"><small>It's super effective!</small><br></div><div class="battle-history"><small>(Sigilyph lost <abbr title="−166/285">58.2%</abbr> of its health!)</small><br></div><div class="spacer battle-history"><br></div><h2 class="battle-history">Turn 7</h2><div class="chat"><small>Ping_Pong_Along joined.</small></div><div class="spacer battle-history"><br></div><div class="battle-history">Serene's Grace withdrew Seismitoad!<br></div><div class="battle-history">Serene's Grace sent out <strong>Malamar</strong>!<br></div><div class="battle-history"><small>Pointed stones dug into the opposing Malamar!</small><br></div><div class="spacer battle-history"><br></div><div class="battle-history">Sigilyph used <strong>Roost</strong>!<br></div><div class="battle-history"><small>Sigilyph restored its HP.</small><br></div><div class="spacer battle-history"><br></div><div class="battle-history"><small>The opposing Malamar restored a little HP using its Leftovers!</small><br></div><div class="spacer battle-history"><br></div><h2 class="battle-history">Turn 8</h2><div class="spacer battle-history"><br></div><div class="battle-history">Sigilyph, come back!<br></div><div class="battle-history">Go! <strong>Diancie</strong>!<br></div><div class="battle-history"><small>Pointed stones dug into Diancie!</small><br></div><div class="spacer battle-history"><br></div><div class="battle-history">The opposing Malamar used <strong>Knock Off</strong>!<br></div><div class="battle-history"><small>It's not very effective...</small><br></div><div class="battle-history"><small>(Diancie lost <abbr title="−37/304">12.2%</abbr> of its health!)</small><br></div><div class="battle-history"><small>The opposing Malamar knocked off Diancie's Leftovers!</small><br></div><div class="spacer battle-history"><br></div><div class="battle-history"><small>The opposing Malamar restored a little HP using its Leftovers!</small><br></div><div class="spacer battle-history"><br></div><h2 class="battle-history">Turn 9</h2><div class="spacer battle-history"><br></div><div class="battle-history">Serene's Grace withdrew Malamar!<br></div><div class="battle-history">Serene's Grace sent out <strong>Weezing</strong>!<br></div><div class="battle-history"><small>Pointed stones dug into the opposing Weezing!</small><br></div><div class="spacer battle-history"><br></div><div class="battle-history">Diancie used <strong>Moonblast</strong>!<br></div><div class="battle-history"><small>It's not very effective...</small><br></div><div class="battle-history"><small>(The opposing Weezing lost <abbr title="−54/334">16.2%</abbr> of its health!)</small><br></div><div class="spacer battle-history"><br></div><div class="battle-history"><small>The opposing Weezing restored a little HP using its Black Sludge!</small><br></div><div class="spacer battle-history"><br></div><h2 class="battle-history">Turn 10</h2><div class="chat chatmessage-mraldo"><strong style="color:hsl(234,45%,61.885059011812395%)"><small>%</small><span class="username" data-name="MrAldo">MrAldo</span>:</strong> <em>this is so refreshing</em></div><div class="chat chatmessage-mraldo"><strong style="color:hsl(234,45%,61.885059011812395%)"><small>%</small><span class="username" data-name="MrAldo">MrAldo</span>:</strong> <em>seeing 2 teams with no hazard control</em></div><div class="spacer battle-history"><br></div><div class="battle-history">Diancie, come back!<br></div><div class="battle-history">Go! <strong>Sigilyph</strong>!<br></div><div class="spacer battle-history"><br></div><div class="battle-history">The opposing Weezing used <strong>Pain Split</strong>!<br></div><div class="battle-history"><small>The battlers shared their pain!</small><br></div><div class="spacer battle-history"><br></div><div class="battle-history"><small>The opposing Weezing restored a little HP using its Black Sludge!</small><br></div><div class="spacer battle-history"><br></div><h2 class="battle-history">Turn 11</h2><div class="spacer battle-history"><br></div><div class="battle-history">Serene's Grace withdrew Weezing!<br></div><div class="battle-history">Serene's Grace sent out <strong>Malamar</strong>!<br></div><div class="battle-history"><small>Pointed stones dug into the opposing Malamar!</small><br></div><div class="spacer battle-history"><br></div><div class="battle-history">Sigilyph used <strong>Psyshock</strong>!<br></div><div class="battle-history"><small>It doesn't affect the opposing Malamar...</small><br></div><div class="spacer battle-history"><br></div><div class="battle-history"><small>The opposing Malamar restored a little HP using its Leftovers!</small><br></div><div class="spacer battle-history"><br></div><h2 class="battle-history">Turn 12</h2><div class="spacer battle-history"><br></div><div class="battle-history">Sigilyph, come back!<br></div><div class="battle-history">Go! <strong>Diancie</strong>!<br></div><div class="battle-history"><small>Pointed stones dug into Diancie!</small><br></div><div class="spacer battle-history"><br></div><div class="battle-history">The opposing Malamar used <strong>Superpower</strong>!<br></div><div class="battle-history"><small>A critical hit!</small><br></div><div class="battle-history"><small>(Diancie lost <abbr title="−102/304">33.6%</abbr> of its health!)</small><br></div><div class="battle-history"><small>The opposing Malamar's Attack rose!</small><br></div><div class="battle-history"><small>The opposing Malamar's Defense rose!</small><br></div><div class="spacer battle-history"><br></div><div class="battle-history"><small>The opposing Malamar restored a little HP using its Leftovers!</small><br></div><div class="spacer battle-history"><br></div><h2 class="battle-history">Turn 13</h2><div class="spacer battle-history"><br></div><div class="battle-history">Serene's Grace withdrew Malamar!<br></div><div class="battle-history">Serene's Grace sent out <strong>Weezing</strong>!<br></div><div class="battle-history"><small>Pointed stones dug into the opposing Weezing!</small><br></div><div class="spacer battle-history"><br></div><div class="battle-history">Diancie used <strong>Moonblast</strong>!<br></div><div class="battle-history"><small>It's not very effective...</small><br></div><div class="battle-history"><small>(The opposing Weezing lost <abbr title="−54/334">16.2%</abbr> of its health!)</small><br></div><div class="spacer battle-history"><br></div><div class="battle-history"><small>The opposing Weezing restored a little HP using its Black Sludge!</small><br></div><div class="spacer battle-history"><br></div><h2 class="battle-history">Turn 14</h2><div class="spacer battle-history"><br></div><div class="battle-history">The opposing Weezing used <strong>Sludge Bomb</strong>!<br></div><div class="battle-history"><small>(Diancie lost <abbr title="−52/304">17.1%</abbr> of its health!)</small><br></div><div class="spacer battle-history"><br></div><div class="battle-history">Diancie used <strong>Diamond Storm</strong>!<br></div><div class="battle-history"><small>(The opposing Weezing lost <abbr title="−93/334">27.8%</abbr> of its health!)</small><br></div><div class="spacer battle-history"><br></div><div class="battle-history"><small>The opposing Weezing restored a little HP using its Black Sludge!</small><br></div><div class="spacer battle-history"><br></div><h2 class="battle-history">Turn 15</h2><div class="spacer battle-history"><br></div><div class="battle-history">The opposing Weezing used <strong>Taunt</strong>!<br></div><div class="battle-history"><small>Diancie fell for the taunt!</small><br></div><div class="spacer battle-history"><br></div><div class="battle-history">Diancie used <strong>Moonblast</strong>!<br></div><div class="battle-history"><small>It's not very effective...</small><br></div><div class="battle-history"><small>(The opposing Weezing lost <abbr title="−54/334">16.2%</abbr> of its health!)</small><br></div><div class="spacer battle-history"><br></div><div class="battle-history"><small>The opposing Weezing restored a little HP using its Black Sludge!</small><br></div><div class="spacer battle-history"><br></div><h2 class="battle-history">Turn 16</h2><div class="spacer battle-history"><br></div><div class="battle-history">Diancie, come back!<br></div><div class="battle-history">Go! <strong>Sigilyph</strong>!<br></div><div class="spacer battle-history"><br></div><div class="battle-history">The opposing Weezing used <strong>Will-O-Wisp</strong>!<br></div><div class="battle-history"><small>Sigilyph was burned!</small><br></div><div class="spacer battle-history"><br></div><div class="battle-history"><small>The opposing Weezing restored a little HP using its Black Sludge!</small><br></div><div class="spacer battle-history"><br></div><h2 class="battle-history">Turn 17</h2><div class="spacer battle-history"><br></div><div class="battle-history">Sigilyph used <strong>Calm Mind</strong>!<br></div><div class="battle-history"><small>Sigilyph's Special Attack rose!</small><br></div><div class="battle-history"><small>Sigilyph's Special Defense rose!</small><br></div><div class="spacer battle-history"><br></div><div class="battle-history">The opposing Weezing used <strong>Sludge Bomb</strong>!<br></div><div class="battle-history"><small>(Sigilyph lost <abbr title="−73/285">25.6%</abbr> of its health!)</small><br></div><div class="spacer battle-history"><br></div><div class="battle-history"><small>The opposing Weezing restored a little HP using its Black Sludge!</small><br></div><div class="spacer battle-history"><br></div><h2 class="battle-history">Turn 18</h2><div class="spacer battle-history"><br></div><div class="battle-history">Serene's Grace withdrew Weezing!<br></div><div class="battle-history">Serene's Grace sent out <strong>Diancie</strong>!<br></div><div class="battle-history"><small>Pointed stones dug into the opposing Diancie!</small><br></div><div class="spacer battle-history"><br></div><div class="battle-history">Sigilyph used <strong>Heat Wave</strong>!<br></div><div class="battle-history"><small>It's not very effective...</small><br></div><div class="battle-history"><small>(The opposing Diancie lost <abbr title="−52/304">17.1%</abbr> of its health!)</small><br></div><div class="spacer battle-history"><br></div><div class="battle-history"><small>The opposing Diancie restored a little HP using its Leftovers!</small><br></div><div class="spacer battle-history"><br></div><h2 class="battle-history">Turn 19</h2><div class="spacer battle-history"><br></div><div class="battle-history">Sigilyph used <strong>Psyshock</strong>!<br></div><div class="battle-history"><small>(The opposing Diancie lost <abbr title="−191/304">62.8%</abbr> of its health!)</small><br></div><div class="spacer battle-history"><br></div><div class="battle-history">The opposing Diancie used <strong>Moonblast</strong>!<br></div><div class="battle-history"><small>(Sigilyph lost <abbr title="−88/285">30.9%</abbr> of its health!)</small><br></div><div class="spacer battle-history"><br></div><div class="battle-history"><small>The opposing Diancie restored a little HP using its Leftovers!</small><br></div><div class="spacer battle-history"><br></div><h2 class="battle-history">Turn 20</h2><div class="spacer battle-history"><br></div><div class="battle-history">Sigilyph used <strong>Psyshock</strong>!<br></div><div class="battle-history"><small>(The opposing Diancie lost <abbr title="−61/304">20.1%</abbr> of its health!)</small><br></div><div class="spacer battle-history"><br></div><div class="battle-history">The opposing Diancie fainted!<br></div><div class="spacer battle-history"><br></div><div class="battle-history">Serene's Grace sent out <strong>Accelgor</strong>!<br></div><div class="battle-history"><small>Pointed stones dug into the opposing Accelgor!</small><br></div><div class="spacer battle-history"><br></div><h2 class="battle-history">Turn 21</h2><div class="spacer battle-history"><br></div><div class="battle-history">Sigilyph, come back!<br></div><div class="battle-history">Go! <strong>Diancie</strong>!<br></div><div class="battle-history"><small>Pointed stones dug into Diancie!</small><br></div><div class="spacer battle-history"><br></div><div class="battle-history">Diancie fainted!<br></div><div class="battle-history">The opposing Accelgor used <strong>Bug Buzz</strong>!<br></div><div class="battle-history"><small>But there was no target...</small><br></div><div class="spacer battle-history"><br></div><div class="battle-history">Go! <strong>Gurdurr</strong>!<br></div><div class="battle-history"><small>Pointed stones dug into Gurdurr!</small><br></div><div class="spacer battle-history"><br></div><h2 class="battle-history">Turn 22</h2><div class="spacer battle-history"><br></div><div class="battle-history">Serene's Grace withdrew Accelgor!<br></div><div class="battle-history">Serene's Grace sent out <strong>Weezing</strong>!<br></div><div class="battle-history"><small>Pointed stones dug into the opposing Weezing!</small><br></div><div class="spacer battle-history"><br></div><div class="battle-history">Gurdurr used <strong>Knock Off</strong>!<br></div><div class="battle-history"><small>(The opposing Weezing lost <abbr title="−58/334">17.4%</abbr> of its health!)</small><br></div><div class="battle-history"><small>Gurdurr knocked off the opposing Weezing's Black Sludge!</small><br></div><div class="spacer battle-history"><br></div><div class="battle-history">The opposing Weezing fainted!<br></div><div class="spacer battle-history"><br></div><div class="battle-history">Serene's Grace sent out <strong>Malamar</strong>!<br></div><div class="battle-history"><small>Pointed stones dug into the opposing Malamar!</small><br></div><div class="spacer battle-history"><br></div><h2 class="battle-history">Turn 23</h2><div class="spacer battle-history"><br></div><div class="battle-history">The opposing Malamar used <strong>Superpower</strong>!<br></div><div class="battle-history"><small>(Gurdurr lost <abbr title="−56/373">15.0%</abbr> of its health!)</small><br></div><div class="battle-history"><small>The opposing Malamar's Attack rose!</small><br></div><div class="battle-history"><small>The opposing Malamar's Defense rose!</small><br></div><div class="spacer battle-history"><br></div><div class="battle-history">Gurdurr used <strong>Bulk Up</strong>!<br></div><div class="battle-history"><small>Gurdurr's Attack rose!</small><br></div><div class="battle-history"><small>Gurdurr's Defense rose!</small><br></div><div class="spacer battle-history"><br></div><div class="battle-history"><small>The opposing Malamar restored a little HP using its Leftovers!</small><br></div><div class="spacer battle-history"><br></div><h2 class="battle-history">Turn 24</h2><div class="spacer battle-history"><br></div><div class="battle-history">The opposing Malamar used <strong>Superpower</strong>!<br></div><div class="battle-history"><small>(Gurdurr lost <abbr title="−61/373">16.4%</abbr> of its health!)</small><br></div><div class="battle-history"><small>The opposing Malamar's Attack rose!</small><br></div><div class="battle-history"><small>The opposing Malamar's Defense rose!</small><br></div><div class="spacer battle-history"><br></div><div class="battle-history">Gurdurr used <strong>Drain Punch</strong>!<br></div><div class="battle-history"><small>(The opposing Malamar lost <abbr title="−97/375">25.9%</abbr> of its health!)</small><br></div><div class="battle-history"><small>The opposing Malamar had its energy drained!</small><br></div><div class="spacer battle-history"><br></div><div class="battle-history"><small>The opposing Malamar restored a little HP using its Leftovers!</small><br></div><div class="spacer battle-history"><br></div><h2 class="battle-history">Turn 25</h2><div class="spacer battle-history"><br></div><div class="battle-history">The opposing Malamar used <strong>Superpower</strong>!<br></div><div class="battle-history"><small>(Gurdurr lost <abbr title="−85/373">22.8%</abbr> of its health!)</small><br></div><div class="battle-history"><small>The opposing Malamar's Attack rose!</small><br></div><div class="battle-history"><small>The opposing Malamar's Defense rose!</small><br></div><div class="spacer battle-history"><br></div><div class="battle-history">Gurdurr used <strong>Bulk Up</strong>!<br></div><div class="battle-history"><small>Gurdurr's Attack rose!</small><br></div><div class="battle-history"><small>Gurdurr's Defense rose!</small><br></div><div class="spacer battle-history"><br></div><div class="battle-history"><small>The opposing Malamar restored a little HP using its Leftovers!</small><br></div><div class="spacer battle-history"><br></div><h2 class="battle-history">Turn 26</h2><div class="spacer battle-history"><br></div><div class="battle-history">The opposing Malamar used <strong>Knock Off</strong>!<br></div><div class="battle-history"><small>It's not very effective...</small><br></div><div class="battle-history"><small>(Gurdurr lost <abbr title="−45/373">12.1%</abbr> of its health!)</small><br></div><div class="battle-history"><small>The opposing Malamar knocked off Gurdurr's Eviolite!</small><br></div><div class="spacer battle-history"><br></div><div class="battle-history">Gurdurr used <strong>Drain Punch</strong>!<br></div><div class="battle-history"><small>(The opposing Malamar lost <abbr title="−96/375">25.6%</abbr> of its health!)</small><br></div><div class="battle-history"><small>The opposing Malamar had its energy drained!</small><br></div><div class="spacer battle-history"><br></div><div class="battle-history"><small>The opposing Malamar restored a little HP using its Leftovers!</small><br></div><div class="spacer battle-history"><br></div><h2 class="battle-history">Turn 27</h2><div class="spacer battle-history"><br></div><div class="battle-history">The opposing Malamar used <strong>Superpower</strong>!<br></div><div class="battle-history"><small>A critical hit!</small><br></div><div class="battle-history"><small>(Gurdurr lost <abbr title="−200/373">53.6%</abbr> of its health!)</small><br></div><div class="battle-history"><small>The opposing Malamar's Attack rose!</small><br></div><div class="battle-history"><small>The opposing Malamar's Defense rose!</small><br></div><div class="spacer battle-history"><br></div><div class="battle-history">Gurdurr fainted!<br></div><div class="spacer battle-history"><br></div><div class="battle-history"><small>The opposing Malamar restored a little HP using its Leftovers!</small><br></div><div class="chat"><small>gorex left.</small></div><div class="chat"><small>TTFTW left.</small></div><div class="chat"><small>Ping_Pong_Along left.</small></div><div class="chat chatmessage-serenesgrace"><strong style="color:hsl(22,75%,44%)"><small>★</small><span class="username" data-name="Serene's Grace">Serene's Grace</span>:</strong> <em>f</em></div><div class="chat chatmessage-mraldo"><strong style="color:hsl(234,45%,61.885059011812395%)"><small>%</small><span class="username" data-name="MrAldo">MrAldo</span>:</strong> <em>and I think this is a wrap tbh</em></div><div class="chat chatmessage-mraldo"><strong style="color:hsl(234,45%,61.885059011812395%)"><small>%</small><span class="username" data-name="MrAldo">MrAldo</span>:</strong> <em>but lets wait</em></div><div class="chat"><small>gorex joined.</small></div><div class="chat"><small>TTFTW joined.</small></div><div class="chat chatmessage-ttftw"><strong style="color:hsl(65,65%,35.9100307616%)"><small>★</small><span class="username" data-name="TTFTW">TTFTW</span>:</strong> <em>messy net</em></div><div class="spacer battle-history"><br></div><div class="battle-history">Go! <strong>Venusaur</strong>!<br></div><div class="battle-history"><small>Pointed stones dug into Venusaur!</small><br></div><div class="spacer battle-history"><br></div><h2 class="battle-history">Turn 28</h2><div class="chat chatmessage-mraldo"><strong style="color:hsl(234,45%,61.885059011812395%)"><small>%</small><span class="username" data-name="MrAldo">MrAldo</span>:</strong> <em>understandable</em></div><div class="spacer battle-history"><br></div><div class="battle-history">Venusaur used <strong>Leaf Storm</strong>!<br></div><div class="battle-history"><small>The opposing Malamar avoided the attack!</small><br></div><div class="spacer battle-history"><br></div><div class="battle-history">The opposing Malamar used <strong>Rest</strong>!<br></div><div class="battle-history"><small>The opposing Malamar fell asleep!</small><br></div><div class="battle-history"><small>The opposing Malamar slept and became healthy!</small><br></div><div class="spacer battle-history"><br></div><h2 class="battle-history">Turn 29</h2><div class="spacer battle-history"><br></div><div class="battle-history">Venusaur used <strong>Leaf Storm</strong>!<br></div><div class="battle-history"><small>(The opposing Malamar lost <abbr title="−325/375">86.7%</abbr> of its health!)</small><br></div><div class="battle-history"><small>Venusaur's Special Attack fell harshly!</small><br></div><div class="spacer battle-history"><br></div><div class="battle-history">The opposing Malamar is fast asleep.<br></div><div class="spacer battle-history"><br></div><div class="battle-history">The opposing Malamar used <strong>Sleep Talk</strong>!<br></div><div class="spacer battle-history"><br></div><div class="battle-history">The opposing Malamar used <strong>Knock Off</strong>!<br></div><div class="battle-history"><small>(Venusaur lost <abbr title="−89/301">29.6%</abbr> of its health!)</small><br></div><div class="spacer battle-history"><br></div><div class="battle-history">Venusaur fainted!<br></div><div class="spacer battle-history"><br></div><div class="battle-history"><small>The opposing Malamar restored a little HP using its Leftovers!</small><br></div><div class="spacer battle-history"><br></div><div class="battle-history">Go! <strong>Seismitoad</strong>!<br></div><div class="battle-history"><small>Pointed stones dug into Seismitoad!</small><br></div><div class="spacer battle-history"><br></div><h2 class="battle-history">Turn 30</h2><div class="chat chatmessage-mraldo"><strong style="color:hsl(234,45%,61.885059011812395%)"><small>%</small><span class="username" data-name="MrAldo">MrAldo</span>:</strong> <em>thats mighty unfortunate</em></div><div class="chat chatmessage-mraldo"><strong style="color:hsl(234,45%,61.885059011812395%)"><small>%</small><span class="username" data-name="MrAldo">MrAldo</span>:</strong> <em>holy shit</em></div><div class="spacer battle-history"><br></div><div class="battle-history">Seismitoad used <strong>Earth Power</strong>!<br></div><div class="battle-history"><small>(The opposing Malamar lost <abbr title="−73/375">19.5%</abbr> of its health!)</small><br></div><div class="spacer battle-history"><br></div><div class="battle-history">The opposing Malamar fainted!<br></div><div class="spacer battle-history"><br></div><div class="battle-history"><small>Seismitoad restored a little HP using its Leftovers!</small><br></div><div class="spacer battle-history"><br></div><div class="battle-history">Serene's Grace sent out <strong>Seismitoad</strong>!<br></div><div class="battle-history"><small>Pointed stones dug into the opposing Seismitoad!</small><br></div><div class="spacer battle-history"><br></div><h2 class="battle-history">Turn 31</h2><div class="spacer battle-history"><br></div><div class="battle-history">The opposing Seismitoad used <strong>Earthquake</strong>!<br></div><div class="battle-history"><small>(Seismitoad lost <abbr title="−198/369">53.7%</abbr> of its health!)</small><br></div><div class="spacer battle-history"><br></div><div class="battle-history">Seismitoad used <strong>Earth Power</strong>!<br></div><div class="battle-history"><small>(The opposing Seismitoad lost <abbr title="−132/351">37.6%</abbr> of its health!)</small><br></div><div class="spacer battle-history"><br></div><div class="battle-history"><small>The opposing Seismitoad restored a little HP using its Leftovers!</small><br></div><div class="battle-history"><small>Seismitoad restored a little HP using its Leftovers!</small><br></div><div class="spacer battle-history"><br></div><h2 class="battle-history">Turn 32</h2><div class="spacer battle-history"><br></div><div class="battle-history">Seismitoad, come back!<br></div><div class="battle-history">Go! <strong>Sneasel</strong>!<br></div><div class="battle-history"><small>Pointed stones dug into Sneasel!</small><br></div><div class="spacer battle-history"><br></div><div class="battle-history">The opposing Seismitoad used <strong>Earthquake</strong>!<br></div><div class="battle-history"><small>(Sneasel lost <abbr title="−189/251">75.3%</abbr> of its health!)</small><br></div><div class="spacer battle-history"><br></div><div class="battle-history">Sneasel fainted!<br></div><div class="spacer battle-history"><br></div><div class="battle-history"><small>The opposing Seismitoad restored a little HP using its Leftovers!</small><br></div><div class="spacer battle-history"><br></div><div class="battle-history">Go! <strong>Sigilyph</strong>!<br></div><div class="spacer battle-history"><br></div><h2 class="battle-history">Turn 33</h2><div class="spacer battle-history"><br></div><div class="battle-history">Sigilyph used <strong>Psyshock</strong>!<br></div><div class="battle-history"><small>A critical hit!</small><br></div><div class="battle-history"><small>(The opposing Seismitoad lost <abbr title="−240/351">68.4%</abbr> of its health!)</small><br></div><div class="spacer battle-history"><br></div><div class="battle-history">The opposing Seismitoad fainted!<br></div><div class="spacer battle-history"><br></div><div class="battle-history">Serene's Grace sent out <strong>Accelgor</strong>!<br></div><div class="battle-history"><small>Pointed stones dug into the opposing Accelgor!</small><br></div><div class="spacer battle-history"><br></div><h2 class="battle-history">Turn 34</h2><div class="chat chatmessage-ttftw"><strong style="color:hsl(65,65%,35.9100307616%)"><small>★</small><span class="username" data-name="TTFTW">TTFTW</span>:</strong> <em>oh</em></div><div class="spacer battle-history"><br></div><div class="battle-history">The opposing Accelgor used <strong>Bug Buzz</strong>!<br></div><div class="battle-history"><small>(Sigilyph lost <abbr title="−60/285">21.1%</abbr> of its health!)</small><br></div><div class="battle-history"><small>The opposing Accelgor lost some of its HP!</small><br></div><div class="spacer battle-history"><br></div><div class="battle-history">Sigilyph fainted!<br></div><div class="spacer battle-history"><br></div><div class="battle-history">Go! <strong>Seismitoad</strong>!<br></div><div class="battle-history"><small>Pointed stones dug into Seismitoad!</small><br></div><div class="spacer battle-history"><br></div><h2 class="battle-history">Turn 35</h2><div class="chat chatmessage-ttftw"><strong style="color:hsl(65,65%,35.9100307616%)"><small>★</small><span class="username" data-name="TTFTW">TTFTW</span>:</strong> <em>gg</em></div><div class="spacer battle-history"><br></div><div class="battle-history">The opposing Accelgor used <strong>Bug Buzz</strong>!<br></div><div class="battle-history"><small>(Seismitoad lost <abbr title="−171/369">46.3%</abbr> of its health!)</small><br></div><div class="battle-history"><small>The opposing Accelgor lost some of its HP!</small><br></div><div class="spacer battle-history"><br></div><div class="battle-history">Seismitoad fainted!<br></div><div class="spacer battle-history"><br></div><div class="battle-history"><strong>Serene's Grace</strong> won the battle!<br></div><div class="chat chatmessage-serenesgrace"><strong style="color:hsl(22,75%,44%)"><small>★</small><span class="username" data-name="Serene's Grace">Serene's Grace</span>:</strong> <em>gg</em></div></div><div class="inner-preempt"></div></div></div>
</div>
<script>
let daily = Math.floor(Date.now()/1000/60/60/24);document.write('<script src="https://play.pokemonshowdown.com/js/replay-embed.js?version'+daily+'"></'+'script>');
</script>
