<!DOCTYPE html>
<meta charset="utf-8" />
<!-- version 1 -->
<title>RU replay: hiderr vs. SykesD</title>
<style>
html,body {font-family:Verdana, sans-serif;font-size:10pt;margin:0;padding:0;}body{padding:12px 0;} .battle-log {font-family:Verdana, sans-serif;font-size:10pt;} .battle-log-inline {border:1px solid #AAAAAA;background:#EEF2F5;color:black;max-width:640px;margin:0 auto 80px;padding-bottom:5px;} .battle-log .inner {padding:4px 8px 0px 8px;} .battle-log .inner-preempt {padding:0 8px 4px 8px;} .battle-log .inner-after {margin-top:0.5em;} .battle-log h2 {margin:0.5em -8px;padding:4px 8px;border:1px solid #AAAAAA;background:#E0E7EA;border-left:0;border-right:0;font-family:Verdana, sans-serif;font-size:13pt;} .battle-log .chat {vertical-align:middle;padding:3px 0 3px 0;font-size:8pt;} .battle-log .chat strong {color:#40576A;} .battle-log .chat em {padding:1px 4px 1px 3px;color:#000000;font-style:normal;} .chat.mine {background:rgba(0,0,0,0.05);margin-left:-8px;margin-right:-8px;padding-left:8px;padding-right:8px;} .spoiler {color:#BBBBBB;background:#BBBBBB;padding:0px 3px;} .spoiler:hover, .spoiler:active, .spoiler-shown {color:#000000;background:#E2E2E2;padding:0px 3px;} .spoiler a {color:#BBBBBB;} .spoiler:hover a, .spoiler:active a, .spoiler-shown a {color:#2288CC;} .chat code, .chat .spoiler:hover code, .chat .spoiler:active code, .chat .spoiler-shown code {border:1px solid #C0C0C0;background:#EEEEEE;color:black;padding:0 2px;} .chat .spoiler code {border:1px solid #CCCCCC;background:#CCCCCC;color:#CCCCCC;} .battle-log .rated {padding:3px 4px;} .battle-log .rated strong {color:white;background:#89A;padding:1px 4px;border-radius:4px;} .spacer {margin-top:0.5em;} .message-announce {background:#6688AA;color:white;padding:1px 4px 2px;} .message-announce a, .broadcast-green a, .broadcast-blue a, .broadcast-red a {color:#DDEEFF;} .broadcast-green {background-color:#559955;color:white;padding:2px 4px;} .broadcast-blue {background-color:#6688AA;color:white;padding:2px 4px;} .infobox {border:1px solid #6688AA;padding:2px 4px;} .infobox-limited {max-height:200px;overflow:auto;overflow-x:hidden;} .broadcast-red {background-color:#AA5544;color:white;padding:2px 4px;} .message-learn-canlearn {font-weight:bold;color:#228822;text-decoration:underline;} .message-learn-cannotlearn {font-weight:bold;color:#CC2222;text-decoration:underline;} .message-effect-weak {font-weight:bold;color:#CC2222;} .message-effect-resist {font-weight:bold;color:#6688AA;} .message-effect-immune {font-weight:bold;color:#666666;} .message-learn-list {margin-top:0;margin-bottom:0;} .message-throttle-notice, .message-error {color:#992222;} .message-overflow, .chat small.message-overflow {font-size:0pt;} .message-overflow::before {font-size:9pt;content:'...';} .subtle {color:#3A4A66;}
</style>
<div class="wrapper replay-wrapper" style="max-width:1180px;margin:0 auto">
<input type="hidden" name="replayid" value="ru-487407526" />
<div class="battle"></div><div class="battle-log"></div><div class="replay-controls"></div><div class="replay-controls-2"></div>
<h1 style="font-weight:normal;text-align:center"><strong>RU</strong><br /><a href="http://pokemonshowdown.com/users/hiderr" class="subtle" target="_blank">hiderr</a> vs. <a href="http://pokemonshowdown.com/users/sykesd" class="subtle" target="_blank">SykesD</a></h1>
<script type="text/plain" class="battle-log-data">|j|hiderr
|j|SykesD
|player|p1|hiderr|99
|player|p2|SykesD|170
|gametype|singles
|gen|6
|tier|RU
|rated
|seed|42802,6125,28636,62439
|rule|Sleep Clause Mod: Limit one foe put to sleep
|rule|Species Clause: Limit one of each Pokémon
|rule|OHKO Clause: OHKO moves are banned
|rule|Moody Clause: Moody is banned
|rule|Evasion Moves Clause: Evasion moves are banned
|rule|Endless Battle Clause: Forcing endless battles is banned
|rule|HP Percentage Mod: HP is shown in percentages
|clearpoke
|poke|p1|Granbull, F|item
|poke|p1|Registeel|item
|poke|p1|Drapion, F, shiny|item
|poke|p1|Alomomola, F|item
|poke|p1|Flygon, M|item
|poke|p1|Jolteon, F|item
|poke|p2|Banette, F|item
|poke|p2|Hitmonlee, M|item
|poke|p2|Cofagrigus, M|item
|poke|p2|Ambipom, F|item
|poke|p2|Bronzong|item
|poke|p2|Delphox, F, shiny|item
|rule|Swagger Clause: Swagger is banned
|rule|Baton Pass Clause: Limit one Baton Passer, can't pass Spe and other stats simultaneously
|teampreview
|c|★hiderr|hfgl
|choice|team 2, team 1, team 3, team 4, team 5, team 6|team 4, team 2, team 3, team 1, team 5, team 6
|
|start
|switch|p1a: Registeel|Registeel|364\/364
|switch|p2a: Ambipom|Ambipom, F|291\/291
|turn|1
|choice|move stealthrock|move uturn
|
|move|p2a: Ambipom|U-turn|p1a: Registeel
|-resisted|p1a: Registeel
|-damage|p1a: Registeel|332\/364
|-damage|p2a: Ambipom|262\/291|[from] item: Life Orb
|choice||switch 3
|
|switch|p2a: Cofagrigus|Cofagrigus, M|319\/319
|move|p1a: Registeel|Stealth Rock|p2a: Cofagrigus
|-sidestart|p2: SykesD|move: Stealth Rock
|
|-heal|p1a: Registeel|354\/364|[from] item: Leftovers
|turn|2
|c|★SykesD|Gl
|choice|move toxic|move willowisp
|
|move|p1a: Registeel|Toxic|p2a: Cofagrigus
|-status|p2a: Cofagrigus|tox
|move|p2a: Cofagrigus|Will-O-Wisp|p1a: Registeel
|-status|p1a: Registeel|brn
|
|-heal|p1a: Registeel|364\/364 brn|[from] item: Leftovers
|-damage|p1a: Registeel|319\/364 brn|[from] brn
|-damage|p2a: Cofagrigus|300\/319 tox|[from] psn
|turn|3
|choice|switch 2|move hex
|
|switch|p1a: Granbull|Granbull, F|383\/383
|-ability|p1a: Granbull|Intimidate|boost
|-unboost|p2a: Cofagrigus|atk|1
|move|p2a: Cofagrigus|Hex|p1a: Granbull
|-damage|p1a: Granbull|271\/383
|
|-heal|p1a: Granbull|294\/383|[from] item: Leftovers
|-damage|p2a: Cofagrigus|262\/319 tox|[from] psn
|turn|4
|choice|move playrough|move painsplit
|
|move|p1a: Granbull|Play Rough|p2a: Cofagrigus
|-damage|p2a: Cofagrigus|178\/319 tox
|-activate|p2a: Cofagrigus|ability: Mummy|Intimidate|[of] p1a: Granbull
|-damage|p1a: Granbull|231\/383|[from] item: Rocky Helmet|[of] p2a: Cofagrigus
|move|p2a: Cofagrigus|Pain Split|p1a: Granbull
|-sethp|p1a: Granbull|204\/383|p2a: Cofagrigus|204\/319 tox|[from] move: Pain Split
|
|-heal|p1a: Granbull|227\/383|[from] item: Leftovers
|-damage|p2a: Cofagrigus|147\/319 tox|[from] psn
|turn|5
|choice|move roar|move willowisp
|
|move|p2a: Cofagrigus|Will-O-Wisp|p1a: Granbull
|-status|p1a: Granbull|brn
|move|p1a: Granbull|Roar|p2a: Cofagrigus
|drag|p2a: Bronzong|Bronzong|338\/338
|-damage|p2a: Bronzong|317\/338|[from] Stealth Rock
|
|-heal|p1a: Granbull|250\/383 brn|[from] item: Leftovers
|-heal|p2a: Bronzong|338\/338|[from] item: Leftovers
|-damage|p1a: Granbull|203\/383 brn|[from] brn
|turn|6
|choice|move healbell|move confuseray
|
|move|p1a: Granbull|Heal Bell|p1a: Granbull
|-activate|p1a: Granbull|move: Heal Bell
|-curestatus|p1a: Granbull|brn|[msg]
|-curestatus|p1: Registeel|brn|[msg]
|move|p2a: Bronzong|Confuse Ray|p1a: Granbull
|-start|p1a: Granbull|confusion
|
|-heal|p1a: Granbull|226\/383|[from] item: Leftovers
|turn|7
|choice|switch 3|move gyroball
|
|switch|p1a: Drapion|Drapion, F, shiny|285\/285
|move|p2a: Bronzong|Gyro Ball|p1a: Drapion
|-damage|p1a: Drapion|131\/285
|
|turn|8
|choice|move knockoff|move gyroball
|
|move|p1a: Drapion|Knock Off|p2a: Bronzong
|-supereffective|p2a: Bronzong
|-damage|p2a: Bronzong|0 fnt
|-enditem|p2a: Bronzong|Leftovers|[from] move: Knock Off|[of] p1a: Drapion
|faint|p2a: Bronzong
|
|choice||switch 5
|
|switch|p2a: Cofagrigus|Cofagrigus, M|147\/319 tox
|-damage|p2a: Cofagrigus|108\/319 tox|[from] Stealth Rock
|turn|9
|choice|move knockoff|move willowisp
|
|move|p1a: Drapion|Knock Off|p2a: Cofagrigus
|-supereffective|p2a: Cofagrigus
|-damage|p2a: Cofagrigus|0 fnt
|-activate|p2a: Cofagrigus|ability: Mummy|Sniper|[of] p1a: Drapion
|-damage|p1a: Drapion|84\/285|[from] item: Rocky Helmet|[of] p2a: Cofagrigus
|-enditem|p2a: Cofagrigus|Rocky Helmet|[from] move: Knock Off|[of] p1a: Drapion
|faint|p2a: Cofagrigus
|
|choice||switch 2
|
|switch|p2a: Hitmonlee|Hitmonlee, M|303\/303
|-damage|p2a: Hitmonlee|285\/303|[from] Stealth Rock
|turn|10
|choice|switch 4|move fakeout
|
|switch|p1a: Alomomola|Alomomola, F|501\/501
|move|p2a: Hitmonlee|Fake Out|p1a: Alomomola
|-damage|p1a: Alomomola|463\/501
|
|-heal|p1a: Alomomola|494\/501|[from] item: Leftovers
|turn|11
|choice|move scald|move knockoff
|
|move|p2a: Hitmonlee|Knock Off|p1a: Alomomola
|-damage|p1a: Alomomola|400\/501
|-enditem|p1a: Alomomola|Leftovers|[from] move: Knock Off|[of] p2a: Hitmonlee
|move|p1a: Alomomola|Scald|p2a: Hitmonlee
|-damage|p2a: Hitmonlee|252\/303
|
|turn|12
|choice|move scald|switch 4
|
|switch|p2a: Banette|Banette, F|332\/332
|-damage|p2a: Banette|291\/332|[from] Stealth Rock
|move|p1a: Alomomola|Scald|p2a: Banette
|-damage|p2a: Banette|249\/332
|
|turn|13
|choice|move scald|move shadowclaw mega
|
|detailschange|p2a: Banette|Banette-Mega, F
|-mega|p2a: Banette|Banette|Banettite
|move|p1a: Alomomola|Scald|p2a: Banette
|-damage|p2a: Banette|210\/332
|move|p2a: Banette|Shadow Claw|p1a: Alomomola
|-crit|p1a: Alomomola
|-damage|p1a: Alomomola|231\/501
|
|turn|14
|choice|move wish|move shadowclaw
|
|move|p2a: Banette|Shadow Claw|p1a: Alomomola
|-damage|p1a: Alomomola|111\/501
|move|p1a: Alomomola|Wish|p1a: Alomomola
|
|turn|15
|choice|switch 4|move willowisp
|
|switch|p1a: Drapion|Drapion, F, shiny|84\/285
|move|p2a: Banette|Will-O-Wisp|p1a: Drapion
|-status|p1a: Drapion|brn
|
|-heal|p1a: Drapion|285\/285 brn|[from] move: Wish|[wisher] Alomomola
|-damage|p1a: Drapion|250\/285 brn|[from] brn
|turn|16
|c|★hiderr|damn wp
|choice|switch 3|move protect
|
|switch|p1a: Granbull|Granbull, F|226\/383
|-ability|p1a: Granbull|Intimidate|boost
|-unboost|p2a: Banette|atk|1
|move|p2a: Banette|Protect|p2a: Banette
|-fail|p2a: Banette
|
|-heal|p1a: Granbull|249\/383|[from] item: Leftovers
|turn|17
|choice|move healbell|move willowisp
|
|move|p2a: Banette|Will-O-Wisp|p1a: Granbull|[miss]
|-miss|p2a: Banette|p1a: Granbull
|move|p1a: Granbull|Heal Bell|p1a: Granbull
|-activate|p1a: Granbull|move: Heal Bell
|-curestatus|p1: Drapion|brn|[msg]
|
|-heal|p1a: Granbull|272\/383|[from] item: Leftovers
|turn|18
|choice|switch 6|move willowisp
|
|switch|p1a: Jolteon|Jolteon, F|271\/271
|move|p2a: Banette|Will-O-Wisp|p1a: Jolteon
|-status|p1a: Jolteon|brn
|
|-damage|p1a: Jolteon|238\/271 brn|[from] brn
|turn|19
|choice|move thunderbolt|move protect
|
|move|p2a: Banette|Protect|p2a: Banette
|-singleturn|p2a: Banette|Protect
|move|p1a: Jolteon|Thunderbolt|p2a: Banette
|-activate|p2a: Banette|move: Protect
|
|-damage|p1a: Jolteon|205\/271 brn|[from] brn
|turn|20
|c|★hiderr|here we go
|c|★hiderr|gg
|choice|move thunderbolt|move destinybond
|
|move|p2a: Banette|Destiny Bond|p2a: Banette
|-singlemove|p2a: Banette|Destiny Bond
|move|p1a: Jolteon|Thunderbolt|p2a: Banette
|-damage|p2a: Banette|42\/332
|
|-damage|p1a: Jolteon|172\/271 brn|[from] brn
|turn|21
|choice|switch 2|move protect
|
|switch|p1a: Registeel|Registeel|319\/364
|move|p2a: Banette|Protect|p2a: Banette
|-fail|p2a: Banette
|
|-heal|p1a: Registeel|341\/364|[from] item: Leftovers
|turn|22
|choice|move toxic|move willowisp
|
|move|p2a: Banette|Will-O-Wisp|p1a: Registeel
|-status|p1a: Registeel|brn
|move|p1a: Registeel|Toxic|p2a: Banette
|-status|p2a: Banette|tox
|
|-heal|p1a: Registeel|363\/364 brn|[from] item: Leftovers
|-damage|p2a: Banette|22\/332 tox|[from] psn
|-damage|p1a: Registeel|318\/364 brn|[from] brn
|turn|23
|choice|switch 6|switch 4
|
|switch|p2a: Hitmonlee|Hitmonlee, M|252\/303
|-damage|p2a: Hitmonlee|234\/303|[from] Stealth Rock
|switch|p1a: Granbull|Granbull, F|272\/383
|-ability|p1a: Granbull|Intimidate|boost
|-unboost|p2a: Hitmonlee|atk|1
|
|-heal|p1a: Granbull|295\/383|[from] item: Leftovers
|turn|24
|choice|move healbell|move fakeout
|
|move|p2a: Hitmonlee|Fake Out|p1a: Granbull
|-damage|p1a: Granbull|271\/383
|cant|p1a: Granbull|flinch
|
|-heal|p1a: Granbull|294\/383|[from] item: Leftovers
|turn|25
|choice|move healbell|switch 4
|
|switch|p2a: Banette|Banette-Mega, F|22\/332 tox
|-damage|p2a: Banette|0 fnt|[from] Stealth Rock
|faint|p2a: Banette
|move|p1a: Granbull|Heal Bell|p1a: Granbull
|-activate|p1a: Granbull|move: Heal Bell
|-curestatus|p1: Jolteon|brn|[msg]
|-curestatus|p1: Registeel|brn|[msg]
|
|-heal|p1a: Granbull|317\/383|[from] item: Leftovers
|choice||switch 6
|
|switch|p2a: Delphox|Delphox, F, shiny|354\/354
|-damage|p2a: Delphox|266\/354|[from] Stealth Rock
|turn|26
|j|lighthouses
|choice|move earthquake|move flamethrower
|
|move|p2a: Delphox|Flamethrower|p1a: Granbull
|-damage|p1a: Granbull|143\/383
|move|p1a: Granbull|Earthquake|p2a: Delphox
|-supereffective|p2a: Delphox
|-damage|p2a: Delphox|36\/354
|
|-heal|p2a: Delphox|58\/354|[from] item: Leftovers
|-heal|p1a: Granbull|166\/383|[from] item: Leftovers
|turn|27
|choice|switch 5|move flamethrower
|
|switch|p1a: Flygon|Flygon, M|364\/364
|move|p2a: Delphox|Flamethrower|p1a: Flygon
|-resisted|p1a: Flygon
|-damage|p1a: Flygon|269\/364
|
|-heal|p1a: Flygon|291\/364|[from] item: Leftovers
|-heal|p2a: Delphox|80\/354|[from] item: Leftovers
|turn|28
|choice|move earthquake|move psychic
|
|move|p1a: Flygon|Earthquake|p2a: Delphox
|-supereffective|p2a: Delphox
|-damage|p2a: Delphox|0 fnt
|faint|p2a: Delphox
|
|-heal|p1a: Flygon|313\/364|[from] item: Leftovers
|choice||switch 4
|
|switch|p2a: Hitmonlee|Hitmonlee, M|234\/303
|-damage|p2a: Hitmonlee|216\/303|[from] Stealth Rock
|turn|29
|choice|switch 5|move fakeout
|
|switch|p1a: Granbull|Granbull, F|166\/383
|-ability|p1a: Granbull|Intimidate|boost
|-unboost|p2a: Hitmonlee|atk|1
|move|p2a: Hitmonlee|Fake Out|p1a: Granbull
|-damage|p1a: Granbull|141\/383
|
|-heal|p1a: Granbull|164\/383|[from] item: Leftovers
|turn|30
|l|lighthouses
|choice|switch 3|move endure
|
|switch|p1a: Drapion|Drapion, F, shiny|250\/285
|move|p2a: Hitmonlee|Endure|p2a: Hitmonlee
|
|turn|31
|choice|move poisonjab|switch 3
|
|switch|p2a: Ambipom|Ambipom, F|262\/291
|-damage|p2a: Ambipom|226\/291|[from] Stealth Rock
|move|p1a: Drapion|Poison Jab|p2a: Ambipom
|-damage|p2a: Ambipom|0 fnt
|faint|p2a: Ambipom
|
|choice||switch 3
|
|switch|p2a: Hitmonlee|Hitmonlee, M|216\/303
|-damage|p2a: Hitmonlee|198\/303|[from] Stealth Rock
|turn|32
|choice|move poisonjab|move closecombat
|
|move|p1a: Drapion|Poison Jab|p2a: Hitmonlee
|-damage|p2a: Hitmonlee|0 fnt
|faint|p2a: Hitmonlee
|
|win|hiderr
|player|p1
|player|p2
|c|★hiderr|gg</script>
</div>
<div class="battle-log battle-log-inline"><div class="inner"><div class="battle-options"></div><div class="inner"><div class="chat"><small>hiderr joined.</small></div><div class="chat"><small>SykesD joined.</small></div><div class=""><small>Format:</small> <br><strong>RU</strong></div><div class="rated"><strong>Rated battle</strong></div><div class=""><small><em>Sleep Clause Mod:</em> Limit one foe put to sleep</small></div><div class=""><small><em>Species Clause:</em> Limit one of each Pokémon</small></div><div class=""><small><em>OHKO Clause:</em> OHKO moves are banned</small></div><div class=""><small><em>Moody Clause:</em> Moody is banned</small></div><div class=""><small><em>Evasion Moves Clause:</em> Evasion moves are banned</small></div><div class=""><small><em>Endless Battle Clause:</em> Forcing endless battles is banned</small></div><div class=""><small><em>HP Percentage Mod:</em> HP is shown in percentages</small></div><div class=""><small><em>Swagger Clause:</em> Swagger is banned</small></div><div class=""><small><em>Baton Pass Clause:</em> Limit one Baton Passer, can't pass Spe and other stats simultaneously</small></div><div class="chat battle-history"><strong>hiderr's team:</strong> <em style="color:#445566;display:block;">Granbull / Registeel / Drapion / Alomomola / Flygon / Jolteon</em></div><div class="chat battle-history"><strong>SykesD's team:</strong> <em style="color:#445566;display:block;">Banette / Hitmonlee / Cofagrigus / Ambipom / Bronzong / Delphox</em></div><div class="chat chatmessage-hiderr"><strong style="color:hsl(241,47%,67.32682487590237%)"><small>★</small><span class="username" data-name="hiderr">hiderr</span>:</strong> <em>hfgl</em></div><div class="spacer battle-history"><br></div><div class="battle-history">Battle started between hiderr and SykesD!<br></div><div class="spacer battle-history"><br></div><div class="battle-history">Go! <strong>Registeel</strong>!<br></div><div class="spacer battle-history"><br></div><div class="battle-history">SykesD sent out <strong>Ambipom</strong>!<br></div><div class="spacer battle-history"><br></div><h2 class="battle-history">Turn 1</h2><div class="spacer battle-history"><br></div><div class="battle-history">The opposing Ambipom used <strong>U-turn</strong>!<br></div><div class="battle-history"><small>It's not very effective...</small><br></div><div class="battle-history"><small>(Registeel lost <abbr title="−32/364">8.8%</abbr> of its health!)</small><br></div><div class="battle-history"><small>The opposing Ambipom lost some of its HP!</small><br></div><div class="spacer battle-history"><br></div><div class="battle-history">The opposing Ambipom went back to SykesD!<br></div><div class="battle-history">SykesD sent out <strong>Cofagrigus</strong>!<br></div><div class="spacer battle-history"><br></div><div class="battle-history">Registeel used <strong>Stealth Rock</strong>!<br></div><div class="battle-history"><small>Pointed stones float in the air around the opposing team!</small><br></div><div class="spacer battle-history"><br></div><div class="battle-history"><small>Registeel restored a little HP using its Leftovers!</small><br></div><div class="spacer battle-history"><br></div><h2 class="battle-history">Turn 2</h2><div class="chat chatmessage-sykesd"><strong style="color:hsl(186,57%,37.64836726376761%)"><small>★</small><span class="username" data-name="SykesD">SykesD</span>:</strong> <em>Gl</em></div><div class="spacer battle-history"><br></div><div class="battle-history">Registeel used <strong>Toxic</strong>!<br></div><div class="battle-history"><small>The opposing Cofagrigus was badly poisoned!</small><br></div><div class="spacer battle-history"><br></div><div class="battle-history">The opposing Cofagrigus used <strong>Will-O-Wisp</strong>!<br></div><div class="battle-history"><small>Registeel was burned!</small><br></div><div class="spacer battle-history"><br></div><div class="battle-history"><small>Registeel restored a little HP using its Leftovers!</small><br></div><div class="battle-history"><small>Registeel was hurt by its burn!</small><br></div><div class="battle-history"><small>The opposing Cofagrigus was hurt by poison!</small><br></div><div class="spacer battle-history"><br></div><h2 class="battle-history">Turn 3</h2><div class="spacer battle-history"><br></div><div class="battle-history">Registeel, come back!<br></div><div class="battle-history">Go! <strong>Granbull</strong>!<br></div><div class="battle-history"><small>[Granbull's Intimidate]</small><br></div><div class="battle-history"><small>The opposing Cofagrigus's Attack fell!</small><br></div><div class="spacer battle-history"><br></div><div class="battle-history">The opposing Cofagrigus used <strong>Hex</strong>!<br></div><div class="battle-history"><small>(Granbull lost <abbr title="−112/383">29.2%</abbr> of its health!)</small><br></div><div class="spacer battle-history"><br></div><div class="battle-history"><small>Granbull restored a little HP using its Leftovers!</small><br></div><div class="battle-history"><small>The opposing Cofagrigus was hurt by poison!</small><br></div><div class="spacer battle-history"><br></div><h2 class="battle-history">Turn 4</h2><div class="spacer battle-history"><br></div><div class="battle-history">Granbull used <strong>Play Rough</strong>!<br></div><div class="battle-history"><small>(The opposing Cofagrigus lost <abbr title="−84/319">26.3%</abbr> of its health!)</small><br></div><div class="battle-history"><small>[The opposing Cofagrigus's Mummy]</small><br><small>[Granbull's Intimidate]</small><br><small>[Granbull's Mummy]</small><br><small>Granbull's Ability became Mummy!</small><br></div><div class="battle-history"><small>Granbull was hurt by the Rocky Helmet!</small><br></div><div class="spacer battle-history"><br></div><div class="battle-history">The opposing Cofagrigus used <strong>Pain Split</strong>!<br></div><div class="battle-history"><small>The battlers shared their pain!</small><br></div><div class="spacer battle-history"><br></div><div class="battle-history"><small>Granbull restored a little HP using its Leftovers!</small><br></div><div class="battle-history"><small>The opposing Cofagrigus was hurt by poison!</small><br></div><div class="spacer battle-history"><br></div><h2 class="battle-history">Turn 5</h2><div class="spacer battle-history"><br></div><div class="battle-history">The opposing Cofagrigus used <strong>Will-O-Wisp</strong>!<br></div><div class="battle-history"><small>Granbull was burned!</small><br></div><div class="spacer battle-history"><br></div><div class="battle-history">Granbull used <strong>Roar</strong>!<br></div><div class="spacer battle-history"><br></div><div class="battle-history"><strong>Bronzong</strong> was dragged out!<br></div><div class="battle-history"><small>Pointed stones dug into the opposing Bronzong!</small><br></div><div class="spacer battle-history"><br></div><div class="battle-history"><small>Granbull restored a little HP using its Leftovers!</small><br></div><div class="battle-history"><small>The opposing Bronzong restored a little HP using its Leftovers!</small><br></div><div class="battle-history"><small>Granbull was hurt by its burn!</small><br></div><div class="spacer battle-history"><br></div><h2 class="battle-history">Turn 6</h2><div class="spacer battle-history"><br></div><div class="battle-history">Granbull used <strong>Heal Bell</strong>!<br></div><div class="battle-history"><small>A bell chimed!</small><br></div><div class="battle-history"><small>Granbull's burn was healed.</small><br></div><div class="battle-history"><small>Registeel's burn was healed.</small><br></div><div class="spacer battle-history"><br></div><div class="battle-history">The opposing Bronzong used <strong>Confuse Ray</strong>!<br></div><div class="battle-history"><small>Granbull became confused!</small><br></div><div class="spacer battle-history"><br></div><div class="battle-history"><small>Granbull restored a little HP using its Leftovers!</small><br></div><div class="spacer battle-history"><br></div><h2 class="battle-history">Turn 7</h2><div class="spacer battle-history"><br></div><div class="battle-history">Granbull, come back!<br></div><div class="battle-history">Go! <strong>Drapion</strong>!<br></div><div class="spacer battle-history"><br></div><div class="battle-history">The opposing Bronzong used <strong>Gyro Ball</strong>!<br></div><div class="battle-history"><small>(Drapion lost <abbr title="−154/285">54.0%</abbr> of its health!)</small><br></div><div class="spacer battle-history"><br></div><h2 class="battle-history">Turn 8</h2><div class="spacer battle-history"><br></div><div class="battle-history">Drapion used <strong>Knock Off</strong>!<br></div><div class="battle-history"><small>It's super effective!</small><br></div><div class="battle-history"><small>(The opposing Bronzong lost <abbr title="−338/338">100%</abbr> of its health!)</small><br></div><div class="battle-history"><small>Drapion knocked off the opposing Bronzong's Leftovers!</small><br></div><div class="spacer battle-history"><br></div><div class="battle-history">The opposing Bronzong fainted!<br></div><div class="spacer battle-history"><br></div><div class="battle-history">SykesD sent out <strong>Cofagrigus</strong>!<br></div><div class="battle-history"><small>Pointed stones dug into the opposing Cofagrigus!</small><br></div><div class="spacer battle-history"><br></div><h2 class="battle-history">Turn 9</h2><div class="spacer battle-history"><br></div><div class="battle-history">Drapion used <strong>Knock Off</strong>!<br></div><div class="battle-history"><small>It's super effective!</small><br></div><div class="battle-history"><small>(The opposing Cofagrigus lost <abbr title="−108/319">33.9%</abbr> of its health!)</small><br></div><div class="battle-history"><small>[The opposing Cofagrigus's Mummy]</small><br><small>[Drapion's Sniper]</small><br><small>[Drapion's Mummy]</small><br><small>Drapion's Ability became Mummy!</small><br></div><div class="battle-history"><small>Drapion was hurt by the Rocky Helmet!</small><br></div><div class="battle-history"><small>Drapion knocked off the opposing Cofagrigus's Rocky Helmet!</small><br></div><div class="spacer battle-history"><br></div><div class="battle-history">The opposing Cofagrigus fainted!<br></div><div class="spacer battle-history"><br></div><div class="battle-history">SykesD sent out <strong>Hitmonlee</strong>!<br></div><div class="battle-history"><small>Pointed stones dug into the opposing Hitmonlee!</small><br></div><div class="spacer battle-history"><br></div><h2 class="battle-history">Turn 10</h2><div class="spacer battle-history"><br></div><div class="battle-history">Drapion, come back!<br></div><div class="battle-history">Go! <strong>Alomomola</strong>!<br></div><div class="spacer battle-history"><br></div><div class="battle-history">The opposing Hitmonlee used <strong>Fake Out</strong>!<br></div><div class="battle-history"><small>(Alomomola lost <abbr title="−38/501">7.6%</abbr> of its health!)</small><br></div><div class="spacer battle-history"><br></div><div class="battle-history"><small>Alomomola restored a little HP using its Leftovers!</small><br></div><div class="spacer battle-history"><br></div><h2 class="battle-history">Turn 11</h2><div class="spacer battle-history"><br></div><div class="battle-history">The opposing Hitmonlee used <strong>Knock Off</strong>!<br></div><div class="battle-history"><small>(Alomomola lost <abbr title="−94/501">18.8%</abbr> of its health!)</small><br></div><div class="battle-history"><small>The opposing Hitmonlee knocked off Alomomola's Leftovers!</small><br></div><div class="spacer battle-history"><br></div><div class="battle-history">Alomomola used <strong>Scald</strong>!<br></div><div class="battle-history"><small>(The opposing Hitmonlee lost <abbr title="−33/303">10.9%</abbr> of its health!)</small><br></div><div class="spacer battle-history"><br></div><h2 class="battle-history">Turn 12</h2><div class="spacer battle-history"><br></div><div class="battle-history">SykesD withdrew Hitmonlee!<br></div><div class="battle-history">SykesD sent out <strong>Banette</strong>!<br></div><div class="battle-history"><small>Pointed stones dug into the opposing Banette!</small><br></div><div class="spacer battle-history"><br></div><div class="battle-history">Alomomola used <strong>Scald</strong>!<br></div><div class="battle-history"><small>(The opposing Banette lost <abbr title="−42/332">12.7%</abbr> of its health!)</small><br></div><div class="spacer battle-history"><br></div><h2 class="battle-history">Turn 13</h2><div class="spacer battle-history"><br></div><div class="battle-history"><small>The opposing Banette's Banettite is reacting to SykesD's Mega Bracelet!</small><br>The opposing Banette has Mega Evolved into Mega Banette!<br></div><div class="spacer battle-history"><br></div><div class="battle-history">Alomomola used <strong>Scald</strong>!<br></div><div class="battle-history"><small>(The opposing Banette lost <abbr title="−39/332">11.7%</abbr> of its health!)</small><br></div><div class="spacer battle-history"><br></div><div class="battle-history">The opposing Banette used <strong>Shadow Claw</strong>!<br></div><div class="battle-history"><small>A critical hit!</small><br></div><div class="battle-history"><small>(Alomomola lost <abbr title="−169/501">33.7%</abbr> of its health!)</small><br></div><div class="spacer battle-history"><br></div><h2 class="battle-history">Turn 14</h2><div class="spacer battle-history"><br></div><div class="battle-history">The opposing Banette used <strong>Shadow Claw</strong>!<br></div><div class="battle-history"><small>(Alomomola lost <abbr title="−120/501">24.0%</abbr> of its health!)</small><br></div><div class="spacer battle-history"><br></div><div class="battle-history">Alomomola used <strong>Wish</strong>!<br></div><div class="spacer battle-history"><br></div><h2 class="battle-history">Turn 15</h2><div class="spacer battle-history"><br></div><div class="battle-history">Alomomola, come back!<br></div><div class="battle-history">Go! <strong>Drapion</strong>!<br></div><div class="spacer battle-history"><br></div><div class="battle-history">The opposing Banette used <strong>Will-O-Wisp</strong>!<br></div><div class="battle-history"><small>Drapion was burned!</small><br></div><div class="spacer battle-history"><br></div><div class="battle-history"><small>Alomomola's wish came true!</small><br></div><div class="battle-history"><small>Drapion was hurt by its burn!</small><br></div><div class="spacer battle-history"><br></div><h2 class="battle-history">Turn 16</h2><div class="chat chatmessage-hiderr"><strong style="color:hsl(241,47%,67.32682487590237%)"><small>★</small><span class="username" data-name="hiderr">hiderr</span>:</strong> <em>damn wp</em></div><div class="spacer battle-history"><br></div><div class="battle-history">Drapion, come back!<br></div><div class="battle-history">Go! <strong>Granbull</strong>!<br></div><div class="battle-history"><small>[Granbull's Intimidate]</small><br></div><div class="battle-history"><small>The opposing Banette's Attack fell!</small><br></div><div class="spacer battle-history"><br></div><div class="battle-history">The opposing Banette used <strong>Protect</strong>!<br></div><div class="battle-history"><small>But it failed!</small><br></div><div class="spacer battle-history"><br></div><div class="battle-history"><small>Granbull restored a little HP using its Leftovers!</small><br></div><div class="spacer battle-history"><br></div><h2 class="battle-history">Turn 17</h2><div class="spacer battle-history"><br></div><div class="battle-history">The opposing Banette used <strong>Will-O-Wisp</strong>!<br></div><div class="battle-history"><small>Granbull avoided the attack!</small><br></div><div class="spacer battle-history"><br></div><div class="battle-history">Granbull used <strong>Heal Bell</strong>!<br></div><div class="battle-history"><small>A bell chimed!</small><br></div><div class="battle-history"><small>Drapion's burn was healed.</small><br></div><div class="spacer battle-history"><br></div><div class="battle-history"><small>Granbull restored a little HP using its Leftovers!</small><br></div><div class="spacer battle-history"><br></div><h2 class="battle-history">Turn 18</h2><div class="spacer battle-history"><br></div><div class="battle-history">Granbull, come back!<br></div><div class="battle-history">Go! <strong>Jolteon</strong>!<br></div><div class="spacer battle-history"><br></div><div class="battle-history">The opposing Banette used <strong>Will-O-Wisp</strong>!<br></div><div class="battle-history"><small>Jolteon was burned!</small><br></div><div class="spacer battle-history"><br></div><div class="battle-history"><small>Jolteon was hurt by its burn!</small><br></div><div class="spacer battle-history"><br></div><h2 class="battle-history">Turn 19</h2><div class="spacer battle-history"><br></div><div class="battle-history">The opposing Banette used <strong>Protect</strong>!<br></div><div class="battle-history"><small>The opposing Banette protected itself!</small><br></div><div class="spacer battle-history"><br></div><div class="battle-history">Jolteon used <strong>Thunderbolt</strong>!<br></div><div class="battle-history"><small>The opposing Banette protected itself!</small><br></div><div class="spacer battle-history"><br></div><div class="battle-history"><small>Jolteon was hurt by its burn!</small><br></div><div class="spacer battle-history"><br></div><h2 class="battle-history">Turn 20</h2><div class="chat chatmessage-hiderr"><strong style="color:hsl(241,47%,67.32682487590237%)"><small>★</small><span class="username" data-name="hiderr">hiderr</span>:</strong> <em>here we go</em></div><div class="chat chatmessage-hiderr"><strong style="color:hsl(241,47%,67.32682487590237%)"><small>★</small><span class="username" data-name="hiderr">hiderr</span>:</strong> <em>gg</em></div><div class="spacer battle-history"><br></div><div class="battle-history">The opposing Banette used <strong>Destiny Bond</strong>!<br></div><div class="battle-history">The opposing Banette is hoping to take its attacker down with it!<br></div><div class="spacer battle-history"><br></div><div class="battle-history">Jolteon used <strong>Thunderbolt</strong>!<br></div><div class="battle-history"><small>(The opposing Banette lost <abbr title="−168/332">50.6%</abbr> of its health!)</small><br></div><div class="spacer battle-history"><br></div><div class="battle-history"><small>Jolteon was hurt by its burn!</small><br></div><div class="spacer battle-history"><br></div><h2 class="battle-history">Turn 21</h2><div class="spacer battle-history"><br></div><div class="battle-history">Jolteon, come back!<br></div><div class="battle-history">Go! <strong>Registeel</strong>!<br></div><div class="spacer battle-history"><br></div><div class="battle-history">The opposing Banette used <strong>Protect</strong>!<br></div><div class="battle-history"><small>But it failed!</small><br></div><div class="spacer battle-history"><br></div><div class="battle-history"><small>Registeel restored a little HP using its Leftovers!</small><br></div><div class="spacer battle-history"><br></div><h2 class="battle-history">Turn 22</h2><div class="spacer battle-history"><br></div><div class="battle-history">The opposing Banette used <strong>Will-O-Wisp</strong>!<br></div><div class="battle-history"><small>Registeel was burned!</small><br></div><div class="spacer battle-history"><br></div><div class="battle-history">Registeel used <strong>Toxic</strong>!<br></div><div class="battle-history"><small>The opposing Banette was badly poisoned!</small><br></div><div class="spacer battle-history"><br></div><div class="battle-history"><small>Registeel restored a little HP using its Leftovers!</small><br></div><div class="battle-history"><small>The opposing Banette was hurt by poison!</small><br></div><div class="battle-history"><small>Registeel was hurt by its burn!</small><br></div><div class="spacer battle-history"><br></div><h2 class="battle-history">Turn 23</h2><div class="spacer battle-history"><br></div><div class="battle-history">SykesD withdrew Banette!<br></div><div class="battle-history">SykesD sent out <strong>Hitmonlee</strong>!<br></div><div class="battle-history"><small>Pointed stones dug into the opposing Hitmonlee!</small><br></div><div class="spacer battle-history"><br></div><div class="battle-history">Registeel, come back!<br></div><div class="battle-history">Go! <strong>Granbull</strong>!<br></div><div class="battle-history"><small>[Granbull's Intimidate]</small><br></div><div class="battle-history"><small>The opposing Hitmonlee's Attack fell!</small><br></div><div class="spacer battle-history"><br></div><div class="battle-history"><small>Granbull restored a little HP using its Leftovers!</small><br></div><div class="spacer battle-history"><br></div><h2 class="battle-history">Turn 24</h2><div class="spacer battle-history"><br></div><div class="battle-history">The opposing Hitmonlee used <strong>Fake Out</strong>!<br></div><div class="battle-history"><small>(Granbull lost <abbr title="−24/383">6.3%</abbr> of its health!)</small><br></div><div class="spacer battle-history"><br></div><div class="battle-history">Granbull flinched and couldn't move!<br></div><div class="spacer battle-history"><br></div><div class="battle-history"><small>Granbull restored a little HP using its Leftovers!</small><br></div><div class="spacer battle-history"><br></div><h2 class="battle-history">Turn 25</h2><div class="spacer battle-history"><br></div><div class="battle-history">SykesD withdrew Hitmonlee!<br></div><div class="battle-history">SykesD sent out Banette (<strong>Banette-Mega</strong>)!<br></div><div class="battle-history"><small>Pointed stones dug into the opposing Banette!</small><br></div><div class="spacer battle-history"><br></div><div class="battle-history">The opposing Banette fainted!<br></div><div class="battle-history">Granbull used <strong>Heal Bell</strong>!<br></div><div class="battle-history"><small>A bell chimed!</small><br></div><div class="battle-history"><small>Jolteon's burn was healed.</small><br></div><div class="battle-history"><small>Registeel's burn was healed.</small><br></div><div class="spacer battle-history"><br></div><div class="battle-history"><small>Granbull restored a little HP using its Leftovers!</small><br></div><div class="spacer battle-history"><br></div><div class="battle-history">SykesD sent out <strong>Delphox</strong>!<br></div><div class="battle-history"><small>Pointed stones dug into the opposing Delphox!</small><br></div><div class="spacer battle-history"><br></div><h2 class="battle-history">Turn 26</h2><div class="chat"><small>lighthouses joined.</small></div><div class="spacer battle-history"><br></div><div class="battle-history">The opposing Delphox used <strong>Flamethrower</strong>!<br></div><div class="battle-history"><small>(Granbull lost <abbr title="−174/383">45.4%</abbr> of its health!)</small><br></div><div class="spacer battle-history"><br></div><div class="battle-history">Granbull used <strong>Earthquake</strong>!<br></div><div class="battle-history"><small>It's super effective!</small><br></div><div class="battle-history"><small>(The opposing Delphox lost <abbr title="−230/354">65.0%</abbr> of its health!)</small><br></div><div class="spacer battle-history"><br></div><div class="battle-history"><small>The opposing Delphox restored a little HP using its Leftovers!</small><br></div><div class="battle-history"><small>Granbull restored a little HP using its Leftovers!</small><br></div><div class="spacer battle-history"><br></div><h2 class="battle-history">Turn 27</h2><div class="spacer battle-history"><br></div><div class="battle-history">Granbull, come back!<br></div><div class="battle-history">Go! <strong>Flygon</strong>!<br></div><div class="spacer battle-history"><br></div><div class="battle-history">The opposing Delphox used <strong>Flamethrower</strong>!<br></div><div class="battle-history"><small>It's not very effective...</small><br></div><div class="battle-history"><small>(Flygon lost <abbr title="−95/364">26.1%</abbr> of its health!)</small><br></div><div class="spacer battle-history"><br></div><div class="battle-history"><small>Flygon restored a little HP using its Leftovers!</small><br></div><div class="battle-history"><small>The opposing Delphox restored a little HP using its Leftovers!</small><br></div><div class="spacer battle-history"><br></div><h2 class="battle-history">Turn 28</h2><div class="spacer battle-history"><br></div><div class="battle-history">Flygon used <strong>Earthquake</strong>!<br></div><div class="battle-history"><small>It's super effective!</small><br></div><div class="battle-history"><small>(The opposing Delphox lost <abbr title="−80/354">22.6%</abbr> of its health!)</small><br></div><div class="spacer battle-history"><br></div><div class="battle-history">The opposing Delphox fainted!<br></div><div class="spacer battle-history"><br></div><div class="battle-history"><small>Flygon restored a little HP using its Leftovers!</small><br></div><div class="spacer battle-history"><br></div><div class="battle-history">SykesD sent out <strong>Hitmonlee</strong>!<br></div><div class="battle-history"><small>Pointed stones dug into the opposing Hitmonlee!</small><br></div><div class="spacer battle-history"><br></div><h2 class="battle-history">Turn 29</h2><div class="spacer battle-history"><br></div><div class="battle-history">Flygon, come back!<br></div><div class="battle-history">Go! <strong>Granbull</strong>!<br></div><div class="battle-history"><small>[Granbull's Intimidate]</small><br></div><div class="battle-history"><small>The opposing Hitmonlee's Attack fell!</small><br></div><div class="spacer battle-history"><br></div><div class="battle-history">The opposing Hitmonlee used <strong>Fake Out</strong>!<br></div><div class="battle-history"><small>(Granbull lost <abbr title="−25/383">6.5%</abbr> of its health!)</small><br></div><div class="spacer battle-history"><br></div><div class="battle-history"><small>Granbull restored a little HP using its Leftovers!</small><br></div><div class="spacer battle-history"><br></div><h2 class="battle-history">Turn 30</h2><div class="chat"><small>lighthouses left.</small></div><div class="spacer battle-history"><br></div><div class="battle-history">Granbull, come back!<br></div><div class="battle-history">Go! <strong>Drapion</strong>!<br></div><div class="spacer battle-history"><br></div><div class="battle-history">The opposing Hitmonlee used <strong>Endure</strong>!<br></div><div class="spacer battle-history"><br></div><h2 class="battle-history">Turn 31</h2><div class="spacer battle-history"><br></div><div class="battle-history">SykesD withdrew Hitmonlee!<br></div><div class="battle-history">SykesD sent out <strong>Ambipom</strong>!<br></div><div class="battle-history"><small>Pointed stones dug into the opposing Ambipom!</small><br></div><div class="spacer battle-history"><br></div><div class="battle-history">Drapion used <strong>Poison Jab</strong>!<br></div><div class="battle-history"><small>(The opposing Ambipom lost <abbr title="−226/291">77.7%</abbr> of its health!)</small><br></div><div class="spacer battle-history"><br></div><div class="battle-history">The opposing Ambipom fainted!<br></div><div class="spacer battle-history"><br></div><div class="battle-history">SykesD sent out <strong>Hitmonlee</strong>!<br></div><div class="battle-history"><small>Pointed stones dug into the opposing Hitmonlee!</small><br></div><div class="spacer battle-history"><br></div><h2 class="battle-history">Turn 32</h2><div class="spacer battle-history"><br></div><div class="battle-history">Drapion used <strong>Poison Jab</strong>!<br></div><div class="battle-history"><small>(The opposing Hitmonlee lost <abbr title="−198/303">65.3%</abbr> of its health!)</small><br></div><div class="spacer battle-history"><br></div><div class="battle-history">The opposing Hitmonlee fainted!<br></div><div class="spacer battle-history"><br></div><div class="battle-history"><strong>hiderr</strong> won the battle!<br></div><div class="chat chatmessage-hiderr"><strong style="color:hsl(241,47%,67.32682487590237%)"><small>★</small><span class="username" data-name="hiderr">hiderr</span>:</strong> <em>gg</em></div></div><div class="inner-preempt"></div></div></div>
</div>
<script>
let daily = Math.floor(Date.now()/1000/60/60/24);document.write('<script src="https://play.pokemonshowdown.com/js/replay-embed.js?version'+daily+'"></'+'script>');
</script>
