<!DOCTYPE html>
<meta charset="utf-8" />
<!-- version 1 -->
<title>RU replay: The frozen lopunny vs. ihavnthingtodoever</title>
<style>
html,body {font-family:Verdana, sans-serif;font-size:10pt;margin:0;padding:0;}body{padding:12px 0;} .battle-log {font-family:Verdana, sans-serif;font-size:10pt;} .battle-log-inline {border:1px solid #AAAAAA;background:#EEF2F5;color:black;max-width:640px;margin:0 auto 80px;padding-bottom:5px;} .battle-log .inner {padding:4px 8px 0px 8px;} .battle-log .inner-preempt {padding:0 8px 4px 8px;} .battle-log .inner-after {margin-top:0.5em;} .battle-log h2 {margin:0.5em -8px;padding:4px 8px;border:1px solid #AAAAAA;background:#E0E7EA;border-left:0;border-right:0;font-family:Verdana, sans-serif;font-size:13pt;} .battle-log .chat {vertical-align:middle;padding:3px 0 3px 0;font-size:8pt;} .battle-log .chat strong {color:#40576A;} .battle-log .chat em {padding:1px 4px 1px 3px;color:#000000;font-style:normal;} .chat.mine {background:rgba(0,0,0,0.05);margin-left:-8px;margin-right:-8px;padding-left:8px;padding-right:8px;} .spoiler {color:#BBBBBB;background:#BBBBBB;padding:0px 3px;} .spoiler:hover, .spoiler:active, .spoiler-shown {color:#000000;background:#E2E2E2;padding:0px 3px;} .spoiler a {color:#BBBBBB;} .spoiler:hover a, .spoiler:active a, .spoiler-shown a {color:#2288CC;} .chat code, .chat .spoiler:hover code, .chat .spoiler:active code, .chat .spoiler-shown code {border:1px solid #C0C0C0;background:#EEEEEE;color:black;padding:0 2px;} .chat .spoiler code {border:1px solid #CCCCCC;background:#CCCCCC;color:#CCCCCC;} .battle-log .rated {padding:3px 4px;} .battle-log .rated strong {color:white;background:#89A;padding:1px 4px;border-radius:4px;} .spacer {margin-top:0.5em;} .message-announce {background:#6688AA;color:white;padding:1px 4px 2px;} .message-announce a, .broadcast-green a, .broadcast-blue a, .broadcast-red a {color:#DDEEFF;} .broadcast-green {background-color:#559955;color:white;padding:2px 4px;} .broadcast-blue {background-color:#6688AA;color:white;padding:2px 4px;} .infobox {border:1px solid #6688AA;padding:2px 4px;} .infobox-limited {max-height:200px;overflow:auto;overflow-x:hidden;} .broadcast-red {background-color:#AA5544;color:white;padding:2px 4px;} .message-learn-canlearn {font-weight:bold;color:#228822;text-decoration:underline;} .message-learn-cannotlearn {font-weight:bold;color:#CC2222;text-decoration:underline;} .message-effect-weak {font-weight:bold;color:#CC2222;} .message-effect-resist {font-weight:bold;color:#6688AA;} .message-effect-immune {font-weight:bold;color:#666666;} .message-learn-list {margin-top:0;margin-bottom:0;} .message-throttle-notice, .message-error {color:#992222;} .message-overflow, .chat small.message-overflow {font-size:0pt;} .message-overflow::before {font-size:9pt;content:'...';} .subtle {color:#3A4A66;}
</style>
<div class="wrapper replay-wrapper" style="max-width:1180px;margin:0 auto">
<input type="hidden" name="replayid" value="ru-583962160" />
<div class="battle"></div><div class="battle-log"></div><div class="replay-controls"></div><div class="replay-controls-2"></div>
<h1 style="font-weight:normal;text-align:center"><strong>RU</strong><br /><a href="http://pokemonshowdown.com/users/thefrozenlopunny" class="subtle" target="_blank">The frozen lopunny</a> vs. <a href="http://pokemonshowdown.com/users/ihavnthingtodoever" class="subtle" target="_blank">ihavnthingtodoever</a></h1>
<script type="text/plain" class="battle-log-data">|j|The frozen lopunny
|j|ihavnthingtodoever
|player|p1|The frozen lopunny|279
|teamsize|p1|6
|player|p2|ihavnthingtodoever|271
|teamsize|p2|6
|gametype|singles
|gen|6
|tier|RU
|rated
|seed|32051,19507,96,332
|rule|Sleep Clause Mod: Limit one foe put to sleep
|rule|Species Clause: Limit one of each Pokémon
|rule|OHKO Clause: OHKO moves are banned
|rule|Moody Clause: Moody is banned
|rule|Evasion Moves Clause: Evasion moves are banned
|rule|Endless Battle Clause: Forcing endless battles is banned
|rule|HP Percentage Mod: HP is shown in percentages
|clearpoke
|poke|p1|Drapion, F|item
|poke|p1|Trevenant, F, shiny|item
|poke|p1|Manectric, F, shiny|item
|poke|p1|Bronzong|item
|poke|p1|Aromatisse, M|item
|poke|p1|Blastoise, F|item
|poke|p2|Delphox, F|item
|poke|p2|Cofagrigus, M|item
|poke|p2|Ambipom, M|item
|poke|p2|Banette, M|item
|poke|p2|Virizion|item
|poke|p2|Uxie|item
|rule|Swagger Clause: Swagger is banned
|rule|Baton Pass Clause: Limit one Baton Passer, can't pass Spe and other stats simultaneously
|teampreview
|choice|team 1, team 2, team 3, team 4, team 5, team 6|team 4, team 2, team 3, team 1, team 5, team 6
|
|start
|switch|p1a: Don't knock it|Drapion, F|291\/291
|switch|p2a: Banette|Banette, M|332\/332
|turn|1
|inactive|Battle timer is ON: inactive players will automatically lose when time's up. (requested by The frozen lopunny)
|choice|switch 6|switch 5
|
|switch|p1a: Blastoise|Blastoise, F|362\/362
|switch|p2a: Virizion|Virizion|323\/323
|
|upkeep
|turn|2
|choice|switch 2|move swordsdance
|
|switch|p1a: Till you try it|Trevenant, F, shiny|311\/311
|move|p2a: Virizion|Swords Dance|p2a: Virizion
|-boost|p2a: Virizion|atk|2
|
|upkeep
|turn|3
|choice|move substitute|move leafblade
|
|move|p2a: Virizion|Leaf Blade|p1a: Till you try it
|-resisted|p1a: Till you try it
|-damage|p1a: Till you try it|148\/311
|-enditem|p1a: Till you try it|Sitrus Berry|[eat]
|-heal|p1a: Till you try it|225\/311|[from] item: Sitrus Berry
|move|p1a: Till you try it|Substitute|p1a: Till you try it
|-start|p1a: Till you try it|Substitute
|-damage|p1a: Till you try it|148\/311
|
|upkeep
|turn|4
|choice|move willowisp|move leafblade
|
|move|p2a: Virizion|Leaf Blade|p1a: Till you try it
|-resisted|p1a: Till you try it
|-end|p1a: Till you try it|Substitute
|move|p1a: Till you try it|Will-O-Wisp|p2a: Virizion
|-status|p2a: Virizion|brn
|
|-damage|p2a: Virizion|283\/323 brn|[from] brn
|upkeep
|turn|5
|choice|move woodhammer|move swordsdance
|
|move|p2a: Virizion|Swords Dance|p2a: Virizion
|-boost|p2a: Virizion|atk|2
|move|p1a: Till you try it|Wood Hammer|p2a: Virizion
|-resisted|p2a: Virizion
|-damage|p2a: Virizion|151\/323 brn
|-damage|p1a: Till you try it|104\/311|[from] Recoil|[of] p2a: Virizion
|
|-damage|p2a: Virizion|111\/323 brn|[from] brn
|upkeep
|turn|6
|choice|switch 4|move leafblade
|
|switch|p1a: Bronzong|Bronzong|338\/338
|move|p2a: Virizion|Leaf Blade|p1a: Bronzong
|-resisted|p1a: Bronzong
|-damage|p1a: Bronzong|282\/338
|
|-heal|p1a: Bronzong|303\/338|[from] item: Leftovers
|-damage|p2a: Virizion|71\/323 brn|[from] brn
|upkeep
|turn|7
|choice|switch 4|move stoneedge
|
|switch|p1a: Till you try it|Trevenant, F, shiny|104\/311
|move|p2a: Virizion|Stone Edge|p1a: Till you try it
|-damage|p1a: Till you try it|0 fnt
|faint|p1a: Till you try it
|
|-damage|p2a: Virizion|31\/323 brn|[from] brn
|upkeep
|choice|switch 3|
|
|switch|p1a: Manectric|Manectric, F, shiny|281\/281
|turn|8
|choice|move voltswitch|move closecombat
|
|move|p1a: Manectric|Volt Switch|p2a: Virizion
|-resisted|p2a: Virizion
|-damage|p2a: Virizion|0 fnt
|faint|p2a: Virizion
|choice|switch 6|
|
|switch|p1a: Don't knock it|Drapion, F|291\/291
|
|upkeep
|choice||switch 2
|
|switch|p2a: Cofagrigus|Cofagrigus, M|320\/320
|turn|9
|choice|move swordsdance|move willowisp
|
|move|p1a: Don't knock it|Swords Dance|p1a: Don't knock it
|-boost|p1a: Don't knock it|atk|2
|move|p2a: Cofagrigus|Will-O-Wisp|p1a: Don't knock it
|-status|p1a: Don't knock it|brn
|-enditem|p1a: Don't knock it|Lum Berry|[eat]
|-curestatus|p1a: Don't knock it|brn|[msg]
|
|upkeep
|turn|10
|choice|move knockoff|move willowisp
|
|move|p1a: Don't knock it|Knock Off|p2a: Cofagrigus
|-supereffective|p2a: Cofagrigus
|-crit|p2a: Cofagrigus
|-damage|p2a: Cofagrigus|0 fnt
|-activate|p2a: Cofagrigus|ability: Mummy|Battle Armor|[of] p1a: Don't knock it
|-enditem|p2a: Cofagrigus|Leftovers|[from] move: Knock Off|[of] p1a: Don't knock it
|faint|p2a: Cofagrigus
|
|upkeep
|c|☆ihavnthingtodoever|well shit
|choice||switch 3
|
|switch|p2a: Ambipom|Ambipom, M|291\/291
|turn|11
|choice|switch 4|move fakeout
|
|switch|p1a: Bronzong|Bronzong|303\/338
|move|p2a: Ambipom|Fake Out|p1a: Bronzong
|-resisted|p1a: Bronzong
|-damage|p1a: Bronzong|264\/338
|-damage|p2a: Ambipom|262\/291|[from] item: Life Orb
|
|-heal|p1a: Bronzong|285\/338|[from] item: Leftovers
|upkeep
|turn|12
|choice|move toxic|move poweruppunch
|
|move|p2a: Ambipom|Power-Up Punch|p1a: Bronzong
|-damage|p1a: Bronzong|237\/338
|-boost|p2a: Ambipom|atk|1
|-damage|p2a: Ambipom|233\/291|[from] item: Life Orb
|move|p1a: Bronzong|Toxic|p2a: Ambipom
|-status|p2a: Ambipom|tox
|
|-heal|p1a: Bronzong|258\/338|[from] item: Leftovers
|-damage|p2a: Ambipom|215\/291 tox|[from] psn
|upkeep
|turn|13
|choice|move stealthrock|switch 4
|
|switch|p2a: Delphox|Delphox, F|291\/291
|move|p1a: Bronzong|Stealth Rock|p2a: Delphox
|-sidestart|p2: ihavnthingtodoever|move: Stealth Rock
|
|-heal|p1a: Bronzong|279\/338|[from] item: Leftovers
|upkeep
|turn|14
|choice|switch 5|move fireblast
|
|switch|p1a: Aromatisse|Aromatisse, M|406\/406
|move|p2a: Delphox|Fire Blast|p1a: Aromatisse
|-damage|p1a: Aromatisse|207\/406
|
|-heal|p1a: Aromatisse|232\/406|[from] item: Leftovers
|upkeep
|turn|15
|choice|move wish|switch 6
|
|switch|p2a: Uxie|Uxie|354\/354
|-damage|p2a: Uxie|310\/354|[from] Stealth Rock
|move|p1a: Aromatisse|Wish|p1a: Aromatisse
|
|-heal|p2a: Uxie|332\/354|[from] item: Leftovers
|-heal|p1a: Aromatisse|257\/406|[from] item: Leftovers
|upkeep
|turn|16
|choice|move moonblast|move thunderwave
|
|move|p2a: Uxie|Thunder Wave|p1a: Aromatisse
|-status|p1a: Aromatisse|par
|move|p1a: Aromatisse|Moonblast|p2a: Uxie
|-damage|p2a: Uxie|256\/354
|
|-heal|p1a: Aromatisse|406\/406 par|[from] move: Wish|[wisher] Aromatisse
|-heal|p2a: Uxie|278\/354|[from] item: Leftovers
|upkeep
|turn|17
|choice|switch 4|move stealthrock
|
|switch|p1a: Don't knock it|Drapion, F|291\/291
|move|p2a: Uxie|Stealth Rock|p1a: Don't knock it
|-sidestart|p1: The frozen lopunny|move: Stealth Rock
|
|-heal|p2a: Uxie|300\/354|[from] item: Leftovers
|upkeep
|turn|18
|choice|move knockoff|switch 4
|
|switch|p2a: Ambipom|Ambipom, M|215\/291 tox
|-damage|p2a: Ambipom|179\/291 tox|[from] Stealth Rock
|move|p1a: Don't knock it|Knock Off|p2a: Ambipom
|-damage|p2a: Ambipom|0 fnt
|-enditem|p2a: Ambipom|Life Orb|[from] move: Knock Off|[of] p1a: Don't knock it
|faint|p2a: Ambipom
|
|upkeep
|choice||switch 6
|
|switch|p2a: Delphox|Delphox, F|291\/291
|-damage|p2a: Delphox|219\/291|[from] Stealth Rock
|turn|19
|choice|switch 2|move fireblast
|
|switch|p1a: Blastoise|Blastoise, F|362\/362
|-damage|p1a: Blastoise|317\/362|[from] Stealth Rock
|move|p2a: Delphox|Fire Blast|p1a: Blastoise|[miss]
|-miss|p2a: Delphox|p1a: Blastoise
|
|-heal|p1a: Blastoise|339\/362|[from] item: Leftovers
|upkeep
|turn|20
|choice|move toxic|switch 5
|
|switch|p2a: Banette|Banette, M|332\/332
|-damage|p2a: Banette|291\/332|[from] Stealth Rock
|move|p1a: Blastoise|Toxic|p2a: Banette
|-status|p2a: Banette|tox
|
|-heal|p1a: Blastoise|361\/362|[from] item: Leftovers
|-damage|p2a: Banette|271\/332 tox|[from] psn
|upkeep
|turn|21
|choice|move roar|move knockoff mega
|
|detailschange|p2a: Banette|Banette-Mega, M
|-mega|p2a: Banette|Banette|Banettite
|move|p2a: Banette|Knock Off|p1a: Blastoise
|-damage|p1a: Blastoise|256\/362
|-enditem|p1a: Blastoise|Leftovers|[from] move: Knock Off|[of] p2a: Banette
|move|p1a: Blastoise|Roar|p2a: Banette
|drag|p2a: Delphox|Delphox, F|219\/291
|-damage|p2a: Delphox|147\/291|[from] Stealth Rock
|
|upkeep
|turn|22
|choice|move rapidspin|move fireblast
|
|move|p2a: Delphox|Fire Blast|p1a: Blastoise
|-resisted|p1a: Blastoise
|-damage|p1a: Blastoise|117\/362
|move|p1a: Blastoise|Rapid Spin|p2a: Delphox
|-damage|p2a: Delphox|133\/291
|-sideend|p1: The frozen lopunny|Stealth Rock|[from] move: Rapid Spin|[of] p1a: Blastoise
|
|upkeep
|turn|23
|choice|move scald|move fireblast
|
|move|p2a: Delphox|Fire Blast|p1a: Blastoise
|-resisted|p1a: Blastoise
|-damage|p1a: Blastoise|0 fnt
|faint|p1a: Blastoise
|
|upkeep
|choice|switch 6|
|
|switch|p1a: Manectric|Manectric, F, shiny|281\/281
|turn|24
|choice|move voltswitch|move fireblast
|
|move|p1a: Manectric|Volt Switch|p2a: Delphox
|-damage|p2a: Delphox|21\/291
|choice|switch 5|
|
|switch|p1a: Bronzong|Bronzong|279\/338
|move|p2a: Delphox|Fire Blast|p1a: Bronzong
|-supereffective|p1a: Bronzong
|-crit|p1a: Bronzong
|-damage|p1a: Bronzong|0 fnt
|faint|p1a: Bronzong
|
|upkeep
|choice|switch 5|
|
|switch|p1a: Manectric|Manectric, F, shiny|281\/281
|turn|25
|choice|move voltswitch|move fireblast
|
|move|p1a: Manectric|Volt Switch|p2a: Delphox
|-damage|p2a: Delphox|0 fnt
|faint|p2a: Delphox
|choice|switch 2|
|
|switch|p1a: Don't knock it|Drapion, F|291\/291
|
|upkeep
|choice||switch 5
|
|switch|p2a: Banette|Banette-Mega, M|271\/332 tox
|-damage|p2a: Banette|230\/332 tox|[from] Stealth Rock
|turn|26
|choice|switch 2|move destinybond
|
|switch|p1a: Manectric|Manectric, F, shiny|281\/281
|move|p2a: Banette|Destiny Bond|p2a: Banette
|-singlemove|p2a: Banette|Destiny Bond
|
|-damage|p2a: Banette|210\/332 tox|[from] psn
|upkeep
|turn|27
|choice|move voltswitch|move knockoff
|
|move|p1a: Manectric|Volt Switch|p2a: Banette
|-damage|p2a: Banette|90\/332 tox
|choice|switch 4|
|
|switch|p1a: Aromatisse|Aromatisse, M|406\/406 par
|move|p2a: Banette|Knock Off|p1a: Aromatisse
|-resisted|p1a: Aromatisse
|-damage|p1a: Aromatisse|313\/406 par
|-enditem|p1a: Aromatisse|Leftovers|[from] move: Knock Off|[of] p2a: Banette
|
|-damage|p2a: Banette|50\/332 tox|[from] psn
|upkeep
|turn|28
|choice|move protect|switch 4
|
|switch|p2a: Uxie|Uxie|300\/354
|-damage|p2a: Uxie|256\/354|[from] Stealth Rock
|move|p1a: Aromatisse|Protect|p1a: Aromatisse
|-fail|p1a: Aromatisse
|
|-heal|p2a: Uxie|278\/354|[from] item: Leftovers
|upkeep
|turn|29
|c|☆ihavnthingtodoever|gg lol
|choice|switch 2|move healbell
|
|switch|p1a: Don't knock it|Drapion, F|291\/291
|move|p2a: Uxie|Heal Bell|p2a: Uxie
|-activate|p2a: Uxie|move: Heal Bell
|-curestatus|p2: Banette|tox|[msg]
|
|-heal|p2a: Uxie|300\/354|[from] item: Leftovers
|upkeep
|turn|30
|choice|move knockoff|move stealthrock
|
|move|p1a: Don't knock it|Knock Off|p2a: Uxie
|-supereffective|p2a: Uxie
|-damage|p2a: Uxie|106\/354
|-enditem|p2a: Uxie|Leftovers|[from] move: Knock Off|[of] p1a: Don't knock it
|move|p2a: Uxie|Stealth Rock|p1a: Don't knock it
|-sidestart|p1: The frozen lopunny|move: Stealth Rock
|
|upkeep
|turn|31
|choice|move knockoff|move thunderwave
|
|move|p1a: Don't knock it|Knock Off|p2a: Uxie
|-supereffective|p2a: Uxie
|-damage|p2a: Uxie|0 fnt
|faint|p2a: Uxie
|
|upkeep
|choice||switch 4
|
|switch|p2a: Banette|Banette-Mega, M|50\/332
|-damage|p2a: Banette|9\/332|[from] Stealth Rock
|turn|32
|choice|move knockoff|move destinybond
|
|move|p2a: Banette|Destiny Bond|p2a: Banette
|-singlemove|p2a: Banette|Destiny Bond
|move|p1a: Don't knock it|Knock Off|p2a: Banette
|-supereffective|p2a: Banette
|-damage|p2a: Banette|0 fnt
|faint|p2a: Banette
|-activate|p2a: Banette|move: Destiny Bond
|faint|p1a: Don't knock it
|
|win|The frozen lopunny
|c|☆The frozen lopunny|gg
|raw|The frozen lopunny's rating: 1336 &rarr; <strong>1341<\/strong><br \/>(+5 for winning)
|raw|ihavnthingtodoever's rating: 1000 &rarr; <strong>1000<\/strong><br \/>(+0 for losing)</script>
</div>
<div class="battle-log battle-log-inline"><div class="inner"><div class="battle-options"></div><div class="inner"><div class="chat"><small>The frozen lopunny joined.</small></div><div class="chat"><small>ihavnthingtodoever joined.</small></div><div class=""><small>Format:</small> <br><strong>RU</strong></div><div class="rated"><strong>Rated battle</strong></div><div class=""><small><em>Sleep Clause Mod:</em> Limit one foe put to sleep</small></div><div class=""><small><em>Species Clause:</em> Limit one of each Pokémon</small></div><div class=""><small><em>OHKO Clause:</em> OHKO moves are banned</small></div><div class=""><small><em>Moody Clause:</em> Moody is banned</small></div><div class=""><small><em>Evasion Moves Clause:</em> Evasion moves are banned</small></div><div class=""><small><em>Endless Battle Clause:</em> Forcing endless battles is banned</small></div><div class=""><small><em>HP Percentage Mod:</em> HP is shown in percentages</small></div><div class=""><small><em>Swagger Clause:</em> Swagger is banned</small></div><div class=""><small><em>Baton Pass Clause:</em> Limit one Baton Passer, can't pass Spe and other stats simultaneously</small></div><div class="chat battle-history"><strong>The frozen lopunny's team:</strong> <em style="color:#445566;display:block;">Drapion / Trevenant / Manectric / Bronzong / Aromatisse / Blastoise</em></div><div class="chat battle-history"><strong>ihavnthingtodoever's team:</strong> <em style="color:#445566;display:block;">Delphox / Cofagrigus / Ambipom / Banette / Virizion / Uxie</em></div><div class="spacer battle-history"><br></div><div class="battle-history">Battle started between The frozen lopunny and ihavnthingtodoever!<br></div><div class="spacer battle-history"><br></div><div class="battle-history">Go! Don't knock it (<strong>Drapion</strong>)!<br></div><div class="spacer battle-history"><br></div><div class="battle-history">ihavnthingtodoever sent out <strong>Banette</strong>!<br></div><div class="spacer battle-history"><br></div><h2 class="battle-history">Turn 1</h2><div class="chat message-error">Battle timer is ON: inactive players will automatically lose when time's up. (requested by The frozen lopunny)</div><div class="spacer battle-history"><br></div><div class="battle-history">Don't knock it, come back!<br></div><div class="battle-history">Go! <strong>Blastoise</strong>!<br></div><div class="spacer battle-history"><br></div><div class="battle-history">ihavnthingtodoever withdrew Banette!<br></div><div class="battle-history">ihavnthingtodoever sent out <strong>Virizion</strong>!<br></div><div class="spacer battle-history"><br></div><h2 class="battle-history">Turn 2</h2><div class="spacer battle-history"><br></div><div class="battle-history">Blastoise, come back!<br></div><div class="battle-history">Go! Till you try it (<strong>Trevenant</strong>)!<br></div><div class="spacer battle-history"><br></div><div class="battle-history">The opposing Virizion used <strong>Swords Dance</strong>!<br></div><div class="battle-history"><small>The opposing Virizion's Attack rose sharply!</small><br></div><div class="spacer battle-history"><br></div><h2 class="battle-history">Turn 3</h2><div class="spacer battle-history"><br></div><div class="battle-history">The opposing Virizion used <strong>Leaf Blade</strong>!<br></div><div class="battle-history"><small>It's not very effective...</small><br></div><div class="battle-history"><small>(Till you try it lost <abbr title="−163/311">52.4%</abbr> of its health!)</small><br></div><div class="battle-history"><small>Till you try it ate its Sitrus Berry!</small><br></div><div class="battle-history"><small>Till you try it restored HP using its Sitrus Berry!</small><br></div><div class="spacer battle-history"><br></div><div class="battle-history">Till you try it used <strong>Substitute</strong>!<br></div><div class="battle-history"><small>Till you try it put in a substitute!</small><br></div><div class="battle-history"><small>(Till you try it lost <abbr title="−77/311">24.8%</abbr> of its health!)</small><br></div><div class="spacer battle-history"><br></div><h2 class="battle-history">Turn 4</h2><div class="spacer battle-history"><br></div><div class="battle-history">The opposing Virizion used <strong>Leaf Blade</strong>!<br></div><div class="battle-history"><small>It's not very effective...</small><br></div><div class="battle-history"><small>Till you try it's substitute faded!</small><br></div><div class="spacer battle-history"><br></div><div class="battle-history">Till you try it used <strong>Will-O-Wisp</strong>!<br></div><div class="battle-history"><small>The opposing Virizion was burned!</small><br></div><div class="spacer battle-history"><br></div><div class="battle-history"><small>The opposing Virizion was hurt by its burn!</small><br></div><div class="spacer battle-history"><br></div><h2 class="battle-history">Turn 5</h2><div class="spacer battle-history"><br></div><div class="battle-history">The opposing Virizion used <strong>Swords Dance</strong>!<br></div><div class="battle-history"><small>The opposing Virizion's Attack rose sharply!</small><br></div><div class="spacer battle-history"><br></div><div class="battle-history">Till you try it used <strong>Wood Hammer</strong>!<br></div><div class="battle-history"><small>It's not very effective...</small><br></div><div class="battle-history"><small>(The opposing Virizion lost <abbr title="−132/323">40.9%</abbr> of its health!)</small><br></div><div class="battle-history"><small>Till you try it is damaged by the recoil!</small><br></div><div class="spacer battle-history"><br></div><div class="battle-history"><small>The opposing Virizion was hurt by its burn!</small><br></div><div class="spacer battle-history"><br></div><h2 class="battle-history">Turn 6</h2><div class="spacer battle-history"><br></div><div class="battle-history">Till you try it, come back!<br></div><div class="battle-history">Go! <strong>Bronzong</strong>!<br></div><div class="spacer battle-history"><br></div><div class="battle-history">The opposing Virizion used <strong>Leaf Blade</strong>!<br></div><div class="battle-history"><small>It's not very effective...</small><br></div><div class="battle-history"><small>(Bronzong lost <abbr title="−56/338">16.6%</abbr> of its health!)</small><br></div><div class="spacer battle-history"><br></div><div class="battle-history"><small>Bronzong restored a little HP using its Leftovers!</small><br></div><div class="battle-history"><small>The opposing Virizion was hurt by its burn!</small><br></div><div class="spacer battle-history"><br></div><h2 class="battle-history">Turn 7</h2><div class="spacer battle-history"><br></div><div class="battle-history">Bronzong, come back!<br></div><div class="battle-history">Go! Till you try it (<strong>Trevenant</strong>)!<br></div><div class="spacer battle-history"><br></div><div class="battle-history">The opposing Virizion used <strong>Stone Edge</strong>!<br></div><div class="battle-history"><small>(Till you try it lost <abbr title="−104/311">33.4%</abbr> of its health!)</small><br></div><div class="spacer battle-history"><br></div><div class="battle-history">Till you try it fainted!<br></div><div class="spacer battle-history"><br></div><div class="battle-history"><small>The opposing Virizion was hurt by its burn!</small><br></div><div class="spacer battle-history"><br></div><div class="battle-history">Go! <strong>Manectric</strong>!<br></div><div class="spacer battle-history"><br></div><h2 class="battle-history">Turn 8</h2><div class="spacer battle-history"><br></div><div class="battle-history">Manectric used <strong>Volt Switch</strong>!<br></div><div class="battle-history"><small>It's not very effective...</small><br></div><div class="battle-history"><small>(The opposing Virizion lost <abbr title="−31/323">9.6%</abbr> of its health!)</small><br></div><div class="spacer battle-history"><br></div><div class="battle-history">The opposing Virizion fainted!<br></div><div class="spacer battle-history"><br></div><div class="battle-history">Manectric went back to The frozen lopunny!<br></div><div class="battle-history">Go! Don't knock it (<strong>Drapion</strong>)!<br></div><div class="spacer battle-history"><br></div><div class="battle-history">ihavnthingtodoever sent out <strong>Cofagrigus</strong>!<br></div><div class="spacer battle-history"><br></div><h2 class="battle-history">Turn 9</h2><div class="spacer battle-history"><br></div><div class="battle-history">Don't knock it used <strong>Swords Dance</strong>!<br></div><div class="battle-history"><small>Don't knock it's Attack rose sharply!</small><br></div><div class="spacer battle-history"><br></div><div class="battle-history">The opposing Cofagrigus used <strong>Will-O-Wisp</strong>!<br></div><div class="battle-history"><small>Don't knock it was burned!</small><br></div><div class="battle-history"><small>Don't knock it ate its Lum Berry!</small><br></div><div class="battle-history"><small>Don't knock it's burn was healed.</small><br></div><div class="spacer battle-history"><br></div><h2 class="battle-history">Turn 10</h2><div class="spacer battle-history"><br></div><div class="battle-history">Don't knock it used <strong>Knock Off</strong>!<br></div><div class="battle-history"><small>It's super effective!</small><br></div><div class="battle-history"><small>A critical hit!</small><br></div><div class="battle-history"><small>(The opposing Cofagrigus lost <abbr title="−320/320">100%</abbr> of its health!)</small><br></div><div class="battle-history"><small>[The opposing Cofagrigus's Mummy]</small><br><small>[Don't knock it's Battle Armor]</small><br><small>[Don't knock it's Mummy]</small><br><small>Don't knock it's Ability became Mummy!</small><br></div><div class="battle-history"><small>Don't knock it knocked off the opposing Cofagrigus's Leftovers!</small><br></div><div class="spacer battle-history"><br></div><div class="battle-history">The opposing Cofagrigus fainted!<br></div><div class="chat chatmessage-ihavnthingtodoever"><strong style="color:hsl(195,47%,43.717129436625015%)"><small>☆</small><span class="username" data-name="ihavnthingtodoever">ihavnthingtodoever</span>:</strong> <em>well shit</em></div><div class="spacer battle-history"><br></div><div class="battle-history">ihavnthingtodoever sent out <strong>Ambipom</strong>!<br></div><div class="spacer battle-history"><br></div><h2 class="battle-history">Turn 11</h2><div class="spacer battle-history"><br></div><div class="battle-history">Don't knock it, come back!<br></div><div class="battle-history">Go! <strong>Bronzong</strong>!<br></div><div class="spacer battle-history"><br></div><div class="battle-history">The opposing Ambipom used <strong>Fake Out</strong>!<br></div><div class="battle-history"><small>It's not very effective...</small><br></div><div class="battle-history"><small>(Bronzong lost <abbr title="−39/338">11.5%</abbr> of its health!)</small><br></div><div class="battle-history"><small>The opposing Ambipom lost some of its HP!</small><br></div><div class="spacer battle-history"><br></div><div class="battle-history"><small>Bronzong restored a little HP using its Leftovers!</small><br></div><div class="spacer battle-history"><br></div><h2 class="battle-history">Turn 12</h2><div class="spacer battle-history"><br></div><div class="battle-history">The opposing Ambipom used <strong>Power-Up Punch</strong>!<br></div><div class="battle-history"><small>(Bronzong lost <abbr title="−48/338">14.2%</abbr> of its health!)</small><br></div><div class="battle-history"><small>The opposing Ambipom's Attack rose!</small><br></div><div class="battle-history"><small>The opposing Ambipom lost some of its HP!</small><br></div><div class="spacer battle-history"><br></div><div class="battle-history">Bronzong used <strong>Toxic</strong>!<br></div><div class="battle-history"><small>The opposing Ambipom was badly poisoned!</small><br></div><div class="spacer battle-history"><br></div><div class="battle-history"><small>Bronzong restored a little HP using its Leftovers!</small><br></div><div class="battle-history"><small>The opposing Ambipom was hurt by poison!</small><br></div><div class="spacer battle-history"><br></div><h2 class="battle-history">Turn 13</h2><div class="spacer battle-history"><br></div><div class="battle-history">ihavnthingtodoever withdrew Ambipom!<br></div><div class="battle-history">ihavnthingtodoever sent out <strong>Delphox</strong>!<br></div><div class="spacer battle-history"><br></div><div class="battle-history">Bronzong used <strong>Stealth Rock</strong>!<br></div><div class="battle-history"><small>Pointed stones float in the air around the opposing team!</small><br></div><div class="spacer battle-history"><br></div><div class="battle-history"><small>Bronzong restored a little HP using its Leftovers!</small><br></div><div class="spacer battle-history"><br></div><h2 class="battle-history">Turn 14</h2><div class="spacer battle-history"><br></div><div class="battle-history">Bronzong, come back!<br></div><div class="battle-history">Go! <strong>Aromatisse</strong>!<br></div><div class="spacer battle-history"><br></div><div class="battle-history">The opposing Delphox used <strong>Fire Blast</strong>!<br></div><div class="battle-history"><small>(Aromatisse lost <abbr title="−199/406">49.0%</abbr> of its health!)</small><br></div><div class="spacer battle-history"><br></div><div class="battle-history"><small>Aromatisse restored a little HP using its Leftovers!</small><br></div><div class="spacer battle-history"><br></div><h2 class="battle-history">Turn 15</h2><div class="spacer battle-history"><br></div><div class="battle-history">ihavnthingtodoever withdrew Delphox!<br></div><div class="battle-history">ihavnthingtodoever sent out <strong>Uxie</strong>!<br></div><div class="battle-history"><small>Pointed stones dug into the opposing Uxie!</small><br></div><div class="spacer battle-history"><br></div><div class="battle-history">Aromatisse used <strong>Wish</strong>!<br></div><div class="spacer battle-history"><br></div><div class="battle-history"><small>The opposing Uxie restored a little HP using its Leftovers!</small><br></div><div class="battle-history"><small>Aromatisse restored a little HP using its Leftovers!</small><br></div><div class="spacer battle-history"><br></div><h2 class="battle-history">Turn 16</h2><div class="spacer battle-history"><br></div><div class="battle-history">The opposing Uxie used <strong>Thunder Wave</strong>!<br></div><div class="battle-history"><small>Aromatisse is paralyzed! It may be unable to move!</small><br></div><div class="spacer battle-history"><br></div><div class="battle-history">Aromatisse used <strong>Moonblast</strong>!<br></div><div class="battle-history"><small>(The opposing Uxie lost <abbr title="−76/354">21.5%</abbr> of its health!)</small><br></div><div class="spacer battle-history"><br></div><div class="battle-history"><small>Aromatisse's wish came true!</small><br></div><div class="battle-history"><small>The opposing Uxie restored a little HP using its Leftovers!</small><br></div><div class="spacer battle-history"><br></div><h2 class="battle-history">Turn 17</h2><div class="spacer battle-history"><br></div><div class="battle-history">Aromatisse, come back!<br></div><div class="battle-history">Go! Don't knock it (<strong>Drapion</strong>)!<br></div><div class="spacer battle-history"><br></div><div class="battle-history">The opposing Uxie used <strong>Stealth Rock</strong>!<br></div><div class="battle-history"><small>Pointed stones float in the air around your team!</small><br></div><div class="spacer battle-history"><br></div><div class="battle-history"><small>The opposing Uxie restored a little HP using its Leftovers!</small><br></div><div class="spacer battle-history"><br></div><h2 class="battle-history">Turn 18</h2><div class="spacer battle-history"><br></div><div class="battle-history">ihavnthingtodoever withdrew Uxie!<br></div><div class="battle-history">ihavnthingtodoever sent out <strong>Ambipom</strong>!<br></div><div class="battle-history"><small>Pointed stones dug into the opposing Ambipom!</small><br></div><div class="spacer battle-history"><br></div><div class="battle-history">Don't knock it used <strong>Knock Off</strong>!<br></div><div class="battle-history"><small>(The opposing Ambipom lost <abbr title="−179/291">61.5%</abbr> of its health!)</small><br></div><div class="battle-history"><small>Don't knock it knocked off the opposing Ambipom's Life Orb!</small><br></div><div class="spacer battle-history"><br></div><div class="battle-history">The opposing Ambipom fainted!<br></div><div class="spacer battle-history"><br></div><div class="battle-history">ihavnthingtodoever sent out <strong>Delphox</strong>!<br></div><div class="battle-history"><small>Pointed stones dug into the opposing Delphox!</small><br></div><div class="spacer battle-history"><br></div><h2 class="battle-history">Turn 19</h2><div class="spacer battle-history"><br></div><div class="battle-history">Don't knock it, come back!<br></div><div class="battle-history">Go! <strong>Blastoise</strong>!<br></div><div class="battle-history"><small>Pointed stones dug into Blastoise!</small><br></div><div class="spacer battle-history"><br></div><div class="battle-history">The opposing Delphox used <strong>Fire Blast</strong>!<br></div><div class="battle-history"><small>Blastoise avoided the attack!</small><br></div><div class="spacer battle-history"><br></div><div class="battle-history"><small>Blastoise restored a little HP using its Leftovers!</small><br></div><div class="spacer battle-history"><br></div><h2 class="battle-history">Turn 20</h2><div class="spacer battle-history"><br></div><div class="battle-history">ihavnthingtodoever withdrew Delphox!<br></div><div class="battle-history">ihavnthingtodoever sent out <strong>Banette</strong>!<br></div><div class="battle-history"><small>Pointed stones dug into the opposing Banette!</small><br></div><div class="spacer battle-history"><br></div><div class="battle-history">Blastoise used <strong>Toxic</strong>!<br></div><div class="battle-history"><small>The opposing Banette was badly poisoned!</small><br></div><div class="spacer battle-history"><br></div><div class="battle-history"><small>Blastoise restored a little HP using its Leftovers!</small><br></div><div class="battle-history"><small>The opposing Banette was hurt by poison!</small><br></div><div class="spacer battle-history"><br></div><h2 class="battle-history">Turn 21</h2><div class="spacer battle-history"><br></div><div class="battle-history"><small>The opposing Banette's Banettite is reacting to ihavnthingtodoever's Mega Bracelet!</small><br>The opposing Banette has Mega Evolved into Mega Banette!<br></div><div class="spacer battle-history"><br></div><div class="battle-history">The opposing Banette used <strong>Knock Off</strong>!<br></div><div class="battle-history"><small>(Blastoise lost <abbr title="−105/362">29.0%</abbr> of its health!)</small><br></div><div class="battle-history"><small>The opposing Banette knocked off Blastoise's Leftovers!</small><br></div><div class="spacer battle-history"><br></div><div class="battle-history">Blastoise used <strong>Roar</strong>!<br></div><div class="spacer battle-history"><br></div><div class="battle-history"><strong>Delphox</strong> was dragged out!<br></div><div class="battle-history"><small>Pointed stones dug into the opposing Delphox!</small><br></div><div class="spacer battle-history"><br></div><h2 class="battle-history">Turn 22</h2><div class="spacer battle-history"><br></div><div class="battle-history">The opposing Delphox used <strong>Fire Blast</strong>!<br></div><div class="battle-history"><small>It's not very effective...</small><br></div><div class="battle-history"><small>(Blastoise lost <abbr title="−139/362">38.4%</abbr> of its health!)</small><br></div><div class="spacer battle-history"><br></div><div class="battle-history">Blastoise used <strong>Rapid Spin</strong>!<br></div><div class="battle-history"><small>(The opposing Delphox lost <abbr title="−14/291">4.8%</abbr> of its health!)</small><br></div><div class="battle-history"><small>The pointed stones disappeared from around your team!</small><br></div><div class="spacer battle-history"><br></div><h2 class="battle-history">Turn 23</h2><div class="spacer battle-history"><br></div><div class="battle-history">The opposing Delphox used <strong>Fire Blast</strong>!<br></div><div class="battle-history"><small>It's not very effective...</small><br></div><div class="battle-history"><small>(Blastoise lost <abbr title="−117/362">32.3%</abbr> of its health!)</small><br></div><div class="spacer battle-history"><br></div><div class="battle-history">Blastoise fainted!<br></div><div class="spacer battle-history"><br></div><div class="battle-history">Go! <strong>Manectric</strong>!<br></div><div class="spacer battle-history"><br></div><h2 class="battle-history">Turn 24</h2><div class="spacer battle-history"><br></div><div class="battle-history">Manectric used <strong>Volt Switch</strong>!<br></div><div class="battle-history"><small>(The opposing Delphox lost <abbr title="−112/291">38.5%</abbr> of its health!)</small><br></div><div class="spacer battle-history"><br></div><div class="battle-history">Manectric went back to The frozen lopunny!<br></div><div class="battle-history">Go! <strong>Bronzong</strong>!<br></div><div class="spacer battle-history"><br></div><div class="battle-history">The opposing Delphox used <strong>Fire Blast</strong>!<br></div><div class="battle-history"><small>It's super effective!</small><br></div><div class="battle-history"><small>A critical hit!</small><br></div><div class="battle-history"><small>(Bronzong lost <abbr title="−279/338">82.5%</abbr> of its health!)</small><br></div><div class="spacer battle-history"><br></div><div class="battle-history">Bronzong fainted!<br></div><div class="spacer battle-history"><br></div><div class="battle-history">Go! <strong>Manectric</strong>!<br></div><div class="spacer battle-history"><br></div><h2 class="battle-history">Turn 25</h2><div class="spacer battle-history"><br></div><div class="battle-history">Manectric used <strong>Volt Switch</strong>!<br></div><div class="battle-history"><small>(The opposing Delphox lost <abbr title="−21/291">7.2%</abbr> of its health!)</small><br></div><div class="spacer battle-history"><br></div><div class="battle-history">The opposing Delphox fainted!<br></div><div class="spacer battle-history"><br></div><div class="battle-history">Manectric went back to The frozen lopunny!<br></div><div class="battle-history">Go! Don't knock it (<strong>Drapion</strong>)!<br></div><div class="spacer battle-history"><br></div><div class="battle-history">ihavnthingtodoever sent out Banette (<strong>Banette-Mega</strong>)!<br></div><div class="battle-history"><small>Pointed stones dug into the opposing Banette!</small><br></div><div class="spacer battle-history"><br></div><h2 class="battle-history">Turn 26</h2><div class="spacer battle-history"><br></div><div class="battle-history">Don't knock it, come back!<br></div><div class="battle-history">Go! <strong>Manectric</strong>!<br></div><div class="spacer battle-history"><br></div><div class="battle-history">The opposing Banette used <strong>Destiny Bond</strong>!<br></div><div class="battle-history">The opposing Banette is hoping to take its attacker down with it!<br></div><div class="spacer battle-history"><br></div><div class="battle-history"><small>The opposing Banette was hurt by poison!</small><br></div><div class="spacer battle-history"><br></div><h2 class="battle-history">Turn 27</h2><div class="spacer battle-history"><br></div><div class="battle-history">Manectric used <strong>Volt Switch</strong>!<br></div><div class="battle-history"><small>(The opposing Banette lost <abbr title="−120/332">36.1%</abbr> of its health!)</small><br></div><div class="spacer battle-history"><br></div><div class="battle-history">Manectric went back to The frozen lopunny!<br></div><div class="battle-history">Go! <strong>Aromatisse</strong>!<br></div><div class="spacer battle-history"><br></div><div class="battle-history">The opposing Banette used <strong>Knock Off</strong>!<br></div><div class="battle-history"><small>It's not very effective...</small><br></div><div class="battle-history"><small>(Aromatisse lost <abbr title="−93/406">22.9%</abbr> of its health!)</small><br></div><div class="battle-history"><small>The opposing Banette knocked off Aromatisse's Leftovers!</small><br></div><div class="spacer battle-history"><br></div><div class="battle-history"><small>The opposing Banette was hurt by poison!</small><br></div><div class="spacer battle-history"><br></div><h2 class="battle-history">Turn 28</h2><div class="spacer battle-history"><br></div><div class="battle-history">ihavnthingtodoever withdrew Banette!<br></div><div class="battle-history">ihavnthingtodoever sent out <strong>Uxie</strong>!<br></div><div class="battle-history"><small>Pointed stones dug into the opposing Uxie!</small><br></div><div class="spacer battle-history"><br></div><div class="battle-history">Aromatisse used <strong>Protect</strong>!<br></div><div class="battle-history"><small>But it failed!</small><br></div><div class="spacer battle-history"><br></div><div class="battle-history"><small>The opposing Uxie restored a little HP using its Leftovers!</small><br></div><div class="spacer battle-history"><br></div><h2 class="battle-history">Turn 29</h2><div class="chat chatmessage-ihavnthingtodoever"><strong style="color:hsl(195,47%,43.717129436625015%)"><small>☆</small><span class="username" data-name="ihavnthingtodoever">ihavnthingtodoever</span>:</strong> <em>gg lol</em></div><div class="spacer battle-history"><br></div><div class="battle-history">Aromatisse, come back!<br></div><div class="battle-history">Go! Don't knock it (<strong>Drapion</strong>)!<br></div><div class="spacer battle-history"><br></div><div class="battle-history">The opposing Uxie used <strong>Heal Bell</strong>!<br></div><div class="battle-history"><small>A bell chimed!</small><br></div><div class="battle-history"><small>The opposing Banette was cured of its poisoning.</small><br></div><div class="spacer battle-history"><br></div><div class="battle-history"><small>The opposing Uxie restored a little HP using its Leftovers!</small><br></div><div class="spacer battle-history"><br></div><h2 class="battle-history">Turn 30</h2><div class="spacer battle-history"><br></div><div class="battle-history">Don't knock it used <strong>Knock Off</strong>!<br></div><div class="battle-history"><small>It's super effective!</small><br></div><div class="battle-history"><small>(The opposing Uxie lost <abbr title="−194/354">54.8%</abbr> of its health!)</small><br></div><div class="battle-history"><small>Don't knock it knocked off the opposing Uxie's Leftovers!</small><br></div><div class="spacer battle-history"><br></div><div class="battle-history">The opposing Uxie used <strong>Stealth Rock</strong>!<br></div><div class="battle-history"><small>Pointed stones float in the air around your team!</small><br></div><div class="spacer battle-history"><br></div><h2 class="battle-history">Turn 31</h2><div class="spacer battle-history"><br></div><div class="battle-history">Don't knock it used <strong>Knock Off</strong>!<br></div><div class="battle-history"><small>It's super effective!</small><br></div><div class="battle-history"><small>(The opposing Uxie lost <abbr title="−106/354">29.9%</abbr> of its health!)</small><br></div><div class="spacer battle-history"><br></div><div class="battle-history">The opposing Uxie fainted!<br></div><div class="spacer battle-history"><br></div><div class="battle-history">ihavnthingtodoever sent out Banette (<strong>Banette-Mega</strong>)!<br></div><div class="battle-history"><small>Pointed stones dug into the opposing Banette!</small><br></div><div class="spacer battle-history"><br></div><h2 class="battle-history">Turn 32</h2><div class="spacer battle-history"><br></div><div class="battle-history">The opposing Banette used <strong>Destiny Bond</strong>!<br></div><div class="battle-history">The opposing Banette is hoping to take its attacker down with it!<br></div><div class="spacer battle-history"><br></div><div class="battle-history">Don't knock it used <strong>Knock Off</strong>!<br></div><div class="battle-history"><small>It's super effective!</small><br></div><div class="battle-history"><small>(The opposing Banette lost <abbr title="−9/332">2.7%</abbr> of its health!)</small><br></div><div class="spacer battle-history"><br></div><div class="battle-history">The opposing Banette fainted!<br></div><div class="battle-history"><small>The opposing Banette took its attacker down with it!</small><br></div><div class="spacer battle-history"><br></div><div class="battle-history">Don't knock it fainted!<br></div><div class="spacer battle-history"><br></div><div class="battle-history"><strong>The frozen lopunny</strong> won the battle!<br></div><div class="chat chatmessage-thefrozenlopunny"><strong style="color:hsl(18,79%,41.70480063285996%)"><small>☆</small><span class="username" data-name="The frozen lopunny">The frozen lopunny</span>:</strong> <em>gg</em></div><div class="chat">The frozen lopunny's rating: 1336 → <strong>1341</strong><br>(+5 for winning)</div><div class="chat">ihavnthingtodoever's rating: 1000 → <strong>1000</strong><br>(+0 for losing)</div></div><div class="inner-preempt"></div></div></div>
</div>
<script>
let daily = Math.floor(Date.now()/1000/60/60/24);document.write('<script src="https://play.pokemonshowdown.com/js/replay-embed.js?version'+daily+'"></'+'script>');
</script>
