<!DOCTYPE html>
<meta charset="utf-8" />
<!-- version 1 -->
<title>RU replay: W@mr vs. SFC Canis Maior 3</title>
<style>
html,body {font-family:Verdana, sans-serif;font-size:10pt;margin:0;padding:0;}body{padding:12px 0;} .battle-log {font-family:Verdana, sans-serif;font-size:10pt;} .battle-log-inline {border:1px solid #AAAAAA;background:#EEF2F5;color:black;max-width:640px;margin:0 auto 80px;padding-bottom:5px;} .battle-log .inner {padding:4px 8px 0px 8px;} .battle-log .inner-preempt {padding:0 8px 4px 8px;} .battle-log .inner-after {margin-top:0.5em;} .battle-log h2 {margin:0.5em -8px;padding:4px 8px;border:1px solid #AAAAAA;background:#E0E7EA;border-left:0;border-right:0;font-family:Verdana, sans-serif;font-size:13pt;} .battle-log .chat {vertical-align:middle;padding:3px 0 3px 0;font-size:8pt;} .battle-log .chat strong {color:#40576A;} .battle-log .chat em {padding:1px 4px 1px 3px;color:#000000;font-style:normal;} .chat.mine {background:rgba(0,0,0,0.05);margin-left:-8px;margin-right:-8px;padding-left:8px;padding-right:8px;} .spoiler {color:#BBBBBB;background:#BBBBBB;padding:0px 3px;} .spoiler:hover, .spoiler:active, .spoiler-shown {color:#000000;background:#E2E2E2;padding:0px 3px;} .spoiler a {color:#BBBBBB;} .spoiler:hover a, .spoiler:active a, .spoiler-shown a {color:#2288CC;} .chat code, .chat .spoiler:hover code, .chat .spoiler:active code, .chat .spoiler-shown code {border:1px solid #C0C0C0;background:#EEEEEE;color:black;padding:0 2px;} .chat .spoiler code {border:1px solid #CCCCCC;background:#CCCCCC;color:#CCCCCC;} .battle-log .rated {padding:3px 4px;} .battle-log .rated strong {color:white;background:#89A;padding:1px 4px;border-radius:4px;} .spacer {margin-top:0.5em;} .message-announce {background:#6688AA;color:white;padding:1px 4px 2px;} .message-announce a, .broadcast-green a, .broadcast-blue a, .broadcast-red a {color:#DDEEFF;} .broadcast-green {background-color:#559955;color:white;padding:2px 4px;} .broadcast-blue {background-color:#6688AA;color:white;padding:2px 4px;} .infobox {border:1px solid #6688AA;padding:2px 4px;} .infobox-limited {max-height:200px;overflow:auto;overflow-x:hidden;} .broadcast-red {background-color:#AA5544;color:white;padding:2px 4px;} .message-learn-canlearn {font-weight:bold;color:#228822;text-decoration:underline;} .message-learn-cannotlearn {font-weight:bold;color:#CC2222;text-decoration:underline;} .message-effect-weak {font-weight:bold;color:#CC2222;} .message-effect-resist {font-weight:bold;color:#6688AA;} .message-effect-immune {font-weight:bold;color:#666666;} .message-learn-list {margin-top:0;margin-bottom:0;} .message-throttle-notice, .message-error {color:#992222;} .message-overflow, .chat small.message-overflow {font-size:0pt;} .message-overflow::before {font-size:9pt;content:'...';} .subtle {color:#3A4A66;}
</style>
<div class="wrapper replay-wrapper" style="max-width:1180px;margin:0 auto">
<input type="hidden" name="replayid" value="destiny-ru-65423" />
<div class="battle"></div><div class="battle-log"></div><div class="replay-controls"></div><div class="replay-controls-2"></div>
<h1 style="font-weight:normal;text-align:center"><strong>RU</strong><br /><a href="http://pokemonshowdown.com/users/wmr" class="subtle" target="_blank">W@mr</a> vs. <a href="http://pokemonshowdown.com/users/sfccanismaior3" class="subtle" target="_blank">SFC Canis Maior 3</a></h1>
<script type="text/plain" class="battle-log-data">|j|W@mr
|j|SFC Canis Maior 3
|unlink|||tour
|player|p1|W@mr|wmr.gif?0fd93bca
|player|p2|SFC Canis Maior 3|126
|gametype|singles
|gen|7
|tier|RU
|seed|50426,34720,55365,36228
|rule|Cláusula-Mod de Dormir: solo puedes dormir a uno de tus oponentes a la vez.
|rule|Cláusula de Especie: Hasta un Pokémon de cada especie
|rule|Cláusula de Golpe Fulminante: los movimientos fulminantes (OHKO) estan prohibidos
|rule|Cláusula de Moody: la habilidad Moody está prohibida
|rule|Cláusula de Movimientos Evasivos: los movimientos de evasion estan prohibidos
|rule|Cláusula de Batallas Eternas: forzar batallas eternas está prohibido
|clearpoke
|poke|p1|Bruxish, undefined|item
|poke|p1|Galvantula, undefined|item
|poke|p1|Donphan, undefined|item
|poke|p1|Kommo-o, undefined|item
|poke|p1|Doublade, undefined|item
|poke|p1|Honchkrow, undefined|item
|poke|p2|Umbreon, undefined, shiny|item
|poke|p2|Nidoqueen, undefined|item
|poke|p2|Mantine, undefined|item
|poke|p2|Doublade, undefined, shiny|item
|poke|p2|Heracross, undefined|item
|poke|p2|Salazzle, undefined|item
|rule|Cláusula de Relevo: se prohibe más de 1 Pokémon con Relevo, o transferir Velocidad junto a otros stats
|teampreview
|choice|*team 213456|*
|j|Durazno
|choice|*|*team 123456
|choice|team 2, team 1, team 3, team 4, team 5, team 6|team 1, team 2, team 3, team 4, team 5, team 6
|
|start
|switch|p1a: Galvantula|Galvantula, undefined|281\/281
|switch|p2a: Umbreon|Umbreon, undefined, shiny|394\/394
|turn|1
|choice|*move 4|*
|choice|*|*move 1
|choice|move stickyweb|move wish
|
|move|p1a: Galvantula|Sticky Web|p2a: Umbreon
|-sidestart|p2: SFC Canis Maior 3|move: Sticky Web
|move|p2a: Umbreon|Wish|p2a: Umbreon
|
|upkeep
|turn|2
|choice|*|*move 4
|choice|*move 2|*
|choice|move bugbuzz|move foulplay
|
|move|p1a: Galvantula|Bug Buzz|p2a: Umbreon
|-supereffective|p2a: Umbreon
|-damage|p2a: Umbreon|196\/394
|-damage|p1a: Galvantula|253\/281|[from] item: Life Orb
|move|p2a: Umbreon|Foul Play|p1a: Galvantula
|-crit|p1a: Galvantula
|-damage|p1a: Galvantula|102\/281
|
|-heal|p2a: Umbreon|393\/394|[from] move: Wish|[wisher] Umbreon
|-heal|p2a: Umbreon|394\/394|[from] item: Leftovers
|upkeep
|turn|3
|choice|*move 2|*
|choice|*|*move 1
|choice|move bugbuzz|move wish
|
|move|p1a: Galvantula|Bug Buzz|p2a: Umbreon
|-supereffective|p2a: Umbreon
|-damage|p2a: Umbreon|199\/394
|-damage|p1a: Galvantula|74\/281|[from] item: Life Orb
|move|p2a: Umbreon|Wish|p2a: Umbreon
|
|-heal|p2a: Umbreon|223\/394|[from] item: Leftovers
|upkeep
|turn|4
|choice|*|*move 4
|j|diobel64
|choice|*move 2|*
|choice|move bugbuzz|move foulplay
|
|move|p1a: Galvantula|Bug Buzz|p2a: Umbreon
|-supereffective|p2a: Umbreon
|-damage|p2a: Umbreon|12\/394
|-damage|p1a: Galvantula|46\/281|[from] item: Life Orb
|move|p2a: Umbreon|Foul Play|p1a: Galvantula
|-crit|p1a: Galvantula
|-damage|p1a: Galvantula|0 fnt
|faint|p1a: Galvantula
|
|-heal|p2a: Umbreon|209\/394|[from] move: Wish|[wisher] Umbreon
|-heal|p2a: Umbreon|233\/394|[from] item: Leftovers
|upkeep
|choice|*switch 4|*
|choice|switch 4|
|
|switch|p1a: Kommo-o|Kommo-o, undefined|291\/291
|turn|5
|choice|*move 2|*
|choice|*|*switch 3
|choice|move focusblast|switch 3
|
|switch|p2a: Mantine|Mantine, undefined|374\/374
|move|p1a: Kommo-o|Focus Blast|p2a: Mantine
|-resisted|p2a: Mantine
|-damage|p2a: Mantine|266\/374
|
|-heal|p2a: Mantine|289\/374|[from] item: Leftovers
|upkeep
|turn|6
|c| diobel64|llego el lechero
|choice|*|*move 2
|choice|*switch 2|*
|choice|switch 2|move defog
|
|switch|p1a: Bruxish|Bruxish, undefined|277\/277
|move|p2a: Mantine|Defog|p1a: Bruxish
|-unboost|p1a: Bruxish|evasion|1
|-sideend|p2: SFC Canis Maior 3|Sticky Web|[from] move: Defog|[of] p2a: Mantine
|
|-heal|p2a: Mantine|312\/374|[from] item: Leftovers
|upkeep
|turn|7
|choice|*move 4|*
|choice|*|*switch 4
|choice|move swordsdance|switch 4
|
|switch|p2a: Doublade|Doublade, undefined, shiny|322\/322
|move|p1a: Bruxish|Swords Dance|p1a: Bruxish
|-boost|p1a: Bruxish|atk|2
|
|upkeep
|turn|8
|choice|*undo|*
|choice|*move 2|*
|l|diobel64
|choice|*|*move 3
|choice|move crunch|move shadowclaw
|
|move|p1a: Bruxish|Crunch|p2a: Doublade
|-supereffective|p2a: Doublade
|-damage|p2a: Doublade|23\/322
|-damage|p1a: Bruxish|250\/277|[from] item: Life Orb
|move|p2a: Doublade|Shadow Claw|p1a: Bruxish
|-supereffective|p1a: Bruxish
|-damage|p1a: Bruxish|0 fnt
|faint|p1a: Bruxish
|
|upkeep
|choice|*switch 3|*
|choice|switch 3|
|
|switch|p1a: Donphan|Donphan, undefined|368\/368
|turn|9
|choice|*move 1|*
|c|%Durazno|dmg
|choice|*|*move 2
|choice|move stealthrock|move ironhead
|
|move|p1a: Donphan|Stealth Rock|p2a: Doublade
|-sidestart|p2: SFC Canis Maior 3|move: Stealth Rock
|move|p2a: Doublade|Iron Head|p1a: Donphan
|-damage|p1a: Donphan|247\/368
|
|-heal|p1a: Donphan|270\/368|[from] item: Leftovers
|upkeep
|turn|10
|choice|*|*move 4
|choice|*move 3|*
|choice|move knockoff|move shadowsneak
|
|move|p2a: Doublade|Shadow Sneak|p1a: Donphan
|-damage|p1a: Donphan|219\/368
|move|p1a: Donphan|Knock Off|p2a: Doublade
|-supereffective|p2a: Doublade
|-damage|p2a: Doublade|0 fnt
|-enditem|p2a: Doublade|Eviolite|[from] move: Knock Off|[of] p1a: Donphan
|faint|p2a: Doublade
|
|-heal|p1a: Donphan|242\/368|[from] item: Leftovers
|upkeep
|choice|*|*switch 4
|choice||switch 4
|
|switch|p2a: Mantine|Mantine, undefined|312\/374
|-damage|p2a: Mantine|219\/374|[from] Stealth Rock
|turn|11
|choice|*|*move 2
|c|☆W@mr|de hecho
|c|☆W@mr|fue min
|c|☆W@mr|xD
|choice|*move 3|*
|choice|move knockoff|move defog
|
|move|p1a: Donphan|Knock Off|p2a: Mantine
|-damage|p2a: Mantine|110\/374
|-enditem|p2a: Mantine|Leftovers|[from] move: Knock Off|[of] p1a: Donphan
|move|p2a: Mantine|Defog|p1a: Donphan
|-unboost|p1a: Donphan|evasion|1
|-sideend|p2: SFC Canis Maior 3|Stealth Rock|[from] move: Defog|[of] p2a: Mantine
|
|-heal|p1a: Donphan|265\/368|[from] item: Leftovers
|upkeep
|turn|12
|choice|*|*move 1
|choice|*move 1|*
|choice|move stealthrock|move roost
|
|move|p1a: Donphan|Stealth Rock|p2a: Mantine
|-sidestart|p2: SFC Canis Maior 3|move: Stealth Rock
|move|p2a: Mantine|Roost|p2a: Mantine
|-heal|p2a: Mantine|297\/374
|
|-heal|p1a: Donphan|288\/368|[from] item: Leftovers
|upkeep
|turn|13
|choice|*switch 6|*
|choice|*|*move 3
|choice|switch 6|move toxic
|
|switch|p1a: Honchkrow|Honchkrow, undefined|341\/341
|move|p2a: Mantine|Toxic|p1a: Honchkrow
|-status|p1a: Honchkrow|tox
|
|-damage|p1a: Honchkrow|320\/341 tox|[from] psn
|upkeep
|turn|14
|c|%Durazno|Lo se :v
|choice|*move 4 zmove|*
|choice|*undo|*
|choice|*move 4 zmove|*
|choice|*|*move 2
|choice|move mirrormove zmove|move defog
|
|-zpower|p1a: Honchkrow
|move|p1a: Honchkrow|Z-Mirror Move|p2a: Mantine|[anim]Mirror Move
|-boost|p1a: Honchkrow|atk|2|[zeffect]
|move|p1a: Honchkrow|Toxic|p2a: Mantine|[from]Mirror Move
|-status|p2a: Mantine|tox
|move|p2a: Mantine|Defog|p1a: Honchkrow
|-unboost|p1a: Honchkrow|evasion|1
|-sideend|p2: SFC Canis Maior 3|Stealth Rock|[from] move: Defog|[of] p2a: Mantine
|
|-damage|p1a: Honchkrow|278\/341 tox|[from] psn
|-damage|p2a: Mantine|274\/374 tox|[from] psn
|upkeep
|turn|15
|c|%Durazno|Conozco muy bien ru
|choice|*move 1|*
|choice|*|*switch 5
|choice|move bravebird|switch 5
|
|switch|p2a: Heracross|Heracross, undefined|301\/301
|move|p1a: Honchkrow|Brave Bird|p2a: Heracross
|-supereffective|p2a: Heracross
|-damage|p2a: Heracross|0 fnt
|-damage|p1a: Honchkrow|179\/341 tox|[from] recoil|[of] p2a: Heracross
|faint|p2a: Heracross
|-ability|p1a: Honchkrow|Moxie|boost
|-boost|p1a: Honchkrow|atk|1
|
|-damage|p1a: Honchkrow|116\/341 tox|[from] psn
|upkeep
|c|%Durazno|y ese pez es mortal
|choice|*|*switch 6
|choice||switch 6
|
|switch|p2a: Salazzle|Salazzle, undefined|277\/277
|turn|16
|choice|*|*move 4
|choice|*move 1|*
|choice|move bravebird|move sludgewave
|
|move|p2a: Salazzle|Sludge Wave|p1a: Honchkrow
|-damage|p1a: Honchkrow|0 fnt
|faint|p1a: Honchkrow
|
|upkeep
|choice|*switch 6|*
|choice|switch 6|
|
|switch|p1a: Donphan|Donphan, undefined|288\/368
|turn|17
|choice|*move 1|*
|choice|*|*switch 5
|choice|move stealthrock|switch 5
|
|switch|p2a: Mantine|Mantine, undefined|274\/374 tox
|move|p1a: Donphan|Stealth Rock|p2a: Mantine
|-sidestart|p2: SFC Canis Maior 3|move: Stealth Rock
|
|-heal|p1a: Donphan|311\/368|[from] item: Leftovers
|-damage|p2a: Mantine|251\/374 tox|[from] psn
|upkeep
|turn|18
|choice|*|*move 2
|choice|*switch 2|*
|choice|switch 2|move defog
|
|switch|p1a: Kommo-o|Kommo-o, undefined|291\/291
|move|p2a: Mantine|Defog|p1a: Kommo-o
|-unboost|p1a: Kommo-o|evasion|1
|-sideend|p2: SFC Canis Maior 3|Stealth Rock|[from] move: Defog|[of] p2a: Mantine
|
|-damage|p2a: Mantine|205\/374 tox|[from] psn
|upkeep
|turn|19
|choice|*|*move 3
|choice|*move 4|*
|choice|move clangingscales|move toxic
|
|move|p1a: Kommo-o|Clanging Scales|p2a: Mantine
|-damage|p2a: Mantine|7\/374 tox
|-unboost|p1a: Kommo-o|def|1
|move|p2a: Mantine|Toxic|p1a: Kommo-o
|-status|p1a: Kommo-o|tox
|
|-damage|p1a: Kommo-o|273\/291 tox|[from] psn
|-damage|p2a: Mantine|0 fnt|[from] psn
|upkeep
|faint|p2a: Mantine
|choice|*|*switch 2
|choice||switch 2
|
|switch|p2a: Nidoqueen|Nidoqueen, undefined|321\/321
|turn|20
|choice|*|*move 2
|choice|*switch 5|*
|choice|switch 5|move earthpower
|
|switch|p1a: Doublade|Doublade, undefined|319\/319
|move|p2a: Nidoqueen|Earth Power|p1a: Doublade
|-supereffective|p1a: Doublade
|-damage|p1a: Doublade|0 fnt
|faint|p1a: Doublade
|
|upkeep
|choice|*switch 2|*
|choice|switch 2|
|
|switch|p1a: Donphan|Donphan, undefined|311\/368
|turn|21
|choice|*move 2|*
|choice|*|*move 2
|choice|move earthquake|move earthpower
|
|move|p2a: Nidoqueen|Earth Power|p1a: Donphan
|-damage|p1a: Donphan|0 fnt
|faint|p1a: Donphan
|
|upkeep
|choice|*switch 5|*
|choice|switch 5|
|
|switch|p1a: Kommo-o|Kommo-o, undefined|273\/291 tox
|turn|22
|choice|*move 4|*
|choice|*|*move 3
|choice|move clangingscales|move icebeam
|
|move|p1a: Kommo-o|Clanging Scales|p2a: Nidoqueen
|-damage|p2a: Nidoqueen|11\/321
|-unboost|p1a: Kommo-o|def|1
|move|p2a: Nidoqueen|Ice Beam|p1a: Kommo-o
|-supereffective|p1a: Kommo-o
|-damage|p1a: Kommo-o|0 fnt
|faint|p1a: Kommo-o
|
|win|SFC Canis Maior 3
|player|p1
|player|p2
|l|SFC Canis Maior 3
|l|Durazno
|l|W@mr
|j|SFC Canis Maior 3</script>
</div>
<div class="battle-log battle-log-inline"><div class="inner"><div class="battle-options"></div><div class="inner"><div class="chat"><small>W@mr joined.</small></div><div class="chat"><small>SFC Canis Maior 3 joined.</small></div><div class=""><small>Format:</small> <br><strong>RU</strong></div><div class=""><small><em>Cláusula-Mod de Dormir:</em> solo puedes dormir a uno de tus oponentes a la vez.</small></div><div class=""><small><em>Cláusula de Especie:</em> Hasta un Pokémon de cada especie</small></div><div class=""><small><em>Cláusula de Golpe Fulminante:</em> los movimientos fulminantes (OHKO) estan prohibidos</small></div><div class=""><small><em>Cláusula de Moody:</em> la habilidad Moody está prohibida</small></div><div class=""><small><em>Cláusula de Movimientos Evasivos:</em> los movimientos de evasion estan prohibidos</small></div><div class=""><small><em>Cláusula de Batallas Eternas:</em> forzar batallas eternas está prohibido</small></div><div class=""><small><em>Cláusula de Relevo:</em> se prohibe más de 1 Pokémon con Relevo, o transferir Velocidad junto a otros stats</small></div><div class="chat battle-history"><strong>W@mr's team:</strong> <em style="color:#445566;display:block;">Bruxish / Galvantula / Donphan / Kommo-o / Doublade / Honchkrow</em></div><div class="chat battle-history"><strong>SFC Canis Maior 3's team:</strong> <em style="color:#445566;display:block;">Umbreon / Nidoqueen / Mantine / Doublade / Heracross / Salazzle</em></div><div class="chat"><small>Durazno joined.</small></div><div class="spacer battle-history"><br></div><div class="battle-history">Battle started between W@mr and SFC Canis Maior 3!<br></div><div class="spacer battle-history"><br></div><div class="battle-history">Go! <strong>Galvantula</strong>!<br></div><div class="spacer battle-history"><br></div><div class="battle-history">SFC Canis Maior 3 sent out <strong>Umbreon</strong>!<br></div><div class="spacer battle-history"><br></div><h2 class="battle-history">Turn 1</h2><div class="spacer battle-history"><br></div><div class="battle-history">Galvantula used <strong>Sticky Web</strong>!<br></div><div class="battle-history"><small>A sticky web spreads out on the ground around the opposing team!</small><br></div><div class="spacer battle-history"><br></div><div class="battle-history">The opposing Umbreon used <strong>Wish</strong>!<br></div><div class="spacer battle-history"><br></div><h2 class="battle-history">Turn 2</h2><div class="spacer battle-history"><br></div><div class="battle-history">Galvantula used <strong>Bug Buzz</strong>!<br></div><div class="battle-history"><small>It's super effective!</small><br></div><div class="battle-history"><small>(The opposing Umbreon lost <abbr title="−198/394">50.3%</abbr> of its health!)</small><br></div><div class="battle-history"><small>Galvantula lost some of its HP!</small><br></div><div class="spacer battle-history"><br></div><div class="battle-history">The opposing Umbreon used <strong>Foul Play</strong>!<br></div><div class="battle-history"><small>A critical hit!</small><br></div><div class="battle-history"><small>(Galvantula lost <abbr title="−151/281">53.7%</abbr> of its health!)</small><br></div><div class="spacer battle-history"><br></div><div class="battle-history"><small>Umbreon's wish came true!</small><br></div><div class="battle-history"><small>The opposing Umbreon restored a little HP using its Leftovers!</small><br></div><div class="spacer battle-history"><br></div><h2 class="battle-history">Turn 3</h2><div class="spacer battle-history"><br></div><div class="battle-history">Galvantula used <strong>Bug Buzz</strong>!<br></div><div class="battle-history"><small>It's super effective!</small><br></div><div class="battle-history"><small>(The opposing Umbreon lost <abbr title="−195/394">49.5%</abbr> of its health!)</small><br></div><div class="battle-history"><small>Galvantula lost some of its HP!</small><br></div><div class="spacer battle-history"><br></div><div class="battle-history">The opposing Umbreon used <strong>Wish</strong>!<br></div><div class="spacer battle-history"><br></div><div class="battle-history"><small>The opposing Umbreon restored a little HP using its Leftovers!</small><br></div><div class="spacer battle-history"><br></div><h2 class="battle-history">Turn 4</h2><div class="chat"><small>diobel64 joined.</small></div><div class="spacer battle-history"><br></div><div class="battle-history">Galvantula used <strong>Bug Buzz</strong>!<br></div><div class="battle-history"><small>It's super effective!</small><br></div><div class="battle-history"><small>(The opposing Umbreon lost <abbr title="−211/394">53.6%</abbr> of its health!)</small><br></div><div class="battle-history"><small>Galvantula lost some of its HP!</small><br></div><div class="spacer battle-history"><br></div><div class="battle-history">The opposing Umbreon used <strong>Foul Play</strong>!<br></div><div class="battle-history"><small>A critical hit!</small><br></div><div class="battle-history"><small>(Galvantula lost <abbr title="−46/281">16.4%</abbr> of its health!)</small><br></div><div class="spacer battle-history"><br></div><div class="battle-history">Galvantula fainted!<br></div><div class="spacer battle-history"><br></div><div class="battle-history"><small>Umbreon's wish came true!</small><br></div><div class="battle-history"><small>The opposing Umbreon restored a little HP using its Leftovers!</small><br></div><div class="spacer battle-history"><br></div><div class="battle-history">Go! <strong>Kommo-o</strong>!<br></div><div class="spacer battle-history"><br></div><h2 class="battle-history">Turn 5</h2><div class="spacer battle-history"><br></div><div class="battle-history">SFC Canis Maior 3 withdrew Umbreon!<br></div><div class="battle-history">SFC Canis Maior 3 sent out <strong>Mantine</strong>!<br></div><div class="spacer battle-history"><br></div><div class="battle-history">Kommo-o used <strong>Focus Blast</strong>!<br></div><div class="battle-history"><small>It's not very effective...</small><br></div><div class="battle-history"><small>(The opposing Mantine lost <abbr title="−108/374">28.9%</abbr> of its health!)</small><br></div><div class="spacer battle-history"><br></div><div class="battle-history"><small>The opposing Mantine restored a little HP using its Leftovers!</small><br></div><div class="spacer battle-history"><br></div><h2 class="battle-history">Turn 6</h2><div class="chat chatmessage-diobel64"><strong style="color:hsl(271,58%,55.70285982780686%)"><small> </small><span class="username" data-name="diobel64">diobel64</span>:</strong> <em>llego el lechero</em></div><div class="spacer battle-history"><br></div><div class="battle-history">Kommo-o, come back!<br></div><div class="battle-history">Go! <strong>Bruxish</strong>!<br></div><div class="spacer battle-history"><br></div><div class="battle-history">The opposing Mantine used <strong>Defog</strong>!<br></div><div class="battle-history"><small>Bruxish's evasiveness fell!</small><br></div><div class="battle-history"><small>The sticky web has disappeared from the ground around the opposing team!</small><br></div><div class="spacer battle-history"><br></div><div class="battle-history"><small>The opposing Mantine restored a little HP using its Leftovers!</small><br></div><div class="spacer battle-history"><br></div><h2 class="battle-history">Turn 7</h2><div class="spacer battle-history"><br></div><div class="battle-history">SFC Canis Maior 3 withdrew Mantine!<br></div><div class="battle-history">SFC Canis Maior 3 sent out <strong>Doublade</strong>!<br></div><div class="spacer battle-history"><br></div><div class="battle-history">Bruxish used <strong>Swords Dance</strong>!<br></div><div class="battle-history"><small>Bruxish's Attack rose sharply!</small><br></div><div class="spacer battle-history"><br></div><h2 class="battle-history">Turn 8</h2><div class="chat"><small>diobel64 left.</small></div><div class="spacer battle-history"><br></div><div class="battle-history">Bruxish used <strong>Crunch</strong>!<br></div><div class="battle-history"><small>It's super effective!</small><br></div><div class="battle-history"><small>(The opposing Doublade lost <abbr title="−299/322">92.9%</abbr> of its health!)</small><br></div><div class="battle-history"><small>Bruxish lost some of its HP!</small><br></div><div class="spacer battle-history"><br></div><div class="battle-history">The opposing Doublade used <strong>Shadow Claw</strong>!<br></div><div class="battle-history"><small>It's super effective!</small><br></div><div class="battle-history"><small>(Bruxish lost <abbr title="−250/277">90.3%</abbr> of its health!)</small><br></div><div class="spacer battle-history"><br></div><div class="battle-history">Bruxish fainted!<br></div><div class="spacer battle-history"><br></div><div class="battle-history">Go! <strong>Donphan</strong>!<br></div><div class="spacer battle-history"><br></div><h2 class="battle-history">Turn 9</h2><div class="chat chatmessage-durazno"><strong style="color:hsl(348,67%,48.418331543393606%)"><small>%</small><span class="username" data-name="Durazno">Durazno</span>:</strong> <em>dmg</em></div><div class="spacer battle-history"><br></div><div class="battle-history">Donphan used <strong>Stealth Rock</strong>!<br></div><div class="battle-history"><small>Pointed stones float in the air around the opposing team!</small><br></div><div class="spacer battle-history"><br></div><div class="battle-history">The opposing Doublade used <strong>Iron Head</strong>!<br></div><div class="battle-history"><small>(Donphan lost <abbr title="−121/368">32.9%</abbr> of its health!)</small><br></div><div class="spacer battle-history"><br></div><div class="battle-history"><small>Donphan restored a little HP using its Leftovers!</small><br></div><div class="spacer battle-history"><br></div><h2 class="battle-history">Turn 10</h2><div class="spacer battle-history"><br></div><div class="battle-history">The opposing Doublade used <strong>Shadow Sneak</strong>!<br></div><div class="battle-history"><small>(Donphan lost <abbr title="−51/368">13.9%</abbr> of its health!)</small><br></div><div class="spacer battle-history"><br></div><div class="battle-history">Donphan used <strong>Knock Off</strong>!<br></div><div class="battle-history"><small>It's super effective!</small><br></div><div class="battle-history"><small>(The opposing Doublade lost <abbr title="−23/322">7.1%</abbr> of its health!)</small><br></div><div class="battle-history"><small>Donphan knocked off the opposing Doublade's Eviolite!</small><br></div><div class="spacer battle-history"><br></div><div class="battle-history">The opposing Doublade fainted!<br></div><div class="spacer battle-history"><br></div><div class="battle-history"><small>Donphan restored a little HP using its Leftovers!</small><br></div><div class="spacer battle-history"><br></div><div class="battle-history">SFC Canis Maior 3 sent out <strong>Mantine</strong>!<br></div><div class="battle-history"><small>Pointed stones dug into the opposing Mantine!</small><br></div><div class="spacer battle-history"><br></div><h2 class="battle-history">Turn 11</h2><div class="chat chatmessage-wmr"><strong style="color:hsl(8,44%,45.279143835225604%)"><small>☆</small><span class="username" data-name="W@mr">W@mr</span>:</strong> <em>de hecho</em></div><div class="chat chatmessage-wmr"><strong style="color:hsl(8,44%,45.279143835225604%)"><small>☆</small><span class="username" data-name="W@mr">W@mr</span>:</strong> <em>fue min</em></div><div class="chat chatmessage-wmr"><strong style="color:hsl(8,44%,45.279143835225604%)"><small>☆</small><span class="username" data-name="W@mr">W@mr</span>:</strong> <em>xD</em></div><div class="spacer battle-history"><br></div><div class="battle-history">Donphan used <strong>Knock Off</strong>!<br></div><div class="battle-history"><small>(The opposing Mantine lost <abbr title="−109/374">29.1%</abbr> of its health!)</small><br></div><div class="battle-history"><small>Donphan knocked off the opposing Mantine's Leftovers!</small><br></div><div class="spacer battle-history"><br></div><div class="battle-history">The opposing Mantine used <strong>Defog</strong>!<br></div><div class="battle-history"><small>Donphan's evasiveness fell!</small><br></div><div class="battle-history"><small>The pointed stones disappeared from around the opposing team!</small><br></div><div class="spacer battle-history"><br></div><div class="battle-history"><small>Donphan restored a little HP using its Leftovers!</small><br></div><div class="spacer battle-history"><br></div><h2 class="battle-history">Turn 12</h2><div class="spacer battle-history"><br></div><div class="battle-history">Donphan used <strong>Stealth Rock</strong>!<br></div><div class="battle-history"><small>Pointed stones float in the air around the opposing team!</small><br></div><div class="spacer battle-history"><br></div><div class="battle-history">The opposing Mantine used <strong>Roost</strong>!<br></div><div class="battle-history"><small>The opposing Mantine restored its HP.</small><br></div><div class="spacer battle-history"><br></div><div class="battle-history"><small>Donphan restored a little HP using its Leftovers!</small><br></div><div class="spacer battle-history"><br></div><h2 class="battle-history">Turn 13</h2><div class="spacer battle-history"><br></div><div class="battle-history">Donphan, come back!<br></div><div class="battle-history">Go! <strong>Honchkrow</strong>!<br></div><div class="spacer battle-history"><br></div><div class="battle-history">The opposing Mantine used <strong>Toxic</strong>!<br></div><div class="battle-history"><small>Honchkrow was badly poisoned!</small><br></div><div class="spacer battle-history"><br></div><div class="battle-history"><small>Honchkrow was hurt by poison!</small><br></div><div class="spacer battle-history"><br></div><h2 class="battle-history">Turn 14</h2><div class="chat chatmessage-durazno"><strong style="color:hsl(348,67%,48.418331543393606%)"><small>%</small><span class="username" data-name="Durazno">Durazno</span>:</strong> <em>Lo se :v</em></div><div class="spacer battle-history"><br></div><div class="battle-history"><small>Honchkrow surrounded itself with its Z-Power!</small><br></div><div class="spacer battle-history"><br></div><div class="battle-history">Honchkrow used <strong>Z-Mirror Move</strong>!<br></div><div class="battle-history"><small>Honchkrow boosted its Attack sharply using its Z-Power!</small><br></div><div class="spacer battle-history"><br></div><div class="battle-history">Honchkrow used <strong>Toxic</strong>!<br></div><div class="battle-history"><small>The opposing Mantine was badly poisoned!</small><br></div><div class="spacer battle-history"><br></div><div class="battle-history">The opposing Mantine used <strong>Defog</strong>!<br></div><div class="battle-history"><small>Honchkrow's evasiveness fell!</small><br></div><div class="battle-history"><small>The pointed stones disappeared from around the opposing team!</small><br></div><div class="spacer battle-history"><br></div><div class="battle-history"><small>Honchkrow was hurt by poison!</small><br></div><div class="battle-history"><small>The opposing Mantine was hurt by poison!</small><br></div><div class="spacer battle-history"><br></div><h2 class="battle-history">Turn 15</h2><div class="chat chatmessage-durazno"><strong style="color:hsl(348,67%,48.418331543393606%)"><small>%</small><span class="username" data-name="Durazno">Durazno</span>:</strong> <em>Conozco muy bien ru</em></div><div class="spacer battle-history"><br></div><div class="battle-history">SFC Canis Maior 3 withdrew Mantine!<br></div><div class="battle-history">SFC Canis Maior 3 sent out <strong>Heracross</strong>!<br></div><div class="spacer battle-history"><br></div><div class="battle-history">Honchkrow used <strong>Brave Bird</strong>!<br></div><div class="battle-history"><small>It's super effective!</small><br></div><div class="battle-history"><small>(The opposing Heracross lost <abbr title="−301/301">100%</abbr> of its health!)</small><br></div><div class="battle-history"><small>Honchkrow is damaged by the recoil!</small><br></div><div class="spacer battle-history"><br></div><div class="battle-history">The opposing Heracross fainted!<br></div><div class="battle-history"><small>[Honchkrow's Moxie]</small><br></div><div class="battle-history"><small>Honchkrow's Attack rose!</small><br></div><div class="spacer battle-history"><br></div><div class="battle-history"><small>Honchkrow was hurt by poison!</small><br></div><div class="chat chatmessage-durazno"><strong style="color:hsl(348,67%,48.418331543393606%)"><small>%</small><span class="username" data-name="Durazno">Durazno</span>:</strong> <em>y ese pez es mortal</em></div><div class="spacer battle-history"><br></div><div class="battle-history">SFC Canis Maior 3 sent out <strong>Salazzle</strong>!<br></div><div class="spacer battle-history"><br></div><h2 class="battle-history">Turn 16</h2><div class="spacer battle-history"><br></div><div class="battle-history">The opposing Salazzle used <strong>Sludge Wave</strong>!<br></div><div class="battle-history"><small>(Honchkrow lost <abbr title="−116/341">34.0%</abbr> of its health!)</small><br></div><div class="spacer battle-history"><br></div><div class="battle-history">Honchkrow fainted!<br></div><div class="spacer battle-history"><br></div><div class="battle-history">Go! <strong>Donphan</strong>!<br></div><div class="spacer battle-history"><br></div><h2 class="battle-history">Turn 17</h2><div class="spacer battle-history"><br></div><div class="battle-history">SFC Canis Maior 3 withdrew Salazzle!<br></div><div class="battle-history">SFC Canis Maior 3 sent out <strong>Mantine</strong>!<br></div><div class="spacer battle-history"><br></div><div class="battle-history">Donphan used <strong>Stealth Rock</strong>!<br></div><div class="battle-history"><small>Pointed stones float in the air around the opposing team!</small><br></div><div class="spacer battle-history"><br></div><div class="battle-history"><small>Donphan restored a little HP using its Leftovers!</small><br></div><div class="battle-history"><small>The opposing Mantine was hurt by poison!</small><br></div><div class="spacer battle-history"><br></div><h2 class="battle-history">Turn 18</h2><div class="spacer battle-history"><br></div><div class="battle-history">Donphan, come back!<br></div><div class="battle-history">Go! <strong>Kommo-o</strong>!<br></div><div class="spacer battle-history"><br></div><div class="battle-history">The opposing Mantine used <strong>Defog</strong>!<br></div><div class="battle-history"><small>Kommo-o's evasiveness fell!</small><br></div><div class="battle-history"><small>The pointed stones disappeared from around the opposing team!</small><br></div><div class="spacer battle-history"><br></div><div class="battle-history"><small>The opposing Mantine was hurt by poison!</small><br></div><div class="spacer battle-history"><br></div><h2 class="battle-history">Turn 19</h2><div class="spacer battle-history"><br></div><div class="battle-history">Kommo-o used <strong>Clanging Scales</strong>!<br></div><div class="battle-history"><small>(The opposing Mantine lost <abbr title="−198/374">52.9%</abbr> of its health!)</small><br></div><div class="battle-history"><small>Kommo-o's Defense fell!</small><br></div><div class="spacer battle-history"><br></div><div class="battle-history">The opposing Mantine used <strong>Toxic</strong>!<br></div><div class="battle-history"><small>Kommo-o was badly poisoned!</small><br></div><div class="spacer battle-history"><br></div><div class="battle-history"><small>Kommo-o was hurt by poison!</small><br></div><div class="battle-history"><small>The opposing Mantine was hurt by poison!</small><br></div><div class="spacer battle-history"><br></div><div class="battle-history">The opposing Mantine fainted!<br></div><div class="spacer battle-history"><br></div><div class="battle-history">SFC Canis Maior 3 sent out <strong>Nidoqueen</strong>!<br></div><div class="spacer battle-history"><br></div><h2 class="battle-history">Turn 20</h2><div class="spacer battle-history"><br></div><div class="battle-history">Kommo-o, come back!<br></div><div class="battle-history">Go! <strong>Doublade</strong>!<br></div><div class="spacer battle-history"><br></div><div class="battle-history">The opposing Nidoqueen used <strong>Earth Power</strong>!<br></div><div class="battle-history"><small>It's super effective!</small><br></div><div class="battle-history"><small>(Doublade lost <abbr title="−319/319">100%</abbr> of its health!)</small><br></div><div class="spacer battle-history"><br></div><div class="battle-history">Doublade fainted!<br></div><div class="spacer battle-history"><br></div><div class="battle-history">Go! <strong>Donphan</strong>!<br></div><div class="spacer battle-history"><br></div><h2 class="battle-history">Turn 21</h2><div class="spacer battle-history"><br></div><div class="battle-history">The opposing Nidoqueen used <strong>Earth Power</strong>!<br></div><div class="battle-history"><small>(Donphan lost <abbr title="−311/368">84.5%</abbr> of its health!)</small><br></div><div class="spacer battle-history"><br></div><div class="battle-history">Donphan fainted!<br></div><div class="spacer battle-history"><br></div><div class="battle-history">Go! <strong>Kommo-o</strong>!<br></div><div class="spacer battle-history"><br></div><h2 class="battle-history">Turn 22</h2><div class="spacer battle-history"><br></div><div class="battle-history">Kommo-o used <strong>Clanging Scales</strong>!<br></div><div class="battle-history"><small>(The opposing Nidoqueen lost <abbr title="−310/321">96.6%</abbr> of its health!)</small><br></div><div class="battle-history"><small>Kommo-o's Defense fell!</small><br></div><div class="spacer battle-history"><br></div><div class="battle-history">The opposing Nidoqueen used <strong>Ice Beam</strong>!<br></div><div class="battle-history"><small>It's super effective!</small><br></div><div class="battle-history"><small>(Kommo-o lost <abbr title="−273/291">93.8%</abbr> of its health!)</small><br></div><div class="spacer battle-history"><br></div><div class="battle-history">Kommo-o fainted!<br></div><div class="spacer battle-history"><br></div><div class="battle-history"><strong>SFC Canis Maior 3</strong> won the battle!<br></div><div class="chat"><small>SFC Canis Maior 3 left.</small></div><div class="chat"><small>Durazno left.</small></div><div class="chat"><small>W@mr left.</small></div><div class="chat"><small>SFC Canis Maior 3 joined.</small></div></div><div class="inner-preempt"></div></div></div>
</div>
<script>
let daily = Math.floor(Date.now()/1000/60/60/24);document.write('<script src="https://play.pokemonshowdown.com/js/replay-embed.js?version'+daily+'"></'+'script>');
</script>
