<!DOCTYPE html>
<meta charset="utf-8" />
<!-- version 1 -->
<title>RU replay: j_bolginaski vs. oy mate!</title>
<style>
html,body {font-family:Verdana, sans-serif;font-size:10pt;margin:0;padding:0;}body{padding:12px 0;} .battle-log {font-family:Verdana, sans-serif;font-size:10pt;} .battle-log-inline {border:1px solid #AAAAAA;background:#EEF2F5;color:black;max-width:640px;margin:0 auto 80px;padding-bottom:5px;} .battle-log .inner {padding:4px 8px 0px 8px;} .battle-log .inner-preempt {padding:0 8px 4px 8px;} .battle-log .inner-after {margin-top:0.5em;} .battle-log h2 {margin:0.5em -8px;padding:4px 8px;border:1px solid #AAAAAA;background:#E0E7EA;border-left:0;border-right:0;font-family:Verdana, sans-serif;font-size:13pt;} .battle-log .chat {vertical-align:middle;padding:3px 0 3px 0;font-size:8pt;} .battle-log .chat strong {color:#40576A;} .battle-log .chat em {padding:1px 4px 1px 3px;color:#000000;font-style:normal;} .chat.mine {background:rgba(0,0,0,0.05);margin-left:-8px;margin-right:-8px;padding-left:8px;padding-right:8px;} .spoiler {color:#BBBBBB;background:#BBBBBB;padding:0px 3px;} .spoiler:hover, .spoiler:active, .spoiler-shown {color:#000000;background:#E2E2E2;padding:0px 3px;} .spoiler a {color:#BBBBBB;} .spoiler:hover a, .spoiler:active a, .spoiler-shown a {color:#2288CC;} .chat code, .chat .spoiler:hover code, .chat .spoiler:active code, .chat .spoiler-shown code {border:1px solid #C0C0C0;background:#EEEEEE;color:black;padding:0 2px;} .chat .spoiler code {border:1px solid #CCCCCC;background:#CCCCCC;color:#CCCCCC;} .battle-log .rated {padding:3px 4px;} .battle-log .rated strong {color:white;background:#89A;padding:1px 4px;border-radius:4px;} .spacer {margin-top:0.5em;} .message-announce {background:#6688AA;color:white;padding:1px 4px 2px;} .message-announce a, .broadcast-green a, .broadcast-blue a, .broadcast-red a {color:#DDEEFF;} .broadcast-green {background-color:#559955;color:white;padding:2px 4px;} .broadcast-blue {background-color:#6688AA;color:white;padding:2px 4px;} .infobox {border:1px solid #6688AA;padding:2px 4px;} .infobox-limited {max-height:200px;overflow:auto;overflow-x:hidden;} .broadcast-red {background-color:#AA5544;color:white;padding:2px 4px;} .message-learn-canlearn {font-weight:bold;color:#228822;text-decoration:underline;} .message-learn-cannotlearn {font-weight:bold;color:#CC2222;text-decoration:underline;} .message-effect-weak {font-weight:bold;color:#CC2222;} .message-effect-resist {font-weight:bold;color:#6688AA;} .message-effect-immune {font-weight:bold;color:#666666;} .message-learn-list {margin-top:0;margin-bottom:0;} .message-throttle-notice, .message-error {color:#992222;} .message-overflow, .chat small.message-overflow {font-size:0pt;} .message-overflow::before {font-size:9pt;content:'...';} .subtle {color:#3A4A66;}
</style>
<div class="wrapper replay-wrapper" style="max-width:1180px;margin:0 auto">
<input type="hidden" name="replayid" value="ru-495481761" />
<div class="battle"></div><div class="battle-log"></div><div class="replay-controls"></div><div class="replay-controls-2"></div>
<h1 style="font-weight:normal;text-align:center"><strong>RU</strong><br /><a href="http://pokemonshowdown.com/users/jbolginaski" class="subtle" target="_blank">j_bolginaski</a> vs. <a href="http://pokemonshowdown.com/users/oymate" class="subtle" target="_blank">oy mate!</a></h1>
<script type="text/plain" class="battle-log-data">|j|j_bolginaski
|j|oy mate!
|player|p1|j_bolginaski|238
|player|p2|oy mate!|129
|gametype|singles
|gen|6
|tier|RU
|rated
|seed|41271,25752,22099,31729
|rule|Sleep Clause Mod: Limit one foe put to sleep
|rule|Species Clause: Limit one of each Pokémon
|rule|OHKO Clause: OHKO moves are banned
|rule|Moody Clause: Moody is banned
|rule|Evasion Moves Clause: Evasion moves are banned
|rule|Endless Battle Clause: Forcing endless battles is banned
|rule|HP Percentage Mod: HP is shown in percentages
|clearpoke
|poke|p1|Omastar, F|item
|poke|p1|Virizion|item
|poke|p1|Xatu, M|item
|poke|p1|Exploud, F|item
|poke|p1|Druddigon, F|item
|poke|p1|Glaceon, M|item
|poke|p2|Magneton|item
|poke|p2|Glalie, F|item
|poke|p2|Slowking, M|item
|poke|p2|Braviary, M|item
|poke|p2|Scrafty, F|item
|poke|p2|Granbull, M|item
|rule|Swagger Clause: Swagger is banned
|rule|Baton Pass Clause: Limit one Baton Passer, can't pass Spe and other stats simultaneously
|teampreview
|choice|team 1, team 2, team 3, team 4, team 5, team 6|team 1, team 2, team 3, team 4, team 5, team 6
|
|start
|switch|p1a: Omastar|Omastar, F|343\/343
|switch|p2a: Magneton|Magneton|241\/241
|turn|1
|choice|move stealthrock|move voltswitch
|
|move|p2a: Magneton|Volt Switch|p1a: Omastar
|-supereffective|p1a: Omastar
|-damage|p1a: Omastar|55\/343
|choice||switch 5
|
|switch|p2a: Scrafty|Scrafty, F|333\/333
|-ability|p2a: Scrafty|Intimidate|boost
|-unboost|p1a: Omastar|atk|1
|move|p1a: Omastar|Stealth Rock|p2a: Scrafty
|-sidestart|p2: oy mate!|move: Stealth Rock
|
|-heal|p1a: Omastar|76\/343|[from] item: Leftovers
|upkeep
|turn|2
|choice|move spikes|move drainpunch
|
|move|p1a: Omastar|Spikes|p2a: Scrafty
|-sidestart|p2: oy mate!|Spikes
|move|p2a: Scrafty|Drain Punch|p1a: Omastar
|-supereffective|p1a: Omastar
|-damage|p1a: Omastar|0 fnt
|faint|p1a: Omastar
|
|upkeep
|choice|switch 2|
|
|switch|p1a: Virizion|Virizion|323\/323
|turn|3
|choice|move sacredsword|switch 6
|
|switch|p2a: Granbull|Granbull, M|383\/383
|-damage|p2a: Granbull|336\/383|[from] Spikes
|-damage|p2a: Granbull|289\/383|[from] Stealth Rock
|-ability|p2a: Granbull|Intimidate|boost
|-unboost|p1a: Virizion|atk|1
|-enditem|p1a: Virizion|White Herb
|-clearnegativeboost|p1a: Virizion|[silent]
|move|p1a: Virizion|Sacred Sword|p2a: Granbull
|-resisted|p2a: Granbull
|-damage|p2a: Granbull|212\/383
|
|-heal|p2a: Granbull|235\/383|[from] item: Leftovers
|upkeep
|turn|4
|choice|move reflect|move thunderwave
|
|move|p1a: Virizion|Reflect|p1a: Virizion
|-sidestart|p1: j_bolginaski|Reflect
|move|p2a: Granbull|Thunder Wave|p1a: Virizion
|-status|p1a: Virizion|par
|
|-heal|p2a: Granbull|258\/383|[from] item: Leftovers
|upkeep
|turn|5
|choice|move gigadrain|move playrough
|
|move|p2a: Granbull|Play Rough|p1a: Virizion
|-supereffective|p1a: Virizion
|-damage|p1a: Virizion|80\/323 par
|move|p1a: Virizion|Giga Drain|p2a: Granbull
|-damage|p2a: Granbull|140\/383
|-heal|p1a: Virizion|139\/323 par|[from] drain|[of] p2a: Granbull
|
|-heal|p2a: Granbull|163\/383|[from] item: Leftovers
|upkeep
|turn|6
|choice|move gigadrain|move playrough
|
|move|p2a: Granbull|Play Rough|p1a: Virizion
|-supereffective|p1a: Virizion
|-damage|p1a: Virizion|0 fnt
|faint|p1a: Virizion
|
|-heal|p2a: Granbull|186\/383|[from] item: Leftovers
|upkeep
|choice|switch 4|
|
|switch|p1a: Exploud|Exploud, F|387\/387
|turn|7
|choice|move boomburst|move thunderwave
|
|move|p1a: Exploud|Boomburst|p2a: Granbull
|-damage|p2a: Granbull|0 fnt
|faint|p2a: Granbull
|
|upkeep
|choice||switch 5
|
|switch|p2a: Magneton|Magneton|241\/241
|-damage|p2a: Magneton|211\/241|[from] Spikes
|-damage|p2a: Magneton|196\/241|[from] Stealth Rock
|turn|8
|choice|move fireblast|move voltswitch
|
|move|p2a: Magneton|Volt Switch|p1a: Exploud
|-damage|p1a: Exploud|288\/387
|choice||switch 3
|
|switch|p2a: Slowking|Slowking, M|393\/393
|-damage|p2a: Slowking|344\/393|[from] Stealth Rock
|-damage|p2a: Slowking|295\/393|[from] Spikes
|move|p1a: Exploud|Fire Blast|p2a: Slowking
|-resisted|p2a: Slowking
|-damage|p2a: Slowking|247\/393
|
|-sideend|p1: j_bolginaski|Reflect
|upkeep
|turn|9
|choice|move shadowball|switch 3
|
|switch|p2a: Magneton|Magneton|196\/241
|-damage|p2a: Magneton|166\/241|[from] Spikes
|-damage|p2a: Magneton|151\/241|[from] Stealth Rock
|move|p1a: Exploud|Shadow Ball|p2a: Magneton
|-damage|p2a: Magneton|32\/241
|
|upkeep
|turn|10
|choice|move boomburst|move thunderbolt
|
|move|p2a: Magneton|Thunderbolt|p1a: Exploud
|-damage|p1a: Exploud|155\/387
|move|p1a: Exploud|Boomburst|p2a: Magneton
|-resisted|p2a: Magneton
|-damage|p2a: Magneton|0 fnt
|faint|p2a: Magneton
|
|upkeep
|choice||switch 2
|
|switch|p2a: Glalie|Glalie, F|301\/301
|-damage|p2a: Glalie|226\/301|[from] Stealth Rock
|-damage|p2a: Glalie|189\/301|[from] Spikes
|turn|11
|choice|move fireblast|move return mega
|
|detailschange|p2a: Glalie|Glalie-Mega, F
|-mega|p2a: Glalie|Glalie|Glalitite
|move|p2a: Glalie|Return|p1a: Exploud
|-damage|p1a: Exploud|0 fnt
|faint|p1a: Exploud
|
|upkeep
|choice|switch 6|
|
|switch|p1a: Glaceon|Glaceon, M|291\/291
|turn|12
|choice|move barrier|switch 3
|
|switch|p2a: Slowking|Slowking, M|378\/393
|-damage|p2a: Slowking|329\/393|[from] Spikes
|-damage|p2a: Slowking|280\/393|[from] Stealth Rock
|move|p1a: Glaceon|Barrier|p1a: Glaceon
|-boost|p1a: Glaceon|def|2
|
|upkeep
|turn|13
|choice|move blizzard|move fireblast
|
|move|p1a: Glaceon|Blizzard|p2a: Slowking
|-resisted|p2a: Slowking
|-damage|p2a: Slowking|198\/393
|move|p2a: Slowking|Fire Blast|p1a: Glaceon|[miss]
|-miss|p2a: Slowking|p1a: Glaceon
|
|upkeep
|turn|14
|choice|move batonpass|move fireblast
|
|move|p1a: Glaceon|Baton Pass|p1a: Glaceon
|choice|switch 3|
|
|switch|p1a: Xatu|Xatu, M|306\/306
|move|p2a: Slowking|Fire Blast|p1a: Xatu|[miss]
|-miss|p2a: Slowking|p1a: Xatu
|
|upkeep
|turn|15
|choice|move calmmind|switch 6
|
|switch|p2a: Scrafty|Scrafty, F|333\/333
|-damage|p2a: Scrafty|292\/333|[from] Spikes
|-damage|p2a: Scrafty|272\/333|[from] Stealth Rock
|-ability|p2a: Scrafty|Intimidate|boost
|-unboost|p1a: Xatu|atk|1
|move|p1a: Xatu|Calm Mind|p1a: Xatu
|-boost|p1a: Xatu|spa|1
|-boost|p1a: Xatu|spd|1
|
|-heal|p2a: Scrafty|292\/333|[from] item: Leftovers
|upkeep
|turn|16
|choice|move airslash|move fakeout
|
|move|p2a: Scrafty|Fake Out|p1a: Xatu
|-damage|p1a: Xatu|292\/306
|cant|p1a: Xatu|flinch
|
|-heal|p1a: Xatu|306\/306|[from] item: Leftovers
|-heal|p2a: Scrafty|312\/333|[from] item: Leftovers
|upkeep
|turn|17
|choice|move airslash|move knockoff
|
|move|p1a: Xatu|Air Slash|p2a: Scrafty|[miss]
|-miss|p1a: Xatu|p2a: Scrafty
|move|p2a: Scrafty|Knock Off|p1a: Xatu
|-supereffective|p1a: Xatu
|-damage|p1a: Xatu|204\/306
|-enditem|p1a: Xatu|Leftovers|[from] move: Knock Off|[of] p2a: Scrafty
|
|-heal|p2a: Scrafty|332\/333|[from] item: Leftovers
|upkeep
|turn|18
|choice|move airslash|move superfang
|
|move|p1a: Xatu|Air Slash|p2a: Scrafty
|-supereffective|p2a: Scrafty
|-crit|p2a: Scrafty
|-damage|p2a: Scrafty|68\/333
|cant|p2a: Scrafty|flinch
|
|-heal|p2a: Scrafty|88\/333|[from] item: Leftovers
|upkeep
|turn|19
|choice|move airslash|switch 6
|
|switch|p2a: Slowking|Slowking, M|329\/393
|-damage|p2a: Slowking|280\/393|[from] Stealth Rock
|-damage|p2a: Slowking|231\/393|[from] Spikes
|move|p1a: Xatu|Air Slash|p2a: Slowking
|-damage|p2a: Slowking|110\/393
|
|upkeep
|turn|20
|choice|move airslash|switch 6
|
|switch|p2a: Scrafty|Scrafty, F|88\/333
|-damage|p2a: Scrafty|47\/333|[from] Spikes
|-damage|p2a: Scrafty|27\/333|[from] Stealth Rock
|-ability|p2a: Scrafty|Intimidate|boost
|-unboost|p1a: Xatu|atk|1
|move|p1a: Xatu|Air Slash|p2a: Scrafty
|-supereffective|p2a: Scrafty
|-damage|p2a: Scrafty|0 fnt
|faint|p2a: Scrafty
|
|upkeep
|choice||switch 3
|
|switch|p2a: Glalie|Glalie-Mega, F|189\/301
|-damage|p2a: Glalie|114\/301|[from] Stealth Rock
|-damage|p2a: Glalie|77\/301|[from] Spikes
|turn|21
|choice|move psyshock|move return
|
|move|p2a: Glalie|Return|p1a: Xatu
|-supereffective|p1a: Xatu
|-damage|p1a: Xatu|0 fnt
|faint|p1a: Xatu
|
|upkeep
|choice|switch 3|
|
|switch|p1a: Glaceon|Glaceon, M|291\/291
|turn|22
|choice|move barrier|move earthquake
|
|move|p2a: Glalie|Earthquake|p1a: Glaceon
|-damage|p1a: Glaceon|190\/291
|move|p1a: Glaceon|Barrier|p1a: Glaceon
|-boost|p1a: Glaceon|def|2
|
|-heal|p1a: Glaceon|208\/291|[from] item: Leftovers
|upkeep
|turn|23
|choice|move blizzard|move freezedry
|
|move|p2a: Glalie|Freeze-Dry|p1a: Glaceon
|-resisted|p1a: Glaceon
|-damage|p1a: Glaceon|167\/291
|move|p1a: Glaceon|Blizzard|p2a: Glalie
|-resisted|p2a: Glalie
|-damage|p2a: Glalie|0 fnt
|faint|p2a: Glalie
|
|-heal|p1a: Glaceon|185\/291|[from] item: Leftovers
|upkeep
|choice||switch 6
|
|switch|p2a: Slowking|Slowking, M|241\/393
|-damage|p2a: Slowking|192\/393|[from] Spikes
|-damage|p2a: Slowking|143\/393|[from] Stealth Rock
|turn|24
|choice|move blizzard|move icebeam
|
|move|p1a: Glaceon|Blizzard|p2a: Slowking|[miss]
|-miss|p1a: Glaceon|p2a: Slowking
|move|p2a: Slowking|Ice Beam|p1a: Glaceon
|-resisted|p1a: Glaceon
|-damage|p1a: Glaceon|116\/291
|
|-heal|p1a: Glaceon|134\/291|[from] item: Leftovers
|upkeep
|turn|25
|choice|move blizzard|move icebeam
|
|move|p1a: Glaceon|Blizzard|p2a: Slowking
|-resisted|p2a: Slowking
|-damage|p2a: Slowking|64\/393
|move|p2a: Slowking|Ice Beam|p1a: Glaceon
|-resisted|p1a: Glaceon
|-damage|p1a: Glaceon|68\/291
|
|-heal|p1a: Glaceon|86\/291|[from] item: Leftovers
|upkeep
|turn|26
|choice|move blizzard|move icebeam
|
|move|p1a: Glaceon|Blizzard|p2a: Slowking
|-resisted|p2a: Slowking
|-damage|p2a: Slowking|0 fnt
|faint|p2a: Slowking
|
|-heal|p1a: Glaceon|104\/291|[from] item: Leftovers
|upkeep
|choice||switch 4
|
|switch|p2a: Braviary|Braviary, M|341\/341
|-damage|p2a: Braviary|256\/341|[from] Stealth Rock
|turn|27
|choice|move blizzard|move rockslide
|
|move|p2a: Braviary|Rock Slide|p1a: Glaceon
|-supereffective|p1a: Glaceon
|-damage|p1a: Glaceon|0 fnt
|faint|p1a: Glaceon
|
|upkeep
|choice|switch 5|
|
|switch|p1a: Druddigon|Druddigon, F|340\/340
|-ability|p1a: Druddigon|Mold Breaker
|turn|28
|c|★oy mate!|gg
|choice|move gunkshot|move rockslide
|
|move|p2a: Braviary|Rock Slide|p1a: Druddigon
|-damage|p1a: Druddigon|176\/340
|move|p1a: Druddigon|Gunk Shot|p2a: Braviary
|-damage|p2a: Braviary|53\/341
|-status|p2a: Braviary|psn
|
|-damage|p2a: Braviary|11\/341 psn|[from] psn
|upkeep
|turn|29
|c|★oy mate!|u win
|choice|move nightslash|move bravebird
|
|move|p2a: Braviary|Brave Bird|p1a: Druddigon
|-damage|p1a: Druddigon|0 fnt
|-damage|p2a: Braviary|0 fnt|[from] recoil|[of] p1a: Druddigon
|faint|p1a: Druddigon
|faint|p2a: Braviary
|
|win|oy mate!
|player|p1
|player|p2
|c|★j_bolginaski|gg
|c|★j_bolginaski|either way
|c|★oy mate!|yeah
|l|j_bolginaski</script>
</div>
<div class="battle-log battle-log-inline"><div class="inner"><div class="battle-options"></div><div class="inner"><div class="chat"><small>j_bolginaski joined.</small></div><div class="chat"><small>oy mate! joined.</small></div><div class=""><small>Format:</small> <br><strong>RU</strong></div><div class="rated"><strong>Rated battle</strong></div><div class=""><small><em>Sleep Clause Mod:</em> Limit one foe put to sleep</small></div><div class=""><small><em>Species Clause:</em> Limit one of each Pokémon</small></div><div class=""><small><em>OHKO Clause:</em> OHKO moves are banned</small></div><div class=""><small><em>Moody Clause:</em> Moody is banned</small></div><div class=""><small><em>Evasion Moves Clause:</em> Evasion moves are banned</small></div><div class=""><small><em>Endless Battle Clause:</em> Forcing endless battles is banned</small></div><div class=""><small><em>HP Percentage Mod:</em> HP is shown in percentages</small></div><div class=""><small><em>Swagger Clause:</em> Swagger is banned</small></div><div class=""><small><em>Baton Pass Clause:</em> Limit one Baton Passer, can't pass Spe and other stats simultaneously</small></div><div class="chat battle-history"><strong>j_bolginaski's team:</strong> <em style="color:#445566;display:block;">Omastar / Virizion / Xatu / Exploud / Druddigon / Glaceon</em></div><div class="chat battle-history"><strong>oy mate!'s team:</strong> <em style="color:#445566;display:block;">Magneton / Glalie / Slowking / Braviary / Scrafty / Granbull</em></div><div class="spacer battle-history"><br></div><div class="battle-history">Battle started between j_bolginaski and oy mate!!<br></div><div class="spacer battle-history"><br></div><div class="battle-history">Go! <strong>Omastar</strong>!<br></div><div class="spacer battle-history"><br></div><div class="battle-history">oy mate! sent out <strong>Magneton</strong>!<br></div><div class="spacer battle-history"><br></div><h2 class="battle-history">Turn 1</h2><div class="spacer battle-history"><br></div><div class="battle-history">The opposing Magneton used <strong>Volt Switch</strong>!<br></div><div class="battle-history"><small>It's super effective!</small><br></div><div class="battle-history"><small>(Omastar lost <abbr title="−288/343">84.0%</abbr> of its health!)</small><br></div><div class="spacer battle-history"><br></div><div class="battle-history">The opposing Magneton went back to oy mate!!<br></div><div class="battle-history">oy mate! sent out <strong>Scrafty</strong>!<br></div><div class="battle-history"><small>[The opposing Scrafty's Intimidate]</small><br></div><div class="battle-history"><small>Omastar's Attack fell!</small><br></div><div class="spacer battle-history"><br></div><div class="battle-history">Omastar used <strong>Stealth Rock</strong>!<br></div><div class="battle-history"><small>Pointed stones float in the air around the opposing team!</small><br></div><div class="spacer battle-history"><br></div><div class="battle-history"><small>Omastar restored a little HP using its Leftovers!</small><br></div><div class="spacer battle-history"><br></div><h2 class="battle-history">Turn 2</h2><div class="spacer battle-history"><br></div><div class="battle-history">Omastar used <strong>Spikes</strong>!<br></div><div class="battle-history"><small>Spikes were scattered on the ground all around the opposing team!</small><br></div><div class="spacer battle-history"><br></div><div class="battle-history">The opposing Scrafty used <strong>Drain Punch</strong>!<br></div><div class="battle-history"><small>It's super effective!</small><br></div><div class="battle-history"><small>(Omastar lost <abbr title="−76/343">22.2%</abbr> of its health!)</small><br></div><div class="spacer battle-history"><br></div><div class="battle-history">Omastar fainted!<br></div><div class="spacer battle-history"><br></div><div class="battle-history">Go! <strong>Virizion</strong>!<br></div><div class="spacer battle-history"><br></div><h2 class="battle-history">Turn 3</h2><div class="spacer battle-history"><br></div><div class="battle-history">oy mate! withdrew Scrafty!<br></div><div class="battle-history">oy mate! sent out <strong>Granbull</strong>!<br></div><div class="battle-history"><small>The opposing Granbull is hurt by the spikes!</small><br></div><div class="battle-history"><small>Pointed stones dug into the opposing Granbull!</small><br></div><div class="battle-history"><small>[The opposing Granbull's Intimidate]</small><br></div><div class="battle-history"><small>Virizion's Attack fell!</small><br></div><div class="battle-history"><small>Virizion returned its status to normal using its White Herb!</small><br></div><div class="spacer battle-history"><br></div><div class="battle-history">Virizion used <strong>Sacred Sword</strong>!<br></div><div class="battle-history"><small>It's not very effective...</small><br></div><div class="battle-history"><small>(The opposing Granbull lost <abbr title="−77/383">20.1%</abbr> of its health!)</small><br></div><div class="spacer battle-history"><br></div><div class="battle-history"><small>The opposing Granbull restored a little HP using its Leftovers!</small><br></div><div class="spacer battle-history"><br></div><h2 class="battle-history">Turn 4</h2><div class="spacer battle-history"><br></div><div class="battle-history">Virizion used <strong>Reflect</strong>!<br></div><div class="battle-history"><small>Reflect made your team stronger against physical moves!</small><br></div><div class="spacer battle-history"><br></div><div class="battle-history">The opposing Granbull used <strong>Thunder Wave</strong>!<br></div><div class="battle-history"><small>Virizion is paralyzed! It may be unable to move!</small><br></div><div class="spacer battle-history"><br></div><div class="battle-history"><small>The opposing Granbull restored a little HP using its Leftovers!</small><br></div><div class="spacer battle-history"><br></div><h2 class="battle-history">Turn 5</h2><div class="spacer battle-history"><br></div><div class="battle-history">The opposing Granbull used <strong>Play Rough</strong>!<br></div><div class="battle-history"><small>It's super effective!</small><br></div><div class="battle-history"><small>(Virizion lost <abbr title="−243/323">75.2%</abbr> of its health!)</small><br></div><div class="spacer battle-history"><br></div><div class="battle-history">Virizion used <strong>Giga Drain</strong>!<br></div><div class="battle-history"><small>(The opposing Granbull lost <abbr title="−118/383">30.8%</abbr> of its health!)</small><br></div><div class="battle-history"><small>The opposing Granbull had its energy drained!</small><br></div><div class="spacer battle-history"><br></div><div class="battle-history"><small>The opposing Granbull restored a little HP using its Leftovers!</small><br></div><div class="spacer battle-history"><br></div><h2 class="battle-history">Turn 6</h2><div class="spacer battle-history"><br></div><div class="battle-history">The opposing Granbull used <strong>Play Rough</strong>!<br></div><div class="battle-history"><small>It's super effective!</small><br></div><div class="battle-history"><small>(Virizion lost <abbr title="−139/323">43.0%</abbr> of its health!)</small><br></div><div class="spacer battle-history"><br></div><div class="battle-history">Virizion fainted!<br></div><div class="spacer battle-history"><br></div><div class="battle-history"><small>The opposing Granbull restored a little HP using its Leftovers!</small><br></div><div class="spacer battle-history"><br></div><div class="battle-history">Go! <strong>Exploud</strong>!<br></div><div class="spacer battle-history"><br></div><h2 class="battle-history">Turn 7</h2><div class="spacer battle-history"><br></div><div class="battle-history">Exploud used <strong>Boomburst</strong>!<br></div><div class="battle-history"><small>(The opposing Granbull lost <abbr title="−186/383">48.6%</abbr> of its health!)</small><br></div><div class="spacer battle-history"><br></div><div class="battle-history">The opposing Granbull fainted!<br></div><div class="spacer battle-history"><br></div><div class="battle-history">oy mate! sent out <strong>Magneton</strong>!<br></div><div class="battle-history"><small>The opposing Magneton is hurt by the spikes!</small><br></div><div class="battle-history"><small>Pointed stones dug into the opposing Magneton!</small><br></div><div class="spacer battle-history"><br></div><h2 class="battle-history">Turn 8</h2><div class="spacer battle-history"><br></div><div class="battle-history">The opposing Magneton used <strong>Volt Switch</strong>!<br></div><div class="battle-history"><small>(Exploud lost <abbr title="−99/387">25.6%</abbr> of its health!)</small><br></div><div class="spacer battle-history"><br></div><div class="battle-history">The opposing Magneton went back to oy mate!!<br></div><div class="battle-history">oy mate! sent out <strong>Slowking</strong>!<br></div><div class="battle-history"><small>Pointed stones dug into the opposing Slowking!</small><br></div><div class="battle-history"><small>The opposing Slowking is hurt by the spikes!</small><br></div><div class="spacer battle-history"><br></div><div class="battle-history">Exploud used <strong>Fire Blast</strong>!<br></div><div class="battle-history"><small>It's not very effective...</small><br></div><div class="battle-history"><small>(The opposing Slowking lost <abbr title="−48/393">12.2%</abbr> of its health!)</small><br></div><div class="spacer battle-history"><br></div><div class="battle-history"><small>Your team's Reflect wore off!</small><br></div><div class="spacer battle-history"><br></div><h2 class="battle-history">Turn 9</h2><div class="spacer battle-history"><br></div><div class="battle-history">oy mate! withdrew Slowking!<br></div><div class="battle-history">oy mate! sent out <strong>Magneton</strong>!<br></div><div class="battle-history"><small>The opposing Magneton is hurt by the spikes!</small><br></div><div class="battle-history"><small>Pointed stones dug into the opposing Magneton!</small><br></div><div class="spacer battle-history"><br></div><div class="battle-history">Exploud used <strong>Shadow Ball</strong>!<br></div><div class="battle-history"><small>(The opposing Magneton lost <abbr title="−119/241">49.4%</abbr> of its health!)</small><br></div><div class="spacer battle-history"><br></div><h2 class="battle-history">Turn 10</h2><div class="spacer battle-history"><br></div><div class="battle-history">The opposing Magneton used <strong>Thunderbolt</strong>!<br></div><div class="battle-history"><small>(Exploud lost <abbr title="−133/387">34.4%</abbr> of its health!)</small><br></div><div class="spacer battle-history"><br></div><div class="battle-history">Exploud used <strong>Boomburst</strong>!<br></div><div class="battle-history"><small>It's not very effective...</small><br></div><div class="battle-history"><small>(The opposing Magneton lost <abbr title="−32/241">13.3%</abbr> of its health!)</small><br></div><div class="spacer battle-history"><br></div><div class="battle-history">The opposing Magneton fainted!<br></div><div class="spacer battle-history"><br></div><div class="battle-history">oy mate! sent out <strong>Glalie</strong>!<br></div><div class="battle-history"><small>Pointed stones dug into the opposing Glalie!</small><br></div><div class="battle-history"><small>The opposing Glalie is hurt by the spikes!</small><br></div><div class="spacer battle-history"><br></div><h2 class="battle-history">Turn 11</h2><div class="spacer battle-history"><br></div><div class="battle-history"><small>The opposing Glalie's Glalitite is reacting to oy mate!'s Mega Bracelet!</small><br>The opposing Glalie has Mega Evolved into Mega Glalie!<br></div><div class="spacer battle-history"><br></div><div class="battle-history">The opposing Glalie used <strong>Return</strong>!<br></div><div class="battle-history"><small>(Exploud lost <abbr title="−155/387">40.1%</abbr> of its health!)</small><br></div><div class="spacer battle-history"><br></div><div class="battle-history">Exploud fainted!<br></div><div class="spacer battle-history"><br></div><div class="battle-history">Go! <strong>Glaceon</strong>!<br></div><div class="spacer battle-history"><br></div><h2 class="battle-history">Turn 12</h2><div class="spacer battle-history"><br></div><div class="battle-history">oy mate! withdrew Glalie!<br></div><div class="battle-history">oy mate! sent out <strong>Slowking</strong>!<br></div><div class="battle-history"><small>The opposing Slowking is hurt by the spikes!</small><br></div><div class="battle-history"><small>Pointed stones dug into the opposing Slowking!</small><br></div><div class="spacer battle-history"><br></div><div class="battle-history">Glaceon used <strong>Barrier</strong>!<br></div><div class="battle-history"><small>Glaceon's Defense rose sharply!</small><br></div><div class="spacer battle-history"><br></div><h2 class="battle-history">Turn 13</h2><div class="spacer battle-history"><br></div><div class="battle-history">Glaceon used <strong>Blizzard</strong>!<br></div><div class="battle-history"><small>It's not very effective...</small><br></div><div class="battle-history"><small>(The opposing Slowking lost <abbr title="−82/393">20.9%</abbr> of its health!)</small><br></div><div class="spacer battle-history"><br></div><div class="battle-history">The opposing Slowking used <strong>Fire Blast</strong>!<br></div><div class="battle-history"><small>Glaceon avoided the attack!</small><br></div><div class="spacer battle-history"><br></div><h2 class="battle-history">Turn 14</h2><div class="spacer battle-history"><br></div><div class="battle-history">Glaceon used <strong>Baton Pass</strong>!<br></div><div class="spacer battle-history"><br></div><div class="battle-history">Go! <strong>Xatu</strong>!<br></div><div class="spacer battle-history"><br></div><div class="battle-history">The opposing Slowking used <strong>Fire Blast</strong>!<br></div><div class="battle-history"><small>Xatu avoided the attack!</small><br></div><div class="spacer battle-history"><br></div><h2 class="battle-history">Turn 15</h2><div class="spacer battle-history"><br></div><div class="battle-history">oy mate! withdrew Slowking!<br></div><div class="battle-history">oy mate! sent out <strong>Scrafty</strong>!<br></div><div class="battle-history"><small>The opposing Scrafty is hurt by the spikes!</small><br></div><div class="battle-history"><small>Pointed stones dug into the opposing Scrafty!</small><br></div><div class="battle-history"><small>[The opposing Scrafty's Intimidate]</small><br></div><div class="battle-history"><small>Xatu's Attack fell!</small><br></div><div class="spacer battle-history"><br></div><div class="battle-history">Xatu used <strong>Calm Mind</strong>!<br></div><div class="battle-history"><small>Xatu's Special Attack rose!</small><br></div><div class="battle-history"><small>Xatu's Special Defense rose!</small><br></div><div class="spacer battle-history"><br></div><div class="battle-history"><small>The opposing Scrafty restored a little HP using its Leftovers!</small><br></div><div class="spacer battle-history"><br></div><h2 class="battle-history">Turn 16</h2><div class="spacer battle-history"><br></div><div class="battle-history">The opposing Scrafty used <strong>Fake Out</strong>!<br></div><div class="battle-history"><small>(Xatu lost <abbr title="−14/306">4.6%</abbr> of its health!)</small><br></div><div class="spacer battle-history"><br></div><div class="battle-history">Xatu flinched and couldn't move!<br></div><div class="spacer battle-history"><br></div><div class="battle-history"><small>Xatu restored a little HP using its Leftovers!</small><br></div><div class="battle-history"><small>The opposing Scrafty restored a little HP using its Leftovers!</small><br></div><div class="spacer battle-history"><br></div><h2 class="battle-history">Turn 17</h2><div class="spacer battle-history"><br></div><div class="battle-history">Xatu used <strong>Air Slash</strong>!<br></div><div class="battle-history"><small>The opposing Scrafty avoided the attack!</small><br></div><div class="spacer battle-history"><br></div><div class="battle-history">The opposing Scrafty used <strong>Knock Off</strong>!<br></div><div class="battle-history"><small>It's super effective!</small><br></div><div class="battle-history"><small>(Xatu lost <abbr title="−102/306">33.3%</abbr> of its health!)</small><br></div><div class="battle-history"><small>The opposing Scrafty knocked off Xatu's Leftovers!</small><br></div><div class="spacer battle-history"><br></div><div class="battle-history"><small>The opposing Scrafty restored a little HP using its Leftovers!</small><br></div><div class="spacer battle-history"><br></div><h2 class="battle-history">Turn 18</h2><div class="spacer battle-history"><br></div><div class="battle-history">Xatu used <strong>Air Slash</strong>!<br></div><div class="battle-history"><small>It's super effective!</small><br></div><div class="battle-history"><small>A critical hit!</small><br></div><div class="battle-history"><small>(The opposing Scrafty lost <abbr title="−264/333">79.3%</abbr> of its health!)</small><br></div><div class="spacer battle-history"><br></div><div class="battle-history">The opposing Scrafty flinched and couldn't move!<br></div><div class="spacer battle-history"><br></div><div class="battle-history"><small>The opposing Scrafty restored a little HP using its Leftovers!</small><br></div><div class="spacer battle-history"><br></div><h2 class="battle-history">Turn 19</h2><div class="spacer battle-history"><br></div><div class="battle-history">oy mate! withdrew Scrafty!<br></div><div class="battle-history">oy mate! sent out <strong>Slowking</strong>!<br></div><div class="battle-history"><small>Pointed stones dug into the opposing Slowking!</small><br></div><div class="battle-history"><small>The opposing Slowking is hurt by the spikes!</small><br></div><div class="spacer battle-history"><br></div><div class="battle-history">Xatu used <strong>Air Slash</strong>!<br></div><div class="battle-history"><small>(The opposing Slowking lost <abbr title="−121/393">30.8%</abbr> of its health!)</small><br></div><div class="spacer battle-history"><br></div><h2 class="battle-history">Turn 20</h2><div class="spacer battle-history"><br></div><div class="battle-history">oy mate! withdrew Slowking!<br></div><div class="battle-history">oy mate! sent out <strong>Scrafty</strong>!<br></div><div class="battle-history"><small>The opposing Scrafty is hurt by the spikes!</small><br></div><div class="battle-history"><small>Pointed stones dug into the opposing Scrafty!</small><br></div><div class="battle-history"><small>[The opposing Scrafty's Intimidate]</small><br></div><div class="battle-history"><small>Xatu's Attack fell!</small><br></div><div class="spacer battle-history"><br></div><div class="battle-history">Xatu used <strong>Air Slash</strong>!<br></div><div class="battle-history"><small>It's super effective!</small><br></div><div class="battle-history"><small>(The opposing Scrafty lost <abbr title="−27/333">8.1%</abbr> of its health!)</small><br></div><div class="spacer battle-history"><br></div><div class="battle-history">The opposing Scrafty fainted!<br></div><div class="spacer battle-history"><br></div><div class="battle-history">oy mate! sent out Glalie (<strong>Glalie-Mega</strong>)!<br></div><div class="battle-history"><small>Pointed stones dug into the opposing Glalie!</small><br></div><div class="battle-history"><small>The opposing Glalie is hurt by the spikes!</small><br></div><div class="spacer battle-history"><br></div><h2 class="battle-history">Turn 21</h2><div class="spacer battle-history"><br></div><div class="battle-history">The opposing Glalie used <strong>Return</strong>!<br></div><div class="battle-history"><small>It's super effective!</small><br></div><div class="battle-history"><small>(Xatu lost <abbr title="−204/306">66.7%</abbr> of its health!)</small><br></div><div class="spacer battle-history"><br></div><div class="battle-history">Xatu fainted!<br></div><div class="spacer battle-history"><br></div><div class="battle-history">Go! <strong>Glaceon</strong>!<br></div><div class="spacer battle-history"><br></div><h2 class="battle-history">Turn 22</h2><div class="spacer battle-history"><br></div><div class="battle-history">The opposing Glalie used <strong>Earthquake</strong>!<br></div><div class="battle-history"><small>(Glaceon lost <abbr title="−101/291">34.7%</abbr> of its health!)</small><br></div><div class="spacer battle-history"><br></div><div class="battle-history">Glaceon used <strong>Barrier</strong>!<br></div><div class="battle-history"><small>Glaceon's Defense rose sharply!</small><br></div><div class="spacer battle-history"><br></div><div class="battle-history"><small>Glaceon restored a little HP using its Leftovers!</small><br></div><div class="spacer battle-history"><br></div><h2 class="battle-history">Turn 23</h2><div class="spacer battle-history"><br></div><div class="battle-history">The opposing Glalie used <strong>Freeze-Dry</strong>!<br></div><div class="battle-history"><small>It's not very effective...</small><br></div><div class="battle-history"><small>(Glaceon lost <abbr title="−41/291">14.1%</abbr> of its health!)</small><br></div><div class="spacer battle-history"><br></div><div class="battle-history">Glaceon used <strong>Blizzard</strong>!<br></div><div class="battle-history"><small>It's not very effective...</small><br></div><div class="battle-history"><small>(The opposing Glalie lost <abbr title="−77/301">25.6%</abbr> of its health!)</small><br></div><div class="spacer battle-history"><br></div><div class="battle-history">The opposing Glalie fainted!<br></div><div class="spacer battle-history"><br></div><div class="battle-history"><small>Glaceon restored a little HP using its Leftovers!</small><br></div><div class="spacer battle-history"><br></div><div class="battle-history">oy mate! sent out <strong>Slowking</strong>!<br></div><div class="battle-history"><small>The opposing Slowking is hurt by the spikes!</small><br></div><div class="battle-history"><small>Pointed stones dug into the opposing Slowking!</small><br></div><div class="spacer battle-history"><br></div><h2 class="battle-history">Turn 24</h2><div class="spacer battle-history"><br></div><div class="battle-history">Glaceon used <strong>Blizzard</strong>!<br></div><div class="battle-history"><small>The opposing Slowking avoided the attack!</small><br></div><div class="spacer battle-history"><br></div><div class="battle-history">The opposing Slowking used <strong>Ice Beam</strong>!<br></div><div class="battle-history"><small>It's not very effective...</small><br></div><div class="battle-history"><small>(Glaceon lost <abbr title="−69/291">23.7%</abbr> of its health!)</small><br></div><div class="spacer battle-history"><br></div><div class="battle-history"><small>Glaceon restored a little HP using its Leftovers!</small><br></div><div class="spacer battle-history"><br></div><h2 class="battle-history">Turn 25</h2><div class="spacer battle-history"><br></div><div class="battle-history">Glaceon used <strong>Blizzard</strong>!<br></div><div class="battle-history"><small>It's not very effective...</small><br></div><div class="battle-history"><small>(The opposing Slowking lost <abbr title="−79/393">20.1%</abbr> of its health!)</small><br></div><div class="spacer battle-history"><br></div><div class="battle-history">The opposing Slowking used <strong>Ice Beam</strong>!<br></div><div class="battle-history"><small>It's not very effective...</small><br></div><div class="battle-history"><small>(Glaceon lost <abbr title="−66/291">22.7%</abbr> of its health!)</small><br></div><div class="spacer battle-history"><br></div><div class="battle-history"><small>Glaceon restored a little HP using its Leftovers!</small><br></div><div class="spacer battle-history"><br></div><h2 class="battle-history">Turn 26</h2><div class="spacer battle-history"><br></div><div class="battle-history">Glaceon used <strong>Blizzard</strong>!<br></div><div class="battle-history"><small>It's not very effective...</small><br></div><div class="battle-history"><small>(The opposing Slowking lost <abbr title="−64/393">16.3%</abbr> of its health!)</small><br></div><div class="spacer battle-history"><br></div><div class="battle-history">The opposing Slowking fainted!<br></div><div class="spacer battle-history"><br></div><div class="battle-history"><small>Glaceon restored a little HP using its Leftovers!</small><br></div><div class="spacer battle-history"><br></div><div class="battle-history">oy mate! sent out <strong>Braviary</strong>!<br></div><div class="battle-history"><small>Pointed stones dug into the opposing Braviary!</small><br></div><div class="spacer battle-history"><br></div><h2 class="battle-history">Turn 27</h2><div class="spacer battle-history"><br></div><div class="battle-history">The opposing Braviary used <strong>Rock Slide</strong>!<br></div><div class="battle-history"><small>It's super effective!</small><br></div><div class="battle-history"><small>(Glaceon lost <abbr title="−104/291">35.7%</abbr> of its health!)</small><br></div><div class="spacer battle-history"><br></div><div class="battle-history">Glaceon fainted!<br></div><div class="spacer battle-history"><br></div><div class="battle-history">Go! <strong>Druddigon</strong>!<br></div><div class="battle-history"><small>[Druddigon's Mold Breaker]</small><br><small>Druddigon breaks the mold!</small><br></div><div class="spacer battle-history"><br></div><h2 class="battle-history">Turn 28</h2><div class="chat chatmessage-oymate"><strong style="color:hsl(41,55%,40%)"><small>★</small><span class="username" data-name="oy mate!">oy mate!</span>:</strong> <em>gg</em></div><div class="spacer battle-history"><br></div><div class="battle-history">The opposing Braviary used <strong>Rock Slide</strong>!<br></div><div class="battle-history"><small>(Druddigon lost <abbr title="−164/340">48.2%</abbr> of its health!)</small><br></div><div class="spacer battle-history"><br></div><div class="battle-history">Druddigon used <strong>Gunk Shot</strong>!<br></div><div class="battle-history"><small>(The opposing Braviary lost <abbr title="−203/341">59.5%</abbr> of its health!)</small><br></div><div class="battle-history"><small>The opposing Braviary was poisoned!</small><br></div><div class="spacer battle-history"><br></div><div class="battle-history"><small>The opposing Braviary was hurt by poison!</small><br></div><div class="spacer battle-history"><br></div><h2 class="battle-history">Turn 29</h2><div class="chat chatmessage-oymate"><strong style="color:hsl(41,55%,40%)"><small>★</small><span class="username" data-name="oy mate!">oy mate!</span>:</strong> <em>u win</em></div><div class="spacer battle-history"><br></div><div class="battle-history">The opposing Braviary used <strong>Brave Bird</strong>!<br></div><div class="battle-history"><small>(Druddigon lost <abbr title="−176/340">51.8%</abbr> of its health!)</small><br></div><div class="battle-history"><small>The opposing Braviary is damaged by the recoil!</small><br></div><div class="spacer battle-history"><br></div><div class="battle-history">Druddigon fainted!<br></div><div class="battle-history">The opposing Braviary fainted!<br></div><div class="spacer battle-history"><br></div><div class="battle-history"><strong>oy mate!</strong> won the battle!<br></div><div class="chat chatmessage-jbolginaski"><strong style="color:hsl(292,55%,44.56080365455861%)"><small>★</small><span class="username" data-name="j_bolginaski">j_bolginaski</span>:</strong> <em>gg</em></div><div class="chat chatmessage-jbolginaski"><strong style="color:hsl(292,55%,44.56080365455861%)"><small>★</small><span class="username" data-name="j_bolginaski">j_bolginaski</span>:</strong> <em>either way</em></div><div class="chat chatmessage-oymate"><strong style="color:hsl(41,55%,40%)"><small>★</small><span class="username" data-name="oy mate!">oy mate!</span>:</strong> <em>yeah</em></div><div class="chat"><small>j_bolginaski left.</small></div></div><div class="inner-preempt"></div></div></div>
</div>
<script>
let daily = Math.floor(Date.now()/1000/60/60/24);document.write('<script src="https://play.pokemonshowdown.com/js/replay-embed.js?version'+daily+'"></'+'script>');
</script>
