<!DOCTYPE html>
<meta charset="utf-8" />
<!-- version 1 -->
<title>RU replay: MichaelXD vs. Kushisking</title>
<style>
html,body {font-family:Verdana, sans-serif;font-size:10pt;margin:0;padding:0;}body{padding:12px 0;} .battle-log {font-family:Verdana, sans-serif;font-size:10pt;} .battle-log-inline {border:1px solid #AAAAAA;background:#EEF2F5;color:black;max-width:640px;margin:0 auto 80px;padding-bottom:5px;} .battle-log .inner {padding:4px 8px 0px 8px;} .battle-log .inner-preempt {padding:0 8px 4px 8px;} .battle-log .inner-after {margin-top:0.5em;} .battle-log h2 {margin:0.5em -8px;padding:4px 8px;border:1px solid #AAAAAA;background:#E0E7EA;border-left:0;border-right:0;font-family:Verdana, sans-serif;font-size:13pt;} .battle-log .chat {vertical-align:middle;padding:3px 0 3px 0;font-size:8pt;} .battle-log .chat strong {color:#40576A;} .battle-log .chat em {padding:1px 4px 1px 3px;color:#000000;font-style:normal;} .chat.mine {background:rgba(0,0,0,0.05);margin-left:-8px;margin-right:-8px;padding-left:8px;padding-right:8px;} .spoiler {color:#BBBBBB;background:#BBBBBB;padding:0px 3px;} .spoiler:hover, .spoiler:active, .spoiler-shown {color:#000000;background:#E2E2E2;padding:0px 3px;} .spoiler a {color:#BBBBBB;} .spoiler:hover a, .spoiler:active a, .spoiler-shown a {color:#2288CC;} .chat code, .chat .spoiler:hover code, .chat .spoiler:active code, .chat .spoiler-shown code {border:1px solid #C0C0C0;background:#EEEEEE;color:black;padding:0 2px;} .chat .spoiler code {border:1px solid #CCCCCC;background:#CCCCCC;color:#CCCCCC;} .battle-log .rated {padding:3px 4px;} .battle-log .rated strong {color:white;background:#89A;padding:1px 4px;border-radius:4px;} .spacer {margin-top:0.5em;} .message-announce {background:#6688AA;color:white;padding:1px 4px 2px;} .message-announce a, .broadcast-green a, .broadcast-blue a, .broadcast-red a {color:#DDEEFF;} .broadcast-green {background-color:#559955;color:white;padding:2px 4px;} .broadcast-blue {background-color:#6688AA;color:white;padding:2px 4px;} .infobox {border:1px solid #6688AA;padding:2px 4px;} .infobox-limited {max-height:200px;overflow:auto;overflow-x:hidden;} .broadcast-red {background-color:#AA5544;color:white;padding:2px 4px;} .message-learn-canlearn {font-weight:bold;color:#228822;text-decoration:underline;} .message-learn-cannotlearn {font-weight:bold;color:#CC2222;text-decoration:underline;} .message-effect-weak {font-weight:bold;color:#CC2222;} .message-effect-resist {font-weight:bold;color:#6688AA;} .message-effect-immune {font-weight:bold;color:#666666;} .message-learn-list {margin-top:0;margin-bottom:0;} .message-throttle-notice, .message-error {color:#992222;} .message-overflow, .chat small.message-overflow {font-size:0pt;} .message-overflow::before {font-size:9pt;content:'...';} .subtle {color:#3A4A66;}
</style>
<div class="wrapper replay-wrapper" style="max-width:1180px;margin:0 auto">
<input type="hidden" name="replayid" value="ru-574038438" />
<div class="battle"></div><div class="battle-log"></div><div class="replay-controls"></div><div class="replay-controls-2"></div>
<h1 style="font-weight:normal;text-align:center"><strong>RU</strong><br /><a href="http://pokemonshowdown.com/users/michaelxd" class="subtle" target="_blank">MichaelXD</a> vs. <a href="http://pokemonshowdown.com/users/kushisking" class="subtle" target="_blank">Kushisking</a></h1>
<script type="text/plain" class="battle-log-data">|J|MichaelXD
|j|Kushisking
|player|p1|MichaelXD|5
|player|p2|Kushisking|250
|gametype|singles
|gen|6
|tier|RU
|rated
|seed|46395,41501,5913,44830
|rule|Sleep Clause Mod: Limit one foe put to sleep
|rule|Species Clause: Limit one of each Pokémon
|rule|OHKO Clause: OHKO moves are banned
|rule|Moody Clause: Moody is banned
|rule|Evasion Moves Clause: Evasion moves are banned
|rule|Endless Battle Clause: Forcing endless battles is banned
|rule|HP Percentage Mod: HP is shown in percentages
|clearpoke
|poke|p1|Eevee, M|item
|poke|p1|Cofagrigus, F|item
|poke|p1|Exploud, M|item
|poke|p1|Alomomola, F|item
|poke|p1|Braviary, M|item
|poke|p1|Bronzong|item
|poke|p2|Ambipom, M|item
|poke|p2|Aromatisse, M|item
|poke|p2|Hitmonlee, M|item
|poke|p2|Swellow, F|item
|poke|p2|Alomomola, M|item
|poke|p2|Rhyperior, F|item
|rule|Swagger Clause: Swagger is banned
|rule|Baton Pass Clause: Limit one Baton Passer, can't pass Spe and other stats simultaneously
|teampreview
|choice|team 5, team 2, team 3, team 4, team 1, team 6|team 1, team 2, team 3, team 4, team 5, team 6
|
|start
|switch|p1a: Braviary|Braviary, M|341\/341
|switch|p2a: Ambipom|Ambipom, M|291\/291
|turn|1
|choice|move crushclaw|move icepunch
|
|move|p2a: Ambipom|Ice Punch|p1a: Braviary
|-supereffective|p1a: Braviary
|-damage|p1a: Braviary|84\/341
|-damage|p2a: Ambipom|262\/291|[from] item: Life Orb
|move|p1a: Braviary|Crush Claw|p2a: Ambipom
|-damage|p2a: Ambipom|0 fnt
|faint|p2a: Ambipom
|
|upkeep
|choice||switch 6
|
|switch|p2a: Rhyperior|Rhyperior, F|434\/434
|turn|2
|choice|switch 6|move poweruppunch
|
|switch|p1a: Bronzong|Bronzong|338\/338
|move|p2a: Rhyperior|Power-Up Punch|p1a: Bronzong
|-damage|p1a: Bronzong|302\/338
|-boost|p2a: Rhyperior|atk|1
|
|upkeep
|turn|3
|choice|move stealthrock|move dragontail
|
|move|p1a: Bronzong|Stealth Rock|p2a: Rhyperior
|-sidestart|p2: Kushisking|move: Stealth Rock
|move|p2a: Rhyperior|Dragon Tail|p1a: Bronzong
|-resisted|p1a: Bronzong
|-damage|p1a: Bronzong|264\/338
|drag|p1a: Eevee|Eevee, M|314\/314
|
|upkeep
|turn|4
|choice|switch 2|move poweruppunch
|
|switch|p1a: Cofagrigus|Cofagrigus, F|319\/319
|move|p2a: Rhyperior|Power-Up Punch|p1a: Cofagrigus
|-immune|p1a: Cofagrigus|[msg]
|
|upkeep
|turn|5
|choice|move toxic|move earthquake
|
|move|p2a: Rhyperior|Earthquake|p1a: Cofagrigus
|-damage|p1a: Cofagrigus|154\/319
|move|p1a: Cofagrigus|Toxic|p2a: Rhyperior
|-status|p2a: Rhyperior|tox
|
|-damage|p2a: Rhyperior|407\/434 tox|[from] psn
|upkeep
|turn|6
|choice|switch 6|move dragontail
|
|switch|p1a: Braviary|Braviary, M|84\/341
|move|p2a: Rhyperior|Dragon Tail|p1a: Braviary
|-damage|p1a: Braviary|0 fnt
|faint|p1a: Braviary
|
|-damage|p2a: Rhyperior|353\/434 tox|[from] psn
|upkeep
|choice|switch 2|
|
|switch|p1a: Eevee|Eevee, M|314\/314
|turn|7
|choice|move retaliate|move stoneedge
|
|move|p1a: Eevee|Retaliate|p2a: Rhyperior
|-resisted|p2a: Rhyperior
|-damage|p2a: Rhyperior|282\/434 tox
|-damage|p1a: Eevee|283\/314|[from] item: Life Orb
|move|p2a: Rhyperior|Stone Edge|p1a: Eevee
|-damage|p1a: Eevee|0 fnt
|faint|p1a: Eevee
|
|-damage|p2a: Rhyperior|201\/434 tox|[from] psn
|upkeep
|choice|switch 4|
|
|switch|p1a: Alomomola|Alomomola, F|534\/534
|turn|8
|choice|move brine|move dragontail
|
|move|p1a: Alomomola|Brine|p2a: Rhyperior
|-supereffective|p2a: Rhyperior
|-damage|p2a: Rhyperior|0 fnt
|-damage|p1a: Alomomola|481\/534|[from] item: Life Orb
|faint|p2a: Rhyperior
|
|upkeep
|choice||switch 2
|
|switch|p2a: Aromatisse|Aromatisse, M|406\/406
|-damage|p2a: Aromatisse|356\/406|[from] Stealth Rock
|turn|9
|choice|move raindance|move lightscreen
|
|move|p1a: Alomomola|Rain Dance|p1a: Alomomola
|-weather|RainDance
|move|p2a: Aromatisse|Light Screen|p2a: Aromatisse
|-sidestart|p2: Kushisking|move: Light Screen
|
|-weather|RainDance|[upkeep]
|upkeep
|turn|10
|choice|move surf|move reflect
|
|move|p1a: Alomomola|Surf|p2a: Aromatisse
|-damage|p2a: Aromatisse|289\/406
|-damage|p1a: Alomomola|428\/534|[from] item: Life Orb
|move|p2a: Aromatisse|Reflect|p2a: Aromatisse
|-sidestart|p2: Kushisking|Reflect
|
|-weather|RainDance|[upkeep]
|upkeep
|turn|11
|choice|move surf|move moonblast
|
|move|p1a: Alomomola|Surf|p2a: Aromatisse
|-damage|p2a: Aromatisse|223\/406
|-damage|p1a: Alomomola|375\/534|[from] item: Life Orb
|move|p2a: Aromatisse|Moonblast|p1a: Alomomola
|-damage|p1a: Alomomola|149\/534
|
|-weather|RainDance|[upkeep]
|upkeep
|turn|12
|choice|switch 5|move moonblast
|
|switch|p1a: Bronzong|Bronzong|264\/338
|move|p2a: Aromatisse|Moonblast|p1a: Bronzong
|-resisted|p1a: Bronzong
|-damage|p1a: Bronzong|226\/338
|
|-weather|RainDance|[upkeep]
|upkeep
|turn|13
|choice|move lightscreen|switch 5
|
|switch|p2a: Alomomola|Alomomola, M|534\/534
|-damage|p2a: Alomomola|468\/534|[from] Stealth Rock
|move|p1a: Bronzong|Light Screen|p1a: Bronzong
|-sidestart|p1: MichaelXD|move: Light Screen
|
|-weather|none
|-heal|p2a: Alomomola|501\/534|[from] item: Leftovers
|upkeep
|turn|14
|choice|move reflect|move wish
|
|move|p2a: Alomomola|Wish|p2a: Alomomola
|move|p1a: Bronzong|Reflect|p1a: Bronzong
|-sidestart|p1: MichaelXD|Reflect
|
|-heal|p2a: Alomomola|534\/534|[from] item: Leftovers
|upkeep
|turn|15
|choice|switch 5|switch 3
|
|switch|p2a: Hitmonlee|Hitmonlee, M|241\/241
|-damage|p2a: Hitmonlee|226\/241|[from] Stealth Rock
|switch|p1a: Alomomola|Alomomola, F|327\/534
|
|-heal|p2a: Hitmonlee|241\/241|[from] move: Wish|[wisher] Alomomola
|upkeep
|turn|16
|choice|switch 6|move highjumpkick
|
|switch|p1a: Cofagrigus|Cofagrigus, F|154\/319
|move|p2a: Hitmonlee|High Jump Kick|p1a: Cofagrigus
|-immune|p1a: Cofagrigus|[msg]
|-damage|p2a: Hitmonlee|121\/241|[from] highjumpkick
|
|-sideend|p2: Kushisking|move: Light Screen
|upkeep
|turn|17
|choice|move toxic|move knockoff
|
|move|p2a: Hitmonlee|Knock Off|p1a: Cofagrigus
|-supereffective|p1a: Cofagrigus
|-damage|p1a: Cofagrigus|70\/319
|-activate|p1a: Cofagrigus|ability: Mummy|Unburden|[of] p2a: Hitmonlee
|-enditem|p1a: Cofagrigus|Life Orb|[from] move: Knock Off|[of] p2a: Hitmonlee
|move|p1a: Cofagrigus|Toxic|p2a: Hitmonlee
|-status|p2a: Hitmonlee|tox
|
|-damage|p2a: Hitmonlee|106\/241 tox|[from] psn
|-sideend|p2: Kushisking|Reflect
|upkeep
|-enditem|p2a: Hitmonlee|Sitrus Berry|[eat]
|-heal|p2a: Hitmonlee|166\/241 tox|[from] item: Sitrus Berry
|turn|18
|-message|Kushisking forfeited.
|
|win|MichaelXD
|l|Kushisking
|raw|MichaelXD's rating: 1000 &rarr; <strong>1045<\/strong><br \/>(+45 for winning)
|raw|Kushisking's rating: 1040 &rarr; <strong>1022<\/strong><br \/>(-18 for losing)</script>
</div>
<div class="battle-log battle-log-inline"><div class="inner"><div class="battle-options"></div><div class="inner"><div class="chat"><small>Kushisking joined.</small></div><div class=""><small>Format:</small> <br><strong>RU</strong></div><div class="rated"><strong>Rated battle</strong></div><div class=""><small><em>Sleep Clause Mod:</em> Limit one foe put to sleep</small></div><div class=""><small><em>Species Clause:</em> Limit one of each Pokémon</small></div><div class=""><small><em>OHKO Clause:</em> OHKO moves are banned</small></div><div class=""><small><em>Moody Clause:</em> Moody is banned</small></div><div class=""><small><em>Evasion Moves Clause:</em> Evasion moves are banned</small></div><div class=""><small><em>Endless Battle Clause:</em> Forcing endless battles is banned</small></div><div class=""><small><em>HP Percentage Mod:</em> HP is shown in percentages</small></div><div class=""><small><em>Swagger Clause:</em> Swagger is banned</small></div><div class=""><small><em>Baton Pass Clause:</em> Limit one Baton Passer, can't pass Spe and other stats simultaneously</small></div><div class="chat battle-history"><strong>MichaelXD's team:</strong> <em style="color:#445566;display:block;">Eevee / Cofagrigus / Exploud / Alomomola / Braviary / Bronzong</em></div><div class="chat battle-history"><strong>Kushisking's team:</strong> <em style="color:#445566;display:block;">Ambipom / Aromatisse / Hitmonlee / Swellow / Alomomola / Rhyperior</em></div><div class="spacer battle-history"><br></div><div class="battle-history">Battle started between MichaelXD and Kushisking!<br></div><div class="spacer battle-history"><br></div><div class="battle-history">Go! <strong>Braviary</strong>!<br></div><div class="spacer battle-history"><br></div><div class="battle-history">Kushisking sent out <strong>Ambipom</strong>!<br></div><div class="spacer battle-history"><br></div><h2 class="battle-history">Turn 1</h2><div class="spacer battle-history"><br></div><div class="battle-history">The opposing Ambipom used <strong>Ice Punch</strong>!<br></div><div class="battle-history"><small>It's super effective!</small><br></div><div class="battle-history"><small>(Braviary lost <abbr title="−257/341">75.4%</abbr> of its health!)</small><br></div><div class="battle-history"><small>The opposing Ambipom lost some of its HP!</small><br></div><div class="spacer battle-history"><br></div><div class="battle-history">Braviary used <strong>Crush Claw</strong>!<br></div><div class="battle-history"><small>(The opposing Ambipom lost <abbr title="−262/291">90.0%</abbr> of its health!)</small><br></div><div class="spacer battle-history"><br></div><div class="battle-history">The opposing Ambipom fainted!<br></div><div class="spacer battle-history"><br></div><div class="battle-history">Kushisking sent out <strong>Rhyperior</strong>!<br></div><div class="spacer battle-history"><br></div><h2 class="battle-history">Turn 2</h2><div class="spacer battle-history"><br></div><div class="battle-history">Braviary, come back!<br></div><div class="battle-history">Go! <strong>Bronzong</strong>!<br></div><div class="spacer battle-history"><br></div><div class="battle-history">The opposing Rhyperior used <strong>Power-Up Punch</strong>!<br></div><div class="battle-history"><small>(Bronzong lost <abbr title="−36/338">10.7%</abbr> of its health!)</small><br></div><div class="battle-history"><small>The opposing Rhyperior's Attack rose!</small><br></div><div class="spacer battle-history"><br></div><h2 class="battle-history">Turn 3</h2><div class="spacer battle-history"><br></div><div class="battle-history">Bronzong used <strong>Stealth Rock</strong>!<br></div><div class="battle-history"><small>Pointed stones float in the air around the opposing team!</small><br></div><div class="spacer battle-history"><br></div><div class="battle-history">The opposing Rhyperior used <strong>Dragon Tail</strong>!<br></div><div class="battle-history"><small>It's not very effective...</small><br></div><div class="battle-history"><small>(Bronzong lost <abbr title="−38/338">11.2%</abbr> of its health!)</small><br></div><div class="spacer battle-history"><br></div><div class="battle-history"><strong>Eevee</strong> was dragged out!<br></div><div class="spacer battle-history"><br></div><h2 class="battle-history">Turn 4</h2><div class="spacer battle-history"><br></div><div class="battle-history">Eevee, come back!<br></div><div class="battle-history">Go! <strong>Cofagrigus</strong>!<br></div><div class="spacer battle-history"><br></div><div class="battle-history">The opposing Rhyperior used <strong>Power-Up Punch</strong>!<br></div><div class="battle-history"><small>It doesn't affect Cofagrigus...</small><br></div><div class="spacer battle-history"><br></div><h2 class="battle-history">Turn 5</h2><div class="spacer battle-history"><br></div><div class="battle-history">The opposing Rhyperior used <strong>Earthquake</strong>!<br></div><div class="battle-history"><small>(Cofagrigus lost <abbr title="−165/319">51.7%</abbr> of its health!)</small><br></div><div class="spacer battle-history"><br></div><div class="battle-history">Cofagrigus used <strong>Toxic</strong>!<br></div><div class="battle-history"><small>The opposing Rhyperior was badly poisoned!</small><br></div><div class="spacer battle-history"><br></div><div class="battle-history"><small>The opposing Rhyperior was hurt by poison!</small><br></div><div class="spacer battle-history"><br></div><h2 class="battle-history">Turn 6</h2><div class="spacer battle-history"><br></div><div class="battle-history">Cofagrigus, come back!<br></div><div class="battle-history">Go! <strong>Braviary</strong>!<br></div><div class="spacer battle-history"><br></div><div class="battle-history">The opposing Rhyperior used <strong>Dragon Tail</strong>!<br></div><div class="battle-history"><small>(Braviary lost <abbr title="−84/341">24.6%</abbr> of its health!)</small><br></div><div class="spacer battle-history"><br></div><div class="battle-history">Braviary fainted!<br></div><div class="spacer battle-history"><br></div><div class="battle-history"><small>The opposing Rhyperior was hurt by poison!</small><br></div><div class="spacer battle-history"><br></div><div class="battle-history">Go! <strong>Eevee</strong>!<br></div><div class="spacer battle-history"><br></div><h2 class="battle-history">Turn 7</h2><div class="spacer battle-history"><br></div><div class="battle-history">Eevee used <strong>Retaliate</strong>!<br></div><div class="battle-history"><small>It's not very effective...</small><br></div><div class="battle-history"><small>(The opposing Rhyperior lost <abbr title="−71/434">16.4%</abbr> of its health!)</small><br></div><div class="battle-history"><small>Eevee lost some of its HP!</small><br></div><div class="spacer battle-history"><br></div><div class="battle-history">The opposing Rhyperior used <strong>Stone Edge</strong>!<br></div><div class="battle-history"><small>(Eevee lost <abbr title="−283/314">90.1%</abbr> of its health!)</small><br></div><div class="spacer battle-history"><br></div><div class="battle-history">Eevee fainted!<br></div><div class="spacer battle-history"><br></div><div class="battle-history"><small>The opposing Rhyperior was hurt by poison!</small><br></div><div class="spacer battle-history"><br></div><div class="battle-history">Go! <strong>Alomomola</strong>!<br></div><div class="spacer battle-history"><br></div><h2 class="battle-history">Turn 8</h2><div class="spacer battle-history"><br></div><div class="battle-history">Alomomola used <strong>Brine</strong>!<br></div><div class="battle-history"><small>It's super effective!</small><br></div><div class="battle-history"><small>(The opposing Rhyperior lost <abbr title="−201/434">46.3%</abbr> of its health!)</small><br></div><div class="battle-history"><small>Alomomola lost some of its HP!</small><br></div><div class="spacer battle-history"><br></div><div class="battle-history">The opposing Rhyperior fainted!<br></div><div class="spacer battle-history"><br></div><div class="battle-history">Kushisking sent out <strong>Aromatisse</strong>!<br></div><div class="battle-history"><small>Pointed stones dug into the opposing Aromatisse!</small><br></div><div class="spacer battle-history"><br></div><h2 class="battle-history">Turn 9</h2><div class="spacer battle-history"><br></div><div class="battle-history">Alomomola used <strong>Rain Dance</strong>!<br></div><div class="battle-history"><small>It started to rain!</small><br></div><div class="spacer battle-history"><br></div><div class="battle-history">The opposing Aromatisse used <strong>Light Screen</strong>!<br></div><div class="battle-history"><small>Light Screen made the opposing team stronger against special moves!</small><br></div><div class="spacer battle-history"><br></div><div class="battle-history"><small>(Rain continues to fall!)</small><br></div><div class="spacer battle-history"><br></div><h2 class="battle-history">Turn 10</h2><div class="spacer battle-history"><br></div><div class="battle-history">Alomomola used <strong>Surf</strong>!<br></div><div class="battle-history"><small>(The opposing Aromatisse lost <abbr title="−67/406">16.5%</abbr> of its health!)</small><br></div><div class="battle-history"><small>Alomomola lost some of its HP!</small><br></div><div class="spacer battle-history"><br></div><div class="battle-history">The opposing Aromatisse used <strong>Reflect</strong>!<br></div><div class="battle-history"><small>Reflect made the opposing team stronger against physical moves!</small><br></div><div class="spacer battle-history"><br></div><div class="battle-history"><small>(Rain continues to fall!)</small><br></div><div class="spacer battle-history"><br></div><h2 class="battle-history">Turn 11</h2><div class="spacer battle-history"><br></div><div class="battle-history">Alomomola used <strong>Surf</strong>!<br></div><div class="battle-history"><small>(The opposing Aromatisse lost <abbr title="−66/406">16.3%</abbr> of its health!)</small><br></div><div class="battle-history"><small>Alomomola lost some of its HP!</small><br></div><div class="spacer battle-history"><br></div><div class="battle-history">The opposing Aromatisse used <strong>Moonblast</strong>!<br></div><div class="battle-history"><small>(Alomomola lost <abbr title="−226/534">42.3%</abbr> of its health!)</small><br></div><div class="spacer battle-history"><br></div><div class="battle-history"><small>(Rain continues to fall!)</small><br></div><div class="spacer battle-history"><br></div><h2 class="battle-history">Turn 12</h2><div class="spacer battle-history"><br></div><div class="battle-history">Alomomola, come back!<br></div><div class="battle-history">Go! <strong>Bronzong</strong>!<br></div><div class="spacer battle-history"><br></div><div class="battle-history">The opposing Aromatisse used <strong>Moonblast</strong>!<br></div><div class="battle-history"><small>It's not very effective...</small><br></div><div class="battle-history"><small>(Bronzong lost <abbr title="−38/338">11.2%</abbr> of its health!)</small><br></div><div class="spacer battle-history"><br></div><div class="battle-history"><small>(Rain continues to fall!)</small><br></div><div class="spacer battle-history"><br></div><h2 class="battle-history">Turn 13</h2><div class="spacer battle-history"><br></div><div class="battle-history">Kushisking withdrew Aromatisse!<br></div><div class="battle-history">Kushisking sent out <strong>Alomomola</strong>!<br></div><div class="battle-history"><small>Pointed stones dug into the opposing Alomomola!</small><br></div><div class="spacer battle-history"><br></div><div class="battle-history">Bronzong used <strong>Light Screen</strong>!<br></div><div class="battle-history"><small>Light Screen made your team stronger against special moves!</small><br></div><div class="spacer battle-history"><br></div><div class="battle-history"><small>The rain stopped.</small><br></div><div class="battle-history"><small>The opposing Alomomola restored a little HP using its Leftovers!</small><br></div><div class="spacer battle-history"><br></div><h2 class="battle-history">Turn 14</h2><div class="spacer battle-history"><br></div><div class="battle-history">The opposing Alomomola used <strong>Wish</strong>!<br></div><div class="spacer battle-history"><br></div><div class="battle-history">Bronzong used <strong>Reflect</strong>!<br></div><div class="battle-history"><small>Reflect made your team stronger against physical moves!</small><br></div><div class="spacer battle-history"><br></div><div class="battle-history"><small>The opposing Alomomola restored a little HP using its Leftovers!</small><br></div><div class="spacer battle-history"><br></div><h2 class="battle-history">Turn 15</h2><div class="spacer battle-history"><br></div><div class="battle-history">Kushisking withdrew Alomomola!<br></div><div class="battle-history">Kushisking sent out <strong>Hitmonlee</strong>!<br></div><div class="battle-history"><small>Pointed stones dug into the opposing Hitmonlee!</small><br></div><div class="spacer battle-history"><br></div><div class="battle-history">Bronzong, come back!<br></div><div class="battle-history">Go! <strong>Alomomola</strong>!<br></div><div class="spacer battle-history"><br></div><div class="battle-history"><small>Alomomola's wish came true!</small><br></div><div class="spacer battle-history"><br></div><h2 class="battle-history">Turn 16</h2><div class="spacer battle-history"><br></div><div class="battle-history">Alomomola, come back!<br></div><div class="battle-history">Go! <strong>Cofagrigus</strong>!<br></div><div class="spacer battle-history"><br></div><div class="battle-history">The opposing Hitmonlee used <strong>High Jump Kick</strong>!<br></div><div class="battle-history"><small>It doesn't affect Cofagrigus...</small><br></div><div class="battle-history"><small>The opposing Hitmonlee kept going and crashed!</small><br></div><div class="spacer battle-history"><br></div><div class="battle-history"><small>The opposing team's Light Screen wore off!</small><br></div><div class="spacer battle-history"><br></div><h2 class="battle-history">Turn 17</h2><div class="spacer battle-history"><br></div><div class="battle-history">The opposing Hitmonlee used <strong>Knock Off</strong>!<br></div><div class="battle-history"><small>It's super effective!</small><br></div><div class="battle-history"><small>(Cofagrigus lost <abbr title="−84/319">26.3%</abbr> of its health!)</small><br></div><div class="battle-history"><small>[Cofagrigus's Mummy]</small><br><small>[The opposing Hitmonlee's Unburden]</small><br><small>[The opposing Hitmonlee's Mummy]</small><br><small>The opposing Hitmonlee's Ability became Mummy!</small><br></div><div class="battle-history"><small>The opposing Hitmonlee knocked off Cofagrigus's Life Orb!</small><br></div><div class="spacer battle-history"><br></div><div class="battle-history">Cofagrigus used <strong>Toxic</strong>!<br></div><div class="battle-history"><small>The opposing Hitmonlee was badly poisoned!</small><br></div><div class="spacer battle-history"><br></div><div class="battle-history"><small>The opposing Hitmonlee was hurt by poison!</small><br></div><div class="battle-history"><small>The opposing team's Reflect wore off!</small><br></div><div class="spacer battle-history"><br></div><div class="battle-history"><small>The opposing Hitmonlee ate its Sitrus Berry!</small><br></div><div class="battle-history"><small>The opposing Hitmonlee restored HP using its Sitrus Berry!</small><br></div><div class="spacer battle-history"><br></div><h2 class="battle-history">Turn 18</h2><div class="spacer battle-history"><br></div><div class="battle-history"><small>Kushisking forfeited.</small><br></div><div class="spacer battle-history"><br></div><div class="battle-history"><strong>MichaelXD</strong> won the battle!<br></div><div class="chat"><small>Kushisking left.</small></div><div class="chat">MichaelXD's rating: 1000 → <strong>1045</strong><br>(+45 for winning)</div><div class="chat">Kushisking's rating: 1040 → <strong>1022</strong><br>(-18 for losing)</div></div><div class="inner-preempt"></div></div></div>
</div>
<script>
let daily = Math.floor(Date.now()/1000/60/60/24);document.write('<script src="https://play.pokemonshowdown.com/js/replay-embed.js?version'+daily+'"></'+'script>');
</script>
