<!DOCTYPE html>
<meta charset="utf-8" />
<!-- version 1 -->
<title>RU replay: Gymlead11b vs. Balland</title>
<style>
html,body {font-family:Verdana, sans-serif;font-size:10pt;margin:0;padding:0;}body{padding:12px 0;} .battle-log {font-family:Verdana, sans-serif;font-size:10pt;} .battle-log-inline {border:1px solid #AAAAAA;background:#EEF2F5;color:black;max-width:640px;margin:0 auto 80px;padding-bottom:5px;} .battle-log .inner {padding:4px 8px 0px 8px;} .battle-log .inner-preempt {padding:0 8px 4px 8px;} .battle-log .inner-after {margin-top:0.5em;} .battle-log h2 {margin:0.5em -8px;padding:4px 8px;border:1px solid #AAAAAA;background:#E0E7EA;border-left:0;border-right:0;font-family:Verdana, sans-serif;font-size:13pt;} .battle-log .chat {vertical-align:middle;padding:3px 0 3px 0;font-size:8pt;} .battle-log .chat strong {color:#40576A;} .battle-log .chat em {padding:1px 4px 1px 3px;color:#000000;font-style:normal;} .chat.mine {background:rgba(0,0,0,0.05);margin-left:-8px;margin-right:-8px;padding-left:8px;padding-right:8px;} .spoiler {color:#BBBBBB;background:#BBBBBB;padding:0px 3px;} .spoiler:hover, .spoiler:active, .spoiler-shown {color:#000000;background:#E2E2E2;padding:0px 3px;} .spoiler a {color:#BBBBBB;} .spoiler:hover a, .spoiler:active a, .spoiler-shown a {color:#2288CC;} .chat code, .chat .spoiler:hover code, .chat .spoiler:active code, .chat .spoiler-shown code {border:1px solid #C0C0C0;background:#EEEEEE;color:black;padding:0 2px;} .chat .spoiler code {border:1px solid #CCCCCC;background:#CCCCCC;color:#CCCCCC;} .battle-log .rated {padding:3px 4px;} .battle-log .rated strong {color:white;background:#89A;padding:1px 4px;border-radius:4px;} .spacer {margin-top:0.5em;} .message-announce {background:#6688AA;color:white;padding:1px 4px 2px;} .message-announce a, .broadcast-green a, .broadcast-blue a, .broadcast-red a {color:#DDEEFF;} .broadcast-green {background-color:#559955;color:white;padding:2px 4px;} .broadcast-blue {background-color:#6688AA;color:white;padding:2px 4px;} .infobox {border:1px solid #6688AA;padding:2px 4px;} .infobox-limited {max-height:200px;overflow:auto;overflow-x:hidden;} .broadcast-red {background-color:#AA5544;color:white;padding:2px 4px;} .message-learn-canlearn {font-weight:bold;color:#228822;text-decoration:underline;} .message-learn-cannotlearn {font-weight:bold;color:#CC2222;text-decoration:underline;} .message-effect-weak {font-weight:bold;color:#CC2222;} .message-effect-resist {font-weight:bold;color:#6688AA;} .message-effect-immune {font-weight:bold;color:#666666;} .message-learn-list {margin-top:0;margin-bottom:0;} .message-throttle-notice, .message-error {color:#992222;} .message-overflow, .chat small.message-overflow {font-size:0pt;} .message-overflow::before {font-size:9pt;content:'...';} .subtle {color:#3A4A66;}
</style>
<div class="wrapper replay-wrapper" style="max-width:1180px;margin:0 auto">
<input type="hidden" name="replayid" value="ru-539359302" />
<div class="battle"></div><div class="battle-log"></div><div class="replay-controls"></div><div class="replay-controls-2"></div>
<h1 style="font-weight:normal;text-align:center"><strong>RU</strong><br /><a href="http://pokemonshowdown.com/users/gymlead11b" class="subtle" target="_blank">Gymlead11b</a> vs. <a href="http://pokemonshowdown.com/users/balland" class="subtle" target="_blank">Balland</a></h1>
<script type="text/plain" class="battle-log-data">|j|Gymlead11b
|j|Balland
|player|p1|Gymlead11b|160
|player|p2|Balland|101
|gametype|singles
|gen|6
|tier|RU
|rated
|seed|14107,57168,37169,6163
|rule|Sleep Clause Mod: Limit one foe put to sleep
|rule|Species Clause: Limit one of each Pokémon
|rule|OHKO Clause: OHKO moves are banned
|rule|Moody Clause: Moody is banned
|rule|Evasion Moves Clause: Evasion moves are banned
|rule|Endless Battle Clause: Forcing endless battles is banned
|rule|HP Percentage Mod: HP is shown in percentages
|clearpoke
|poke|p1|Ambipom, F|item
|poke|p1|Lickilicky, M|item
|poke|p1|Claydol|item
|poke|p1|Exploud, F|item
|poke|p1|Aromatisse, M|item
|poke|p1|Hypno, M|item
|poke|p2|Audino, M, shiny|item
|poke|p2|Registeel, shiny|item
|poke|p2|Exploud, F, shiny|item
|poke|p2|Hoopa|item
|poke|p2|Golurk, shiny|item
|poke|p2|Jellicent, M, shiny|item
|rule|Swagger Clause: Swagger is banned
|rule|Baton Pass Clause: Limit one Baton Passer, can't pass Spe and other stats simultaneously
|teampreview
|choice|team 3, team 2, team 1, team 4, team 5, team 6|team 2, team 1, team 3, team 4, team 5, team 6
|
|start
|switch|p1a: Claydol|Claydol|262\/262
|switch|p2a: Registeel|Registeel, shiny|364\/364
|turn|1
|choice|move earthpower|move curse
|
|move|p1a: Claydol|Earth Power|p2a: Registeel
|-supereffective|p2a: Registeel
|-damage|p2a: Registeel|220\/364
|move|p2a: Registeel|Curse|p2a: Registeel
|-unboost|p2a: Registeel|spe|1
|-boost|p2a: Registeel|atk|1
|-boost|p2a: Registeel|def|1
|
|upkeep
|turn|2
|choice|move earthpower|switch 6
|
|switch|p2a: Jellicent|Jellicent, M, shiny|404\/404
|move|p1a: Claydol|Earth Power|p2a: Jellicent
|-damage|p2a: Jellicent|332\/404
|
|-heal|p2a: Jellicent|357\/404|[from] item: Leftovers
|upkeep
|turn|3
|choice|move shadowball|move willowisp
|
|move|p1a: Claydol|Shadow Ball|p2a: Jellicent
|-supereffective|p2a: Jellicent
|-damage|p2a: Jellicent|267\/404
|move|p2a: Jellicent|Will-O-Wisp|p1a: Claydol
|-status|p1a: Claydol|brn
|
|-heal|p2a: Jellicent|292\/404|[from] item: Leftovers
|-damage|p1a: Claydol|230\/262 brn|[from] brn
|upkeep
|turn|4
|choice|move psychic|move scald
|
|move|p1a: Claydol|Psychic|p2a: Jellicent
|-damage|p2a: Jellicent|210\/404
|move|p2a: Jellicent|Scald|p1a: Claydol
|-supereffective|p1a: Claydol
|-damage|p1a: Claydol|86\/262 brn
|
|-heal|p2a: Jellicent|235\/404|[from] item: Leftovers
|-damage|p1a: Claydol|54\/262 brn|[from] brn
|upkeep
|turn|5
|choice|move psychic|move recover
|
|move|p1a: Claydol|Psychic|p2a: Jellicent
|-damage|p2a: Jellicent|165\/404
|move|p2a: Jellicent|Recover|p2a: Jellicent
|-heal|p2a: Jellicent|367\/404
|
|-heal|p2a: Jellicent|392\/404|[from] item: Leftovers
|-damage|p1a: Claydol|22\/262 brn|[from] brn
|upkeep
|turn|6
|choice|move shadowball|move recover
|
|move|p1a: Claydol|Shadow Ball|p2a: Jellicent
|-supereffective|p2a: Jellicent
|-crit|p2a: Jellicent
|-damage|p2a: Jellicent|252\/404
|move|p2a: Jellicent|Recover|p2a: Jellicent
|-heal|p2a: Jellicent|404\/404
|
|-damage|p1a: Claydol|0 fnt|[from] brn
|upkeep
|faint|p1a: Claydol
|choice|switch 6|
|
|switch|p1a: Hypno|Hypno, M|374\/374
|turn|7
|choice|move toxic|move willowisp
|
|move|p1a: Hypno|Toxic|p2a: Jellicent
|-status|p2a: Jellicent|tox
|move|p2a: Jellicent|Will-O-Wisp|p1a: Hypno
|-status|p1a: Hypno|brn
|
|-damage|p1a: Hypno|328\/374 brn|[from] brn
|-damage|p2a: Jellicent|379\/404 tox|[from] psn
|upkeep
|turn|8
|choice|move foulplay|move hex
|
|move|p1a: Hypno|Foul Play|p2a: Jellicent
|-supereffective|p2a: Jellicent
|-damage|p2a: Jellicent|329\/404 tox
|move|p2a: Jellicent|Hex|p1a: Hypno
|-supereffective|p1a: Hypno
|-damage|p1a: Hypno|152\/374 brn
|
|-heal|p1a: Hypno|175\/374 brn|[from] item: Leftovers
|-heal|p2a: Jellicent|354\/404 tox|[from] item: Leftovers
|-damage|p1a: Hypno|129\/374 brn|[from] brn
|-damage|p2a: Jellicent|304\/404 tox|[from] psn
|upkeep
|turn|9
|choice|move foulplay|move hex
|
|move|p1a: Hypno|Foul Play|p2a: Jellicent
|-supereffective|p2a: Jellicent
|-damage|p2a: Jellicent|253\/404 tox
|move|p2a: Jellicent|Hex|p1a: Hypno
|-supereffective|p1a: Hypno
|-damage|p1a: Hypno|0 fnt
|faint|p1a: Hypno
|
|-heal|p2a: Jellicent|278\/404 tox|[from] item: Leftovers
|-damage|p2a: Jellicent|203\/404 tox|[from] psn
|upkeep
|choice|switch 3|
|
|switch|p1a: Ambipom|Ambipom, F|291\/291
|turn|10
|choice|move knockoff|move willowisp
|
|move|p1a: Ambipom|Knock Off|p2a: Jellicent
|-supereffective|p2a: Jellicent
|-damage|p2a: Jellicent|0 fnt
|-enditem|p2a: Jellicent|Leftovers|[from] move: Knock Off|[of] p1a: Ambipom
|-damage|p1a: Ambipom|262\/291|[from] item: Life Orb
|faint|p2a: Jellicent
|
|upkeep
|choice||switch 2
|
|switch|p2a: Audino|Audino, M, shiny|410\/410
|turn|11
|choice|move return|move toxic
|
|move|p1a: Ambipom|Return|p2a: Audino
|-damage|p2a: Audino|203\/410
|-damage|p1a: Ambipom|233\/291|[from] item: Life Orb
|move|p2a: Audino|Toxic|p1a: Ambipom
|-status|p1a: Ambipom|tox
|
|-damage|p1a: Ambipom|215\/291 tox|[from] psn
|upkeep
|turn|12
|choice|move return|switch 4
|
|switch|p2a: Hoopa|Hoopa|301\/301
|move|p1a: Ambipom|Return|p2a: Hoopa
|-immune|p2a: Hoopa|[msg]
|
|-damage|p1a: Ambipom|179\/291 tox|[from] psn
|upkeep
|turn|13
|choice|move knockoff|move focusblast
|
|move|p2a: Hoopa|Focus Blast|p1a: Ambipom
|-supereffective|p1a: Ambipom
|-damage|p1a: Ambipom|0 fnt
|faint|p1a: Ambipom
|
|upkeep
|choice|switch 2|
|
|switch|p1a: Lickilicky|Lickilicky, M|403\/403
|turn|14
|choice|move knockoff|move focusblast
|
|move|p2a: Hoopa|Focus Blast|p1a: Lickilicky|[miss]
|-miss|p2a: Hoopa|p1a: Lickilicky
|move|p1a: Lickilicky|Knock Off|p2a: Hoopa
|-supereffective|p2a: Hoopa
|-damage|p2a: Hoopa|0 fnt
|-enditem|p2a: Hoopa|Choice Scarf|[from] move: Knock Off|[of] p1a: Lickilicky
|faint|p2a: Hoopa
|
|upkeep
|choice||switch 3
|
|switch|p2a: Exploud|Exploud, F, shiny|350\/350
|turn|15
|choice|move return|move boomburst
|
|move|p2a: Exploud|Boomburst|p1a: Lickilicky
|-damage|p1a: Lickilicky|91\/403
|move|p1a: Lickilicky|Return|p2a: Exploud
|-damage|p2a: Exploud|148\/350
|
|-heal|p1a: Lickilicky|116\/403|[from] item: Leftovers
|upkeep
|turn|16
|choice|move return|move boomburst
|
|move|p2a: Exploud|Boomburst|p1a: Lickilicky
|-crit|p1a: Lickilicky
|-damage|p1a: Lickilicky|0 fnt
|faint|p1a: Lickilicky
|
|upkeep
|choice|switch 5|
|
|switch|p1a: Aromatisse|Aromatisse, M|406\/406
|turn|17
|choice|move moonblast|switch 4
|
|switch|p2a: Audino|Audino, M, shiny|339\/410
|move|p1a: Aromatisse|Moonblast|p2a: Audino
|-damage|p2a: Audino|239\/410
|
|upkeep
|turn|18
|choice|switch 4|move wish
|
|switch|p1a: Exploud|Exploud, F|349\/349
|move|p2a: Audino|Wish|p2a: Audino
|
|upkeep
|turn|19
|choice|move focusblast|move toxic
|
|move|p1a: Exploud|Focus Blast|p2a: Audino
|-supereffective|p2a: Audino
|-damage|p2a: Audino|0 fnt
|faint|p2a: Audino
|
|upkeep
|choice||switch 5
|
|switch|p2a: Golurk|Golurk, shiny|382\/382
|turn|20
|choice|switch 4|move drainpunch
|
|switch|p1a: Aromatisse|Aromatisse, M|406\/406
|move|p2a: Golurk|Drain Punch|p1a: Aromatisse
|-resisted|p1a: Aromatisse
|-damage|p1a: Aromatisse|357\/406
|
|-heal|p1a: Aromatisse|382\/406|[from] item: Leftovers
|upkeep
|turn|21
|choice|move moonblast|move earthquake
|
|move|p2a: Golurk|Earthquake|p1a: Aromatisse
|-damage|p1a: Aromatisse|201\/406
|move|p1a: Aromatisse|Moonblast|p2a: Golurk
|-damage|p2a: Golurk|288\/382
|
|-heal|p1a: Aromatisse|226\/406|[from] item: Leftovers
|upkeep
|turn|22
|choice|move moonblast|move earthquake
|
|move|p2a: Golurk|Earthquake|p1a: Aromatisse
|-damage|p1a: Aromatisse|55\/406
|move|p1a: Aromatisse|Moonblast|p2a: Golurk
|-damage|p2a: Golurk|203\/382
|
|-heal|p1a: Aromatisse|80\/406|[from] item: Leftovers
|upkeep
|turn|23
|choice|move moonblast|move earthquake
|
|move|p2a: Golurk|Earthquake|p1a: Aromatisse
|-damage|p1a: Aromatisse|0 fnt
|faint|p1a: Aromatisse
|
|upkeep
|choice|switch 4|
|
|switch|p1a: Exploud|Exploud, F|349\/349
|turn|24
|choice|move fireblast|move drainpunch
|
|move|p1a: Exploud|Fire Blast|p2a: Golurk
|-damage|p2a: Golurk|72\/382
|move|p2a: Golurk|Drain Punch|p1a: Exploud
|-supereffective|p1a: Exploud
|-damage|p1a: Exploud|13\/349
|-heal|p2a: Golurk|240\/382|[from] drain|[of] p1a: Exploud
|
|upkeep
|turn|25
|choice|move fireblast|move drainpunch
|
|move|p1a: Exploud|Fire Blast|p2a: Golurk
|-damage|p2a: Golurk|115\/382
|move|p2a: Golurk|Drain Punch|p1a: Exploud
|-supereffective|p1a: Exploud
|-damage|p1a: Exploud|0 fnt
|-heal|p2a: Golurk|122\/382|[from] drain|[of] p1a: Exploud
|faint|p1a: Exploud
|
|win|Balland
|player|p1
|player|p2
|raw|Gymlead11b's rating: 1000 &rarr; <strong>1000<\/strong><br \/>(+0 for losing)
|raw|Balland's rating: 1051 &rarr; <strong>1078<\/strong><br \/>(+27 for winning)
|l|Balland</script>
</div>
<div class="battle-log battle-log-inline"><div class="inner"><div class="battle-options"></div><div class="inner"><div class="chat"><small>Gymlead11b joined.</small></div><div class="chat"><small>Balland joined.</small></div><div class=""><small>Format:</small> <br><strong>RU</strong></div><div class="rated"><strong>Rated battle</strong></div><div class=""><small><em>Sleep Clause Mod:</em> Limit one foe put to sleep</small></div><div class=""><small><em>Species Clause:</em> Limit one of each Pokémon</small></div><div class=""><small><em>OHKO Clause:</em> OHKO moves are banned</small></div><div class=""><small><em>Moody Clause:</em> Moody is banned</small></div><div class=""><small><em>Evasion Moves Clause:</em> Evasion moves are banned</small></div><div class=""><small><em>Endless Battle Clause:</em> Forcing endless battles is banned</small></div><div class=""><small><em>HP Percentage Mod:</em> HP is shown in percentages</small></div><div class=""><small><em>Swagger Clause:</em> Swagger is banned</small></div><div class=""><small><em>Baton Pass Clause:</em> Limit one Baton Passer, can't pass Spe and other stats simultaneously</small></div><div class="chat battle-history"><strong>Gymlead11b's team:</strong> <em style="color:#445566;display:block;">Ambipom / Lickilicky / Claydol / Exploud / Aromatisse / Hypno</em></div><div class="chat battle-history"><strong>Balland's team:</strong> <em style="color:#445566;display:block;">Audino / Registeel / Exploud / Hoopa / Golurk / Jellicent</em></div><div class="spacer battle-history"><br></div><div class="battle-history">Battle started between Gymlead11b and Balland!<br></div><div class="spacer battle-history"><br></div><div class="battle-history">Go! <strong>Claydol</strong>!<br></div><div class="spacer battle-history"><br></div><div class="battle-history">Balland sent out <strong>Registeel</strong>!<br></div><div class="spacer battle-history"><br></div><h2 class="battle-history">Turn 1</h2><div class="spacer battle-history"><br></div><div class="battle-history">Claydol used <strong>Earth Power</strong>!<br></div><div class="battle-history"><small>It's super effective!</small><br></div><div class="battle-history"><small>(The opposing Registeel lost <abbr title="−144/364">39.6%</abbr> of its health!)</small><br></div><div class="spacer battle-history"><br></div><div class="battle-history">The opposing Registeel used <strong>Curse</strong>!<br></div><div class="battle-history"><small>The opposing Registeel's Speed fell!</small><br></div><div class="battle-history"><small>The opposing Registeel's Attack rose!</small><br></div><div class="battle-history"><small>The opposing Registeel's Defense rose!</small><br></div><div class="spacer battle-history"><br></div><h2 class="battle-history">Turn 2</h2><div class="spacer battle-history"><br></div><div class="battle-history">Balland withdrew Registeel!<br></div><div class="battle-history">Balland sent out <strong>Jellicent</strong>!<br></div><div class="spacer battle-history"><br></div><div class="battle-history">Claydol used <strong>Earth Power</strong>!<br></div><div class="battle-history"><small>(The opposing Jellicent lost <abbr title="−72/404">17.8%</abbr> of its health!)</small><br></div><div class="spacer battle-history"><br></div><div class="battle-history"><small>The opposing Jellicent restored a little HP using its Leftovers!</small><br></div><div class="spacer battle-history"><br></div><h2 class="battle-history">Turn 3</h2><div class="spacer battle-history"><br></div><div class="battle-history">Claydol used <strong>Shadow Ball</strong>!<br></div><div class="battle-history"><small>It's super effective!</small><br></div><div class="battle-history"><small>(The opposing Jellicent lost <abbr title="−90/404">22.3%</abbr> of its health!)</small><br></div><div class="spacer battle-history"><br></div><div class="battle-history">The opposing Jellicent used <strong>Will-O-Wisp</strong>!<br></div><div class="battle-history"><small>Claydol was burned!</small><br></div><div class="spacer battle-history"><br></div><div class="battle-history"><small>The opposing Jellicent restored a little HP using its Leftovers!</small><br></div><div class="battle-history"><small>Claydol was hurt by its burn!</small><br></div><div class="spacer battle-history"><br></div><h2 class="battle-history">Turn 4</h2><div class="spacer battle-history"><br></div><div class="battle-history">Claydol used <strong>Psychic</strong>!<br></div><div class="battle-history"><small>(The opposing Jellicent lost <abbr title="−82/404">20.3%</abbr> of its health!)</small><br></div><div class="spacer battle-history"><br></div><div class="battle-history">The opposing Jellicent used <strong>Scald</strong>!<br></div><div class="battle-history"><small>It's super effective!</small><br></div><div class="battle-history"><small>(Claydol lost <abbr title="−144/262">55.0%</abbr> of its health!)</small><br></div><div class="spacer battle-history"><br></div><div class="battle-history"><small>The opposing Jellicent restored a little HP using its Leftovers!</small><br></div><div class="battle-history"><small>Claydol was hurt by its burn!</small><br></div><div class="spacer battle-history"><br></div><h2 class="battle-history">Turn 5</h2><div class="spacer battle-history"><br></div><div class="battle-history">Claydol used <strong>Psychic</strong>!<br></div><div class="battle-history"><small>(The opposing Jellicent lost <abbr title="−70/404">17.3%</abbr> of its health!)</small><br></div><div class="spacer battle-history"><br></div><div class="battle-history">The opposing Jellicent used <strong>Recover</strong>!<br></div><div class="battle-history"><small>The opposing Jellicent restored its HP.</small><br></div><div class="spacer battle-history"><br></div><div class="battle-history"><small>The opposing Jellicent restored a little HP using its Leftovers!</small><br></div><div class="battle-history"><small>Claydol was hurt by its burn!</small><br></div><div class="spacer battle-history"><br></div><h2 class="battle-history">Turn 6</h2><div class="spacer battle-history"><br></div><div class="battle-history">Claydol used <strong>Shadow Ball</strong>!<br></div><div class="battle-history"><small>It's super effective!</small><br></div><div class="battle-history"><small>A critical hit!</small><br></div><div class="battle-history"><small>(The opposing Jellicent lost <abbr title="−140/404">34.7%</abbr> of its health!)</small><br></div><div class="spacer battle-history"><br></div><div class="battle-history">The opposing Jellicent used <strong>Recover</strong>!<br></div><div class="battle-history"><small>The opposing Jellicent restored its HP.</small><br></div><div class="spacer battle-history"><br></div><div class="battle-history"><small>Claydol was hurt by its burn!</small><br></div><div class="spacer battle-history"><br></div><div class="battle-history">Claydol fainted!<br></div><div class="spacer battle-history"><br></div><div class="battle-history">Go! <strong>Hypno</strong>!<br></div><div class="spacer battle-history"><br></div><h2 class="battle-history">Turn 7</h2><div class="spacer battle-history"><br></div><div class="battle-history">Hypno used <strong>Toxic</strong>!<br></div><div class="battle-history"><small>The opposing Jellicent was badly poisoned!</small><br></div><div class="spacer battle-history"><br></div><div class="battle-history">The opposing Jellicent used <strong>Will-O-Wisp</strong>!<br></div><div class="battle-history"><small>Hypno was burned!</small><br></div><div class="spacer battle-history"><br></div><div class="battle-history"><small>Hypno was hurt by its burn!</small><br></div><div class="battle-history"><small>The opposing Jellicent was hurt by poison!</small><br></div><div class="spacer battle-history"><br></div><h2 class="battle-history">Turn 8</h2><div class="spacer battle-history"><br></div><div class="battle-history">Hypno used <strong>Foul Play</strong>!<br></div><div class="battle-history"><small>It's super effective!</small><br></div><div class="battle-history"><small>(The opposing Jellicent lost <abbr title="−50/404">12.4%</abbr> of its health!)</small><br></div><div class="spacer battle-history"><br></div><div class="battle-history">The opposing Jellicent used <strong>Hex</strong>!<br></div><div class="battle-history"><small>It's super effective!</small><br></div><div class="battle-history"><small>(Hypno lost <abbr title="−176/374">47.1%</abbr> of its health!)</small><br></div><div class="spacer battle-history"><br></div><div class="battle-history"><small>Hypno restored a little HP using its Leftovers!</small><br></div><div class="battle-history"><small>The opposing Jellicent restored a little HP using its Leftovers!</small><br></div><div class="battle-history"><small>Hypno was hurt by its burn!</small><br></div><div class="battle-history"><small>The opposing Jellicent was hurt by poison!</small><br></div><div class="spacer battle-history"><br></div><h2 class="battle-history">Turn 9</h2><div class="spacer battle-history"><br></div><div class="battle-history">Hypno used <strong>Foul Play</strong>!<br></div><div class="battle-history"><small>It's super effective!</small><br></div><div class="battle-history"><small>(The opposing Jellicent lost <abbr title="−51/404">12.6%</abbr> of its health!)</small><br></div><div class="spacer battle-history"><br></div><div class="battle-history">The opposing Jellicent used <strong>Hex</strong>!<br></div><div class="battle-history"><small>It's super effective!</small><br></div><div class="battle-history"><small>(Hypno lost <abbr title="−129/374">34.5%</abbr> of its health!)</small><br></div><div class="spacer battle-history"><br></div><div class="battle-history">Hypno fainted!<br></div><div class="spacer battle-history"><br></div><div class="battle-history"><small>The opposing Jellicent restored a little HP using its Leftovers!</small><br></div><div class="battle-history"><small>The opposing Jellicent was hurt by poison!</small><br></div><div class="spacer battle-history"><br></div><div class="battle-history">Go! <strong>Ambipom</strong>!<br></div><div class="spacer battle-history"><br></div><h2 class="battle-history">Turn 10</h2><div class="spacer battle-history"><br></div><div class="battle-history">Ambipom used <strong>Knock Off</strong>!<br></div><div class="battle-history"><small>It's super effective!</small><br></div><div class="battle-history"><small>(The opposing Jellicent lost <abbr title="−203/404">50.2%</abbr> of its health!)</small><br></div><div class="battle-history"><small>Ambipom knocked off the opposing Jellicent's Leftovers!</small><br></div><div class="battle-history"><small>Ambipom lost some of its HP!</small><br></div><div class="spacer battle-history"><br></div><div class="battle-history">The opposing Jellicent fainted!<br></div><div class="spacer battle-history"><br></div><div class="battle-history">Balland sent out <strong>Audino</strong>!<br></div><div class="spacer battle-history"><br></div><h2 class="battle-history">Turn 11</h2><div class="spacer battle-history"><br></div><div class="battle-history">Ambipom used <strong>Return</strong>!<br></div><div class="battle-history"><small>(The opposing Audino lost <abbr title="−207/410">50.5%</abbr> of its health!)</small><br></div><div class="battle-history"><small>Ambipom lost some of its HP!</small><br></div><div class="spacer battle-history"><br></div><div class="battle-history">The opposing Audino used <strong>Toxic</strong>!<br></div><div class="battle-history"><small>Ambipom was badly poisoned!</small><br></div><div class="spacer battle-history"><br></div><div class="battle-history"><small>Ambipom was hurt by poison!</small><br></div><div class="spacer battle-history"><br></div><h2 class="battle-history">Turn 12</h2><div class="spacer battle-history"><br></div><div class="battle-history">Balland withdrew Audino!<br></div><div class="battle-history">Balland sent out <strong>Hoopa</strong>!<br></div><div class="spacer battle-history"><br></div><div class="battle-history">Ambipom used <strong>Return</strong>!<br></div><div class="battle-history"><small>It doesn't affect the opposing Hoopa...</small><br></div><div class="spacer battle-history"><br></div><div class="battle-history"><small>Ambipom was hurt by poison!</small><br></div><div class="spacer battle-history"><br></div><h2 class="battle-history">Turn 13</h2><div class="spacer battle-history"><br></div><div class="battle-history">The opposing Hoopa used <strong>Focus Blast</strong>!<br></div><div class="battle-history"><small>It's super effective!</small><br></div><div class="battle-history"><small>(Ambipom lost <abbr title="−179/291">61.5%</abbr> of its health!)</small><br></div><div class="spacer battle-history"><br></div><div class="battle-history">Ambipom fainted!<br></div><div class="spacer battle-history"><br></div><div class="battle-history">Go! <strong>Lickilicky</strong>!<br></div><div class="spacer battle-history"><br></div><h2 class="battle-history">Turn 14</h2><div class="spacer battle-history"><br></div><div class="battle-history">The opposing Hoopa used <strong>Focus Blast</strong>!<br></div><div class="battle-history"><small>Lickilicky avoided the attack!</small><br></div><div class="spacer battle-history"><br></div><div class="battle-history">Lickilicky used <strong>Knock Off</strong>!<br></div><div class="battle-history"><small>It's super effective!</small><br></div><div class="battle-history"><small>(The opposing Hoopa lost <abbr title="−301/301">100%</abbr> of its health!)</small><br></div><div class="battle-history"><small>Lickilicky knocked off the opposing Hoopa's Choice Scarf!</small><br></div><div class="spacer battle-history"><br></div><div class="battle-history">The opposing Hoopa fainted!<br></div><div class="spacer battle-history"><br></div><div class="battle-history">Balland sent out <strong>Exploud</strong>!<br></div><div class="spacer battle-history"><br></div><h2 class="battle-history">Turn 15</h2><div class="spacer battle-history"><br></div><div class="battle-history">The opposing Exploud used <strong>Boomburst</strong>!<br></div><div class="battle-history"><small>(Lickilicky lost <abbr title="−312/403">77.4%</abbr> of its health!)</small><br></div><div class="spacer battle-history"><br></div><div class="battle-history">Lickilicky used <strong>Return</strong>!<br></div><div class="battle-history"><small>(The opposing Exploud lost <abbr title="−202/350">57.7%</abbr> of its health!)</small><br></div><div class="spacer battle-history"><br></div><div class="battle-history"><small>Lickilicky restored a little HP using its Leftovers!</small><br></div><div class="spacer battle-history"><br></div><h2 class="battle-history">Turn 16</h2><div class="spacer battle-history"><br></div><div class="battle-history">The opposing Exploud used <strong>Boomburst</strong>!<br></div><div class="battle-history"><small>A critical hit!</small><br></div><div class="battle-history"><small>(Lickilicky lost <abbr title="−116/403">28.8%</abbr> of its health!)</small><br></div><div class="spacer battle-history"><br></div><div class="battle-history">Lickilicky fainted!<br></div><div class="spacer battle-history"><br></div><div class="battle-history">Go! <strong>Aromatisse</strong>!<br></div><div class="spacer battle-history"><br></div><h2 class="battle-history">Turn 17</h2><div class="spacer battle-history"><br></div><div class="battle-history">Balland withdrew Exploud!<br></div><div class="battle-history">Balland sent out <strong>Audino</strong>!<br></div><div class="spacer battle-history"><br></div><div class="battle-history">Aromatisse used <strong>Moonblast</strong>!<br></div><div class="battle-history"><small>(The opposing Audino lost <abbr title="−100/410">24.4%</abbr> of its health!)</small><br></div><div class="spacer battle-history"><br></div><h2 class="battle-history">Turn 18</h2><div class="spacer battle-history"><br></div><div class="battle-history">Aromatisse, come back!<br></div><div class="battle-history">Go! <strong>Exploud</strong>!<br></div><div class="spacer battle-history"><br></div><div class="battle-history">The opposing Audino used <strong>Wish</strong>!<br></div><div class="spacer battle-history"><br></div><h2 class="battle-history">Turn 19</h2><div class="spacer battle-history"><br></div><div class="battle-history">Exploud used <strong>Focus Blast</strong>!<br></div><div class="battle-history"><small>It's super effective!</small><br></div><div class="battle-history"><small>(The opposing Audino lost <abbr title="−239/410">58.3%</abbr> of its health!)</small><br></div><div class="spacer battle-history"><br></div><div class="battle-history">The opposing Audino fainted!<br></div><div class="spacer battle-history"><br></div><div class="battle-history">Balland sent out <strong>Golurk</strong>!<br></div><div class="spacer battle-history"><br></div><h2 class="battle-history">Turn 20</h2><div class="spacer battle-history"><br></div><div class="battle-history">Exploud, come back!<br></div><div class="battle-history">Go! <strong>Aromatisse</strong>!<br></div><div class="spacer battle-history"><br></div><div class="battle-history">The opposing Golurk used <strong>Drain Punch</strong>!<br></div><div class="battle-history"><small>It's not very effective...</small><br></div><div class="battle-history"><small>(Aromatisse lost <abbr title="−49/406">12.1%</abbr> of its health!)</small><br></div><div class="spacer battle-history"><br></div><div class="battle-history"><small>Aromatisse restored a little HP using its Leftovers!</small><br></div><div class="spacer battle-history"><br></div><h2 class="battle-history">Turn 21</h2><div class="spacer battle-history"><br></div><div class="battle-history">The opposing Golurk used <strong>Earthquake</strong>!<br></div><div class="battle-history"><small>(Aromatisse lost <abbr title="−181/406">44.6%</abbr> of its health!)</small><br></div><div class="spacer battle-history"><br></div><div class="battle-history">Aromatisse used <strong>Moonblast</strong>!<br></div><div class="battle-history"><small>(The opposing Golurk lost <abbr title="−94/382">24.6%</abbr> of its health!)</small><br></div><div class="spacer battle-history"><br></div><div class="battle-history"><small>Aromatisse restored a little HP using its Leftovers!</small><br></div><div class="spacer battle-history"><br></div><h2 class="battle-history">Turn 22</h2><div class="spacer battle-history"><br></div><div class="battle-history">The opposing Golurk used <strong>Earthquake</strong>!<br></div><div class="battle-history"><small>(Aromatisse lost <abbr title="−171/406">42.1%</abbr> of its health!)</small><br></div><div class="spacer battle-history"><br></div><div class="battle-history">Aromatisse used <strong>Moonblast</strong>!<br></div><div class="battle-history"><small>(The opposing Golurk lost <abbr title="−85/382">22.3%</abbr> of its health!)</small><br></div><div class="spacer battle-history"><br></div><div class="battle-history"><small>Aromatisse restored a little HP using its Leftovers!</small><br></div><div class="spacer battle-history"><br></div><h2 class="battle-history">Turn 23</h2><div class="spacer battle-history"><br></div><div class="battle-history">The opposing Golurk used <strong>Earthquake</strong>!<br></div><div class="battle-history"><small>(Aromatisse lost <abbr title="−80/406">19.7%</abbr> of its health!)</small><br></div><div class="spacer battle-history"><br></div><div class="battle-history">Aromatisse fainted!<br></div><div class="spacer battle-history"><br></div><div class="battle-history">Go! <strong>Exploud</strong>!<br></div><div class="spacer battle-history"><br></div><h2 class="battle-history">Turn 24</h2><div class="spacer battle-history"><br></div><div class="battle-history">Exploud used <strong>Fire Blast</strong>!<br></div><div class="battle-history"><small>(The opposing Golurk lost <abbr title="−131/382">34.3%</abbr> of its health!)</small><br></div><div class="spacer battle-history"><br></div><div class="battle-history">The opposing Golurk used <strong>Drain Punch</strong>!<br></div><div class="battle-history"><small>It's super effective!</small><br></div><div class="battle-history"><small>(Exploud lost <abbr title="−336/349">96.3%</abbr> of its health!)</small><br></div><div class="battle-history"><small>Exploud had its energy drained!</small><br></div><div class="spacer battle-history"><br></div><h2 class="battle-history">Turn 25</h2><div class="spacer battle-history"><br></div><div class="battle-history">Exploud used <strong>Fire Blast</strong>!<br></div><div class="battle-history"><small>(The opposing Golurk lost <abbr title="−125/382">32.7%</abbr> of its health!)</small><br></div><div class="spacer battle-history"><br></div><div class="battle-history">The opposing Golurk used <strong>Drain Punch</strong>!<br></div><div class="battle-history"><small>It's super effective!</small><br></div><div class="battle-history"><small>(Exploud lost <abbr title="−13/349">3.7%</abbr> of its health!)</small><br></div><div class="battle-history"><small>Exploud had its energy drained!</small><br></div><div class="spacer battle-history"><br></div><div class="battle-history">Exploud fainted!<br></div><div class="spacer battle-history"><br></div><div class="battle-history"><strong>Balland</strong> won the battle!<br></div><div class="chat">Gymlead11b's rating: 1000 → <strong>1000</strong><br>(+0 for losing)</div><div class="chat">Balland's rating: 1051 → <strong>1078</strong><br>(+27 for winning)</div><div class="chat"><small>Balland left.</small></div></div><div class="inner-preempt"></div></div></div>
</div>
<script>
let daily = Math.floor(Date.now()/1000/60/60/24);document.write('<script src="https://play.pokemonshowdown.com/js/replay-embed.js?version'+daily+'"></'+'script>');
</script>
