<!DOCTYPE html>
<meta charset="utf-8" />
<!-- version 1 -->
<title>RU replay: Mr. Aldo vs. W3K</title>
<style>
html,body {font-family:Verdana, sans-serif;font-size:10pt;margin:0;padding:0;}body{padding:12px 0;} .battle-log {font-family:Verdana, sans-serif;font-size:10pt;} .battle-log-inline {border:1px solid #AAAAAA;background:#EEF2F5;color:black;max-width:640px;margin:0 auto 80px;padding-bottom:5px;} .battle-log .inner {padding:4px 8px 0px 8px;} .battle-log .inner-preempt {padding:0 8px 4px 8px;} .battle-log .inner-after {margin-top:0.5em;} .battle-log h2 {margin:0.5em -8px;padding:4px 8px;border:1px solid #AAAAAA;background:#E0E7EA;border-left:0;border-right:0;font-family:Verdana, sans-serif;font-size:13pt;} .battle-log .chat {vertical-align:middle;padding:3px 0 3px 0;font-size:8pt;} .battle-log .chat strong {color:#40576A;} .battle-log .chat em {padding:1px 4px 1px 3px;color:#000000;font-style:normal;} .chat.mine {background:rgba(0,0,0,0.05);margin-left:-8px;margin-right:-8px;padding-left:8px;padding-right:8px;} .spoiler {color:#BBBBBB;background:#BBBBBB;padding:0px 3px;} .spoiler:hover, .spoiler:active, .spoiler-shown {color:#000000;background:#E2E2E2;padding:0px 3px;} .spoiler a {color:#BBBBBB;} .spoiler:hover a, .spoiler:active a, .spoiler-shown a {color:#2288CC;} .chat code, .chat .spoiler:hover code, .chat .spoiler:active code, .chat .spoiler-shown code {border:1px solid #C0C0C0;background:#EEEEEE;color:black;padding:0 2px;} .chat .spoiler code {border:1px solid #CCCCCC;background:#CCCCCC;color:#CCCCCC;} .battle-log .rated {padding:3px 4px;} .battle-log .rated strong {color:white;background:#89A;padding:1px 4px;border-radius:4px;} .spacer {margin-top:0.5em;} .message-announce {background:#6688AA;color:white;padding:1px 4px 2px;} .message-announce a, .broadcast-green a, .broadcast-blue a, .broadcast-red a {color:#DDEEFF;} .broadcast-green {background-color:#559955;color:white;padding:2px 4px;} .broadcast-blue {background-color:#6688AA;color:white;padding:2px 4px;} .infobox {border:1px solid #6688AA;padding:2px 4px;} .infobox-limited {max-height:200px;overflow:auto;overflow-x:hidden;} .broadcast-red {background-color:#AA5544;color:white;padding:2px 4px;} .message-learn-canlearn {font-weight:bold;color:#228822;text-decoration:underline;} .message-learn-cannotlearn {font-weight:bold;color:#CC2222;text-decoration:underline;} .message-effect-weak {font-weight:bold;color:#CC2222;} .message-effect-resist {font-weight:bold;color:#6688AA;} .message-effect-immune {font-weight:bold;color:#666666;} .message-learn-list {margin-top:0;margin-bottom:0;} .message-throttle-notice, .message-error {color:#992222;} .message-overflow, .chat small.message-overflow {font-size:0pt;} .message-overflow::before {font-size:9pt;content:'...';} .subtle {color:#3A4A66;}
</style>
<div class="wrapper replay-wrapper" style="max-width:1180px;margin:0 auto">
<input type="hidden" name="replayid" value="smogtours-ru-288647" />
<div class="battle"></div><div class="battle-log"></div><div class="replay-controls"></div><div class="replay-controls-2"></div>
<h1 style="font-weight:normal;text-align:center"><strong>RU</strong><br /><a href="http://pokemonshowdown.com/users/mraldo" class="subtle" target="_blank">Mr. Aldo</a> vs. <a href="http://pokemonshowdown.com/users/w3k" class="subtle" target="_blank">W3K</a></h1>
<script type="text/plain" class="battle-log-data">|J|Mr. Aldo
|J|W3K
|player|p1|Mr. Aldo|149
|teamsize|p1|6
|player|p2|W3K|249
|teamsize|p2|6
|gametype|singles
|gen|6
|tier|RU
|seed|27040,58750,47578,9069
|rule|Sleep Clause Mod: Limit one foe put to sleep
|rule|Species Clause: Limit one of each Pokémon
|rule|OHKO Clause: OHKO moves are banned
|rule|Moody Clause: Moody is banned
|rule|Evasion Moves Clause: Evasion moves are banned
|rule|Endless Battle Clause: Forcing endless battles is banned
|rule|HP Percentage Mod: HP is shown in percentages
|clearpoke
|poke|p1|Rotom|item
|poke|p1|Weezing, M|item
|poke|p1|Escavalier, M|item
|poke|p1|Diancie|item
|poke|p1|Seismitoad, M|item
|poke|p1|Drapion, F|item
|poke|p2|Camerupt, F|item
|poke|p2|Alomomola, F|item
|poke|p2|Xatu, F|item
|poke|p2|Sneasel, F|item
|poke|p2|Diancie|item
|poke|p2|Venusaur, F|item
|rule|Swagger Clause: Swagger is banned
|rule|Baton Pass Clause: Limit one Baton Passer, can't pass Spe and other stats simultaneously
|teampreview
|J|choolio IGLESIAS
|J|kamisama_no49
|c|+choolio IGLESIAS|dont forget to post the replays W3K
|c|+choolio IGLESIAS|they are really important
|J|Ninjacalibur
|c|☆Mr. Aldo|L
|c|+kamisama_no49|tellem uncoolio
|J|Pearl ❤
|J|hamhamhamham
|J|tko
|c|☆Mr. Aldo|hf
|J|Lcans
|J|Eternal Spirit★
|c|☆W3K|same
|c|@tko|aldo my hero
|c|+choolio IGLESIAS|i am doin so cold49
|c|@tko|omg..
|J|Kushalos
|choice|team 5, team 2, team 3, team 4, team 1, team 6|team 6, team 2, team 3, team 4, team 5, team 1
|
|start
|switch|p1a: Seismitoad|Seismitoad, M|413\/413
|switch|p2a: Venusaur|Venusaur, F|363\/363
|turn|1
|J|SweetPosho
|choice|switch 2|move leechseed
|
|switch|p1a: Weezing|Weezing, M|333\/333
|move|p2a: Venusaur|Leech Seed|p1a: Weezing
|-start|p1a: Weezing|move: Leech Seed
|
|-damage|p1a: Weezing|292\/333|[from] Leech Seed|[of] p2a: Venusaur
|upkeep
|turn|2
|choice|move sludgebomb|move leechseed
|
|move|p2a: Venusaur|Leech Seed|p1a: Weezing
|-fail|p1a: Weezing
|move|p1a: Weezing|Sludge Bomb|p2a: Venusaur
|-damage|p2a: Venusaur|276\/363
|
|-heal|p2a: Venusaur|298\/363|[from] item: Black Sludge
|-heal|p1a: Weezing|312\/333|[from] item: Black Sludge
|-damage|p1a: Weezing|271\/333|[from] Leech Seed|[of] p2a: Venusaur
|-heal|p2a: Venusaur|339\/363|[silent]
|upkeep
|turn|3
|choice|move sludgebomb|switch 6
|
|switch|p2a: Camerupt|Camerupt, F|343\/343
|move|p1a: Weezing|Sludge Bomb|p2a: Camerupt
|-resisted|p2a: Camerupt
|-damage|p2a: Camerupt|284\/343
|
|-heal|p1a: Weezing|291\/333|[from] item: Black Sludge
|-damage|p1a: Weezing|250\/333|[from] Leech Seed|[of] p2a: Camerupt
|-heal|p2a: Camerupt|325\/343|[silent]
|upkeep
|turn|4
|choice|switch 2|move willowisp mega
|
|switch|p1a: Seismitoad|Seismitoad, M|413\/413
|detailschange|p2a: Camerupt|Camerupt-Mega, F
|-mega|p2a: Camerupt|Camerupt|Cameruptite
|move|p2a: Camerupt|Will-O-Wisp|p1a: Seismitoad
|-status|p1a: Seismitoad|brn
|
|-damage|p1a: Seismitoad|362\/413 brn|[from] brn
|upkeep
|turn|5
|J|lighthouses
|choice|move knockoff|switch 3
|
|switch|p2a: Xatu|Xatu, F|333\/333
|move|p1a: Seismitoad|Knock Off|p2a: Xatu
|-supereffective|p2a: Xatu
|-damage|p2a: Xatu|265\/333
|-damage|p1a: Seismitoad|294\/413 brn|[from] item: Rocky Helmet|[of] p2a: Xatu
|-enditem|p2a: Xatu|Rocky Helmet|[from] move: Knock Off|[of] p1a: Seismitoad
|
|-heal|p1a: Seismitoad|319\/413 brn|[from] item: Leftovers
|-damage|p1a: Seismitoad|268\/413 brn|[from] brn
|upkeep
|turn|6
|choice|switch 6|move uturn
|
|switch|p1a: Drapion|Drapion, F|281\/281
|move|p2a: Xatu|U-turn|p1a: Drapion
|-damage|p1a: Drapion|245\/281
|J|GOAO
|L|Ninjacalibur
|choice||switch 2
|
|switch|p2a: Alomomola|Alomomola, F|501\/501
|
|upkeep
|turn|7
|J|r0ady
|choice|switch 6|move wish
|
|switch|p1a: Seismitoad|Seismitoad, M|268\/413 brn
|move|p2a: Alomomola|Wish|p2a: Alomomola
|
|-heal|p1a: Seismitoad|293\/413 brn|[from] item: Leftovers
|-damage|p1a: Seismitoad|242\/413 brn|[from] brn
|upkeep
|turn|8
|choice|move toxic|switch 2
|
|switch|p2a: Xatu|Xatu, F|265\/333
|move|p1a: Seismitoad|Toxic|p2a: Xatu
|move|p2a: Xatu|Toxic|p1a: Seismitoad|[from]Magic Bounce
|-fail|p1a: Seismitoad
|
|-heal|p2a: Xatu|333\/333|[from] move: Wish|[wisher] Alomomola
|-heal|p1a: Seismitoad|267\/413 brn|[from] item: Leftovers
|-damage|p1a: Seismitoad|216\/413 brn|[from] brn
|upkeep
|turn|9
|choice|switch 6|move nightshade
|
|switch|p1a: Drapion|Drapion, F|245\/281
|move|p2a: Xatu|Night Shade|p1a: Drapion
|-damage|p1a: Drapion|145\/281
|
|upkeep
|turn|10
|choice|move knockoff|move uturn
|
|move|p1a: Drapion|Knock Off|p2a: Xatu
|-supereffective|p2a: Xatu
|-damage|p2a: Xatu|135\/333
|move|p2a: Xatu|U-turn|p1a: Drapion
|-damage|p1a: Drapion|107\/281
|choice||switch 3
|
|switch|p2a: Camerupt|Camerupt-Mega, F|325\/343
|
|upkeep
|turn|11
|choice|switch 6|move fireblast
|
|switch|p1a: Seismitoad|Seismitoad, M|216\/413 brn
|move|p2a: Camerupt|Fire Blast|p1a: Seismitoad
|-resisted|p1a: Seismitoad
|-damage|p1a: Seismitoad|46\/413 brn
|
|-heal|p1a: Seismitoad|71\/413 brn|[from] item: Leftovers
|-damage|p1a: Seismitoad|20\/413 brn|[from] brn
|upkeep
|turn|12
|L|hamhamhamham
|choice|move earthquake|switch 3
|
|switch|p2a: Xatu|Xatu, F|135\/333
|move|p1a: Seismitoad|Earthquake|p2a: Xatu
|-immune|p2a: Xatu|[msg]
|
|-heal|p1a: Seismitoad|45\/413 brn|[from] item: Leftovers
|-damage|p1a: Seismitoad|0 fnt|[from] brn
|upkeep
|faint|p1a: Seismitoad
|J|hamhamhamham
|choice|switch 6|
|
|switch|p1a: Drapion|Drapion, F|107\/281
|turn|13
|choice|move knockoff|switch 2
|
|switch|p2a: Alomomola|Alomomola, F|501\/501
|move|p1a: Drapion|Knock Off|p2a: Alomomola
|-damage|p2a: Alomomola|366\/501
|-enditem|p2a: Alomomola|Leftovers|[from] move: Knock Off|[of] p1a: Drapion
|
|upkeep
|turn|14
|L|hamhamhamham
|choice|switch 2|move scald
|
|switch|p1a: Weezing|Weezing, M|250\/333
|move|p2a: Alomomola|Scald|p1a: Weezing
|-damage|p1a: Weezing|202\/333
|-status|p1a: Weezing|brn
|
|-heal|p1a: Weezing|222\/333 brn|[from] item: Black Sludge
|-damage|p1a: Weezing|181\/333 brn|[from] brn
|upkeep
|turn|15
|c|+kamisama_no49|when u don't roost into the drap the first time to make the proceeding ones a 50, just to prove how raw u r
|c|+kamisama_no49|hardcore
|L|tko
|c|☆W3K|i thought they ran sd
|c|+lighthouses|omfg
|c|+lighthouses|is this mr aldo
|c|+lighthouses|playing
|c|+lighthouses|pokemon
|c|+lighthouses|no way
|choice|move sludgebomb|switch 5
|
|switch|p2a: Diancie|Diancie|304\/304
|move|p1a: Weezing|Sludge Bomb|p2a: Diancie
|-crit|p2a: Diancie
|-damage|p2a: Diancie|225\/304
|-status|p2a: Diancie|psn
|
|-heal|p1a: Weezing|201\/333 brn|[from] item: Black Sludge
|-heal|p2a: Diancie|244\/304 psn|[from] item: Leftovers
|-damage|p1a: Weezing|160\/333 brn|[from] brn
|-damage|p2a: Diancie|206\/304 psn|[from] psn
|upkeep
|turn|16
|c|+kamisama_no49|u see enough kush teams to kno what they do
|L|r0ady
|c|+choolio IGLESIAS|he never looks at the moves till the game starts
|J|hamhamhamham
|J|r0ady
|c|+kamisama_no49|bird up
|c|☆W3K|i havent seen a weezing since fire red
|c|☆W3K|whats it do
|choice|move taunt|switch 2
|
|switch|p2a: Xatu|Xatu, F|135\/333
|move|p1a: Weezing|Taunt|p2a: Xatu
|move|p2a: Xatu|Taunt|p1a: Weezing|[from]Magic Bounce
|-start|p1a: Weezing|move: Taunt
|
|-heal|p1a: Weezing|180\/333 brn|[from] item: Black Sludge
|-damage|p1a: Weezing|139\/333 brn|[from] brn
|upkeep
|turn|17
|c|+choolio IGLESIAS|damn
|c|+choolio IGLESIAS|nice bluff man
|c|+choolio IGLESIAS|nice bluff
|c|☆W3K|i mean
|c|☆W3K|i didnt lie
|c|+choolio IGLESIAS|sure
|choice|move sludgebomb|switch 2
|
|switch|p2a: Diancie|Diancie|206\/304 psn
|move|p1a: Weezing|Sludge Bomb|p2a: Diancie
|-damage|p2a: Diancie|151\/304 psn
|
|-heal|p1a: Weezing|159\/333 brn|[from] item: Black Sludge
|-heal|p2a: Diancie|170\/304 psn|[from] item: Leftovers
|-damage|p1a: Weezing|118\/333 brn|[from] brn
|-damage|p2a: Diancie|132\/304 psn|[from] psn
|upkeep
|turn|18
|c|+choolio IGLESIAS|makin your opponent feel insecure
|c|+kamisama_no49|nah nah, that read was based off adv at the earliest
|c|+kamisama_no49|i feel that
|choice|move sludgebomb|move stealthrock
|
|move|p1a: Weezing|Sludge Bomb|p2a: Diancie
|-damage|p2a: Diancie|84\/304 psn
|move|p2a: Diancie|Stealth Rock|p1a: Weezing
|-sidestart|p1: Mr. Aldo|move: Stealth Rock
|
|-heal|p1a: Weezing|138\/333 brn|[from] item: Black Sludge
|-heal|p2a: Diancie|103\/304 psn|[from] item: Leftovers
|-damage|p1a: Weezing|97\/333 brn|[from] brn
|-damage|p2a: Diancie|65\/304 psn|[from] psn
|upkeep
|turn|19
|choice|move sludgebomb|move moonblast
|
|move|p1a: Weezing|Sludge Bomb|p2a: Diancie
|-damage|p2a: Diancie|16\/304 psn
|move|p2a: Diancie|Moonblast|p1a: Weezing
|-resisted|p1a: Weezing
|-damage|p1a: Weezing|43\/333 brn
|
|-heal|p1a: Weezing|63\/333 brn|[from] item: Black Sludge
|-heal|p2a: Diancie|35\/304 psn|[from] item: Leftovers
|-damage|p1a: Weezing|22\/333 brn|[from] brn
|-damage|p2a: Diancie|0 fnt|[from] psn
|-end|p1a: Weezing|move: Taunt
|upkeep
|faint|p2a: Diancie
|c|+choolio IGLESIAS|up
|choice||switch 4
|
|switch|p2a: Sneasel|Sneasel, F|251\/251
|turn|20
|choice|move sludgebomb|move knockoff
|
|move|p2a: Sneasel|Knock Off|p1a: Weezing
|-damage|p1a: Weezing|0 fnt
|-enditem|p1a: Weezing|Black Sludge|[from] move: Knock Off|[of] p2a: Sneasel
|-damage|p2a: Sneasel|226\/251|[from] item: Life Orb
|faint|p1a: Weezing
|
|upkeep
|choice|switch 4|
|
|switch|p1a: Diancie|Diancie|303\/303
|-damage|p1a: Diancie|266\/303|[from] Stealth Rock
|turn|21
|c|☆W3K|do these run rp
|c|+choolio IGLESIAS|doing it again
|choice|move trickroom|switch 5
|
|switch|p2a: Alomomola|Alomomola, F|501\/501
|move|p1a: Diancie|Trick Room|p1a: Diancie
|-fieldstart|move: Trick Room|[of] p1a: Diancie
|
|upkeep
|turn|22
|c|+choolio IGLESIAS|dont let him get you out of your concept B
|c|+choolio IGLESIAS|he just toyin with the "what does this do" shit
|c|☆W3K|https:\/\/www.youtube.com\/watch?v=JrW1NBW2mAs
|c|☆W3K|background music
|c|+kamisama_no49|a real play woulda been making that bluff, then hitting iron tail
|c|☆Mr. Aldo|Id pressed X
|c|☆Mr. Aldo|no lie
|c|+choolio IGLESIAS|maybe kushalos is whispering him some sick plays
|choice|move moonblast|move toxic
|
|move|p1a: Diancie|Moonblast|p2a: Alomomola
|-damage|p2a: Alomomola|238\/501
|-unboost|p2a: Alomomola|spa|1
|-damage|p1a: Diancie|236\/303|[from] item: Life Orb
|move|p2a: Alomomola|Toxic|p1a: Diancie
|-status|p1a: Diancie|tox
|
|-damage|p1a: Diancie|218\/303 tox|[from] psn
|upkeep
|turn|23
|c|+r0ady|w3k you tryna play bw ru cup after
|c|☆W3K|hol up
|c|+choolio IGLESIAS|including to switch out the sneasle with iron tail
|c|☆W3K|idk im grabbing food prob
|c|+lighthouses|lame ost
|c|☆W3K|then watching stour
|choice|move moonblast|move protect
|
|move|p2a: Alomomola|Protect|p2a: Alomomola
|-singleturn|p2a: Alomomola|Protect
|move|p1a: Diancie|Moonblast|p2a: Alomomola
|-activate|p2a: Alomomola|move: Protect
|
|-damage|p1a: Diancie|182\/303 tox|[from] psn
|upkeep
|turn|24
|c|+kamisama_no49|bring knock clef balance roady
|c|+kamisama_no49|kush teams too passive to beat that
|c|☆W3K|its ok
|c|☆W3K|i have hnc teams
|c|+choolio IGLESIAS|its ok i can give him bw1 ru teams
|c|+choolio IGLESIAS|featuring pineco
|c|+kamisama_no49|ah, wordo
|c|+Kushalos|no
|c|+Kushalos|that tier
|c|+Kushalos|doesnt exist
|choice|move moonblast|switch 2
|
|switch|p2a: Xatu|Xatu, F|135\/333
|move|p1a: Diancie|Moonblast|p2a: Xatu
|-damage|p2a: Xatu|0 fnt
|-damage|p1a: Diancie|152\/303 tox|[from] item: Life Orb
|faint|p2a: Xatu
|
|-damage|p1a: Diancie|98\/303 tox|[from] psn
|upkeep
|c|+choolio IGLESIAS|hes right
|c|+choolio IGLESIAS|ru is just something we all dream about
|c|+choolio IGLESIAS|but it really doesnt exist
|c|+choolio IGLESIAS|kushalos learning FAST
|choice||switch 2
|
|switch|p2a: Alomomola|Alomomola, F|405\/501
|turn|25
|choice|switch 5|move wish
|
|switch|p1a: Rotom|Rotom|265\/265
|-damage|p1a: Rotom|232\/265|[from] Stealth Rock
|move|p2a: Alomomola|Wish|p2a: Alomomola
|
|-heal|p1a: Rotom|248\/265|[from] item: Leftovers
|-fieldend|move: Trick Room
|upkeep
|turn|26
|c|+kamisama_no49|hp water
|c|+Kushalos|that camel
|c|+Kushalos|is looking p solid
|c|+Kushalos|rn
|c|+choolio IGLESIAS|reporting you scum
|choice|move substitute|switch 3
|
|switch|p2a: Camerupt|Camerupt-Mega, F|325\/343
|move|p1a: Rotom|Substitute|p1a: Rotom
|-start|p1a: Rotom|Substitute
|-damage|p1a: Rotom|182\/265
|
|-heal|p2a: Camerupt|343\/343|[from] move: Wish|[wisher] Alomomola
|-heal|p1a: Rotom|198\/265|[from] item: Leftovers
|upkeep
|turn|27
|choice|move hex|move fireblast
|
|move|p1a: Rotom|Hex|p2a: Camerupt
|-damage|p2a: Camerupt|255\/343
|move|p2a: Camerupt|Fire Blast|p1a: Rotom|[miss]
|-miss|p2a: Camerupt|p1a: Rotom
|
|-heal|p1a: Rotom|214\/265|[from] item: Leftovers
|upkeep
|turn|28
|c|☆Mr. Aldo|sorry
|choice|move hex|move fireblast
|
|move|p1a: Rotom|Hex|p2a: Camerupt
|-damage|p2a: Camerupt|167\/343
|move|p2a: Camerupt|Fire Blast|p1a: Rotom|[miss]
|-miss|p2a: Camerupt|p1a: Rotom
|
|-heal|p1a: Rotom|230\/265|[from] item: Leftovers
|upkeep
|turn|29
|c|+choolio IGLESIAS|u dropped the sorry 1 turn too early
|c|☆Mr. Aldo|welp
|c|☆Mr. Aldo|yeh
|c|+kamisama_no49|nvm, u seem to be getting by w\/o it
|c|☆Mr. Aldo|I did
|c|☆Mr. Aldo|that sucks a lot, no lie
|choice|move hex|switch 6
|
|switch|p2a: Venusaur|Venusaur, F|339\/363
|move|p1a: Rotom|Hex|p2a: Venusaur
|-damage|p2a: Venusaur|249\/363
|
|-heal|p1a: Rotom|246\/265|[from] item: Leftovers
|-heal|p2a: Venusaur|271\/363|[from] item: Black Sludge
|upkeep
|turn|30
|c|☆W3K|does ghost resist grass
|c|☆Mr. Aldo|nope
|choice|move willowisp|move gigadrain
|
|move|p1a: Rotom|Will-O-Wisp|p2a: Venusaur
|-status|p2a: Venusaur|brn
|move|p2a: Venusaur|Giga Drain|p1a: Rotom
|-end|p1a: Rotom|Substitute
|-heal|p2a: Venusaur|304\/363 brn|[from] drain|[of] p1a: Rotom
|
|-heal|p1a: Rotom|262\/265|[from] item: Leftovers
|-heal|p2a: Venusaur|326\/363 brn|[from] item: Black Sludge
|-damage|p2a: Venusaur|281\/363 brn|[from] brn
|upkeep
|turn|31
|c|☆W3K|thx
|L|Lcans
|c|☆W3K|thats nice of u
|c|+choolio IGLESIAS|you shoulda said yes
|c|☆Mr. Aldo|least I can do after 2 fire blasts dodges
|choice|switch 3|move gigadrain
|
|switch|p1a: Escavalier|Escavalier, M|343\/343
|-damage|p1a: Escavalier|301\/343|[from] Stealth Rock
|move|p2a: Venusaur|Giga Drain|p1a: Escavalier
|-resisted|p1a: Escavalier
|-damage|p1a: Escavalier|283\/343
|-heal|p2a: Venusaur|290\/363 brn|[from] drain|[of] p1a: Escavalier
|
|-heal|p2a: Venusaur|312\/363 brn|[from] item: Black Sludge
|-heal|p1a: Escavalier|304\/343|[from] item: Leftovers
|-damage|p2a: Venusaur|267\/363 brn|[from] brn
|upkeep
|turn|32
|c|+kamisama_no49|wouldn't have been a thing if kush ran rest camel
|c|+choolio IGLESIAS|hes tryna win the war in his pervers way of pretending not to know what type resists what and which pokes do what
|choice|move swordsdance|move leechseed
|
|move|p2a: Venusaur|Leech Seed|p1a: Escavalier
|-start|p1a: Escavalier|move: Leech Seed
|move|p1a: Escavalier|Swords Dance|p1a: Escavalier
|-boost|p1a: Escavalier|atk|2
|
|-heal|p2a: Venusaur|289\/363 brn|[from] item: Black Sludge
|-heal|p1a: Escavalier|325\/343|[from] item: Leftovers
|-damage|p1a: Escavalier|283\/343|[from] Leech Seed|[of] p2a: Venusaur
|-heal|p2a: Venusaur|331\/363 brn|[silent]
|-damage|p2a: Venusaur|286\/363 brn|[from] brn
|upkeep
|turn|33
|choice|move megahorn|switch 3
|
|switch|p2a: Alomomola|Alomomola, F|501\/501
|move|p1a: Escavalier|Megahorn|p2a: Alomomola|[miss]
|-miss|p1a: Escavalier|p2a: Alomomola
|
|-heal|p1a: Escavalier|304\/343|[from] item: Leftovers
|-damage|p1a: Escavalier|262\/343|[from] Leech Seed|[of] p2a: Alomomola
|upkeep
|turn|34
|J|EviGaro
|choice|move megahorn|move wish
|
|move|p2a: Alomomola|Wish|p2a: Alomomola
|move|p1a: Escavalier|Megahorn|p2a: Alomomola
|-damage|p2a: Alomomola|138\/501
|
|-heal|p1a: Escavalier|283\/343|[from] item: Leftovers
|-damage|p1a: Escavalier|241\/343|[from] Leech Seed|[of] p2a: Alomomola
|-heal|p2a: Alomomola|180\/501|[silent]
|upkeep
|turn|35
|choice|move drillrun|move protect
|
|move|p2a: Alomomola|Protect|p2a: Alomomola
|-singleturn|p2a: Alomomola|Protect
|move|p1a: Escavalier|Drill Run|p2a: Alomomola
|-activate|p2a: Alomomola|move: Protect
|
|-heal|p2a: Alomomola|430\/501|[from] move: Wish|[wisher] Alomomola
|-heal|p1a: Escavalier|262\/343|[from] item: Leftovers
|-damage|p1a: Escavalier|220\/343|[from] Leech Seed|[of] p2a: Alomomola
|-heal|p2a: Alomomola|472\/501|[silent]
|upkeep
|turn|36
|choice|move megahorn|move wish
|
|move|p2a: Alomomola|Wish|p2a: Alomomola
|move|p1a: Escavalier|Megahorn|p2a: Alomomola
|-damage|p2a: Alomomola|84\/501
|
|-heal|p1a: Escavalier|241\/343|[from] item: Leftovers
|-damage|p1a: Escavalier|199\/343|[from] Leech Seed|[of] p2a: Alomomola
|-heal|p2a: Alomomola|126\/501|[silent]
|upkeep
|turn|37
|choice|move megahorn|move protect
|
|move|p2a: Alomomola|Protect|p2a: Alomomola
|-singleturn|p2a: Alomomola|Protect
|move|p1a: Escavalier|Megahorn|p2a: Alomomola
|-activate|p2a: Alomomola|move: Protect
|
|-heal|p2a: Alomomola|376\/501|[from] move: Wish|[wisher] Alomomola
|-heal|p1a: Escavalier|220\/343|[from] item: Leftovers
|-damage|p1a: Escavalier|178\/343|[from] Leech Seed|[of] p2a: Alomomola
|-heal|p2a: Alomomola|418\/501|[silent]
|upkeep
|turn|38
|L|Eternal Spirit★
|choice|switch 5|switch 3
|
|switch|p2a: Venusaur|Venusaur, F|286\/363 brn
|switch|p1a: Diancie|Diancie|98\/303 tox
|-damage|p1a: Diancie|61\/303 tox|[from] Stealth Rock
|
|-heal|p2a: Venusaur|308\/363 brn|[from] item: Black Sludge
|-damage|p2a: Venusaur|263\/363 brn|[from] brn
|-damage|p1a: Diancie|43\/303 tox|[from] psn
|upkeep
|turn|39
|c|+Kushalos|h-w
|c|+choolio IGLESIAS|how*
|c|+choolio IGLESIAS|dw i got you
|c|+Kushalos|fuck off
|c|☆W3K|ghosting goes in pm kushalos
|c|☆W3K|oh
|c|☆Mr. Aldo|lol
|c|+choolio IGLESIAS|yea
|c|☆W3K|i thought u meant
|c|+choolio IGLESIAS|ghost him in pm
|c|☆W3K|healing wish
|c|☆Mr. Aldo|r e p o r t e d 
|c|+choolio IGLESIAS|lol
|c|☆W3K|does this get healing wish
|c|+choolio IGLESIAS|see
|c|☆W3K|!learn diancie, healing wish
|html|<div class="infobox">In Gen 7, Diancie <span class="message-learn-cannotlearn">can't<\/span> learn Healing Wish<\/div>
|c|+choolio IGLESIAS|after i basically revealed his strat
|c|+choolio IGLESIAS|he keeps going for it
|choice|move psychic|switch 3
|
|switch|p2a: Alomomola|Alomomola, F|501\/501
|move|p1a: Diancie|Psychic|p2a: Alomomola
|-damage|p2a: Alomomola|352\/501
|-damage|p1a: Diancie|13\/303 tox|[from] item: Life Orb
|
|-damage|p1a: Diancie|0 fnt|[from] psn
|upkeep
|faint|p1a: Diancie
|choice|switch 3|
|
|switch|p1a: Rotom|Rotom|262\/265
|-damage|p1a: Rotom|229\/265|[from] Stealth Rock
|turn|40
|c|+Kushalos|aldo
|c|+Kushalos|you need to bring
|c|+Kushalos|rhyperior
|c|+Kushalos|to stand a chance
|c|☆Mr. Aldo|mmm
|choice|move discharge|switch 3
|
|switch|p2a: Venusaur|Venusaur, F|263\/363 brn
|move|p1a: Rotom|Discharge|p2a: Venusaur
|-resisted|p2a: Venusaur
|-crit|p2a: Venusaur
|-damage|p2a: Venusaur|182\/363 brn
|
|-heal|p1a: Rotom|245\/265|[from] item: Leftovers
|-heal|p2a: Venusaur|204\/363 brn|[from] item: Black Sludge
|-damage|p2a: Venusaur|159\/363 brn|[from] brn
|upkeep
|turn|41
|c|+kamisama_no49|banded rock or ground on the whole
|c|+Kushalos|no
|c|+Kushalos|flygon
|c|+Kushalos|is a shitter
|c|+kamisama_no49|nah nah, u knock or status the mola and it'd still smash
|choice|move substitute|move gigadrain
|
|move|p1a: Rotom|Substitute|p1a: Rotom
|-start|p1a: Rotom|Substitute
|-damage|p1a: Rotom|179\/265
|move|p2a: Venusaur|Giga Drain|p1a: Rotom
|-end|p1a: Rotom|Substitute
|-heal|p2a: Venusaur|192\/363 brn|[from] drain|[of] p1a: Rotom
|
|-heal|p1a: Rotom|195\/265|[from] item: Leftovers
|-heal|p2a: Venusaur|214\/363 brn|[from] item: Black Sludge
|-damage|p2a: Venusaur|169\/363 brn|[from] brn
|upkeep
|turn|42
|choice|switch 2|move gigadrain
|
|switch|p1a: Drapion|Drapion, F|107\/281
|-damage|p1a: Drapion|72\/281|[from] Stealth Rock
|move|p2a: Venusaur|Giga Drain|p1a: Drapion
|-resisted|p1a: Drapion
|-damage|p1a: Drapion|12\/281
|-heal|p2a: Venusaur|199\/363 brn|[from] drain|[of] p1a: Drapion
|
|-heal|p2a: Venusaur|221\/363 brn|[from] item: Black Sludge
|-damage|p2a: Venusaur|176\/363 brn|[from] brn
|upkeep
|turn|43
|c|+Kushalos|when it came to you
|c|+Kushalos|id pas
|c|+Kushalos|s
|choice|move knockoff|switch 3
|
|switch|p2a: Alomomola|Alomomola, F|501\/501
|move|p1a: Drapion|Knock Off|p2a: Alomomola
|-damage|p2a: Alomomola|414\/501
|
|upkeep
|turn|44
|choice|switch 5|move wish
|
|switch|p1a: Escavalier|Escavalier, M|178\/343
|-damage|p1a: Escavalier|136\/343|[from] Stealth Rock
|move|p2a: Alomomola|Wish|p2a: Alomomola
|
|-heal|p1a: Escavalier|157\/343|[from] item: Leftovers
|upkeep
|turn|45
|choice|move drillrun|move scald
|
|move|p2a: Alomomola|Scald|p1a: Escavalier
|-damage|p1a: Escavalier|123\/343
|move|p1a: Escavalier|Drill Run|p2a: Alomomola
|-damage|p2a: Alomomola|331\/501
|
|-heal|p2a: Alomomola|501\/501|[from] move: Wish|[wisher] Alomomola
|-heal|p1a: Escavalier|144\/343|[from] item: Leftovers
|upkeep
|turn|46
|choice|move swordsdance|move scald
|
|move|p2a: Alomomola|Scald|p1a: Escavalier
|-damage|p1a: Escavalier|105\/343
|-status|p1a: Escavalier|brn
|move|p1a: Escavalier|Swords Dance|p1a: Escavalier
|-boost|p1a: Escavalier|atk|2
|
|-heal|p1a: Escavalier|126\/343 brn|[from] item: Leftovers
|-damage|p1a: Escavalier|84\/343 brn|[from] brn
|upkeep
|turn|47
|choice|move swordsdance|move wish
|
|move|p2a: Alomomola|Wish|p2a: Alomomola
|move|p1a: Escavalier|Swords Dance|p1a: Escavalier
|-boost|p1a: Escavalier|atk|2
|
|-heal|p1a: Escavalier|105\/343 brn|[from] item: Leftovers
|-damage|p1a: Escavalier|63\/343 brn|[from] brn
|upkeep
|turn|48
|choice|move megahorn|switch 6
|
|switch|p2a: Camerupt|Camerupt-Mega, F|167\/343
|move|p1a: Escavalier|Megahorn|p2a: Camerupt
|-resisted|p2a: Camerupt
|-damage|p2a: Camerupt|23\/343
|
|-heal|p2a: Camerupt|273\/343|[from] move: Wish|[wisher] Alomomola
|-heal|p1a: Escavalier|84\/343 brn|[from] item: Leftovers
|-damage|p1a: Escavalier|42\/343 brn|[from] brn
|upkeep
|turn|49
|c|+Kushalos|so goud
|choice|move drillrun|move earthpower
|
|move|p2a: Camerupt|Earth Power|p1a: Escavalier
|-damage|p1a: Escavalier|0 fnt
|faint|p1a: Escavalier
|
|upkeep
|choice|switch 5|
|
|switch|p1a: Drapion|Drapion, F|12\/281
|-damage|p1a: Drapion|0 fnt|[from] Stealth Rock
|faint|p1a: Drapion
|c|+Kushalos|49 lied
|choice|switch 2|
|
|switch|p1a: Rotom|Rotom|195\/265
|-damage|p1a: Rotom|162\/265|[from] Stealth Rock
|turn|50
|choice|move hex|move fireblast
|
|move|p1a: Rotom|Hex|p2a: Camerupt
|-damage|p2a: Camerupt|194\/343
|move|p2a: Camerupt|Fire Blast|p1a: Rotom
|-crit|p1a: Rotom
|-damage|p1a: Rotom|0 fnt
|faint|p1a: Rotom
|
|win|W3K
|L|EviGaro
|c|☆Mr. Aldo|gg
|c|☆W3K|gg
|L|W3K
|L|kamisama_no49
|L|Pearl ❤
|L|choolio IGLESIAS
|J|tko
|L|tko
|L|r0ady
|L|GOAO
|J|Seventy Minus One
|L|SweetPosho
|J|SweetPosho
|L|SweetPosho
|L|hamhamhamham
|L|Kushalos
|L|Seventy Minus One</script>
</div>
<div class="battle-log battle-log-inline"><div class="inner"><div class="battle-options"></div><div class="inner"><div class=""><small>Format:</small> <br><strong>RU</strong></div><div class=""><small><em>Sleep Clause Mod:</em> Limit one foe put to sleep</small></div><div class=""><small><em>Species Clause:</em> Limit one of each Pokémon</small></div><div class=""><small><em>OHKO Clause:</em> OHKO moves are banned</small></div><div class=""><small><em>Moody Clause:</em> Moody is banned</small></div><div class=""><small><em>Evasion Moves Clause:</em> Evasion moves are banned</small></div><div class=""><small><em>Endless Battle Clause:</em> Forcing endless battles is banned</small></div><div class=""><small><em>HP Percentage Mod:</em> HP is shown in percentages</small></div><div class=""><small><em>Swagger Clause:</em> Swagger is banned</small></div><div class=""><small><em>Baton Pass Clause:</em> Limit one Baton Passer, can't pass Spe and other stats simultaneously</small></div><div class="chat battle-history"><strong>Mr. Aldo's team:</strong> <em style="color:#445566;display:block;">Rotom / Weezing / Escavalier / Diancie / Seismitoad / Drapion</em></div><div class="chat battle-history"><strong>W3K's team:</strong> <em style="color:#445566;display:block;">Camerupt / Alomomola / Xatu / Sneasel / Diancie / Venusaur</em></div><div class="chat chatmessage-choolioiglesias"><strong style="color:hsl(180,50%,47.56809424%)"><small>+</small><span class="username" data-name="choolio IGLESIAS">choolio IGLESIAS</span>:</strong> <em>dont forget to post the replays W3K</em></div><div class="chat chatmessage-choolioiglesias"><strong style="color:hsl(180,50%,47.56809424%)"><small>+</small><span class="username" data-name="choolio IGLESIAS">choolio IGLESIAS</span>:</strong> <em>they are really important</em></div><div class="chat chatmessage-mraldo"><strong style="color:hsl(234,45%,61.885059011812395%)"><small>☆</small><span class="username" data-name="Mr. Aldo">Mr. Aldo</span>:</strong> <em>L</em></div><div class="chat chatmessage-kamisamano49"><strong style="color:hsl(189,86%,38%)"><small>+</small><span class="username" data-name="kamisama_no49">kamisama_no49</span>:</strong> <em>tellem uncoolio</em></div><div class="chat chatmessage-mraldo"><strong style="color:hsl(234,45%,61.885059011812395%)"><small>☆</small><span class="username" data-name="Mr. Aldo">Mr. Aldo</span>:</strong> <em>hf</em></div><div class="chat chatmessage-w3k"><strong style="color:hsl(223,46%,55.12304250823773%)"><small>☆</small><span class="username" data-name="W3K">W3K</span>:</strong> <em>same</em></div><div class="chat chatmessage-tko"><strong style="color:hsl(152,69%,38.419153807401294%)"><small>@</small><span class="username" data-name="tko">tko</span>:</strong> <em>aldo my hero</em></div><div class="chat chatmessage-choolioiglesias"><strong style="color:hsl(180,50%,47.56809424%)"><small>+</small><span class="username" data-name="choolio IGLESIAS">choolio IGLESIAS</span>:</strong> <em>i am doin so cold49</em></div><div class="chat chatmessage-tko"><strong style="color:hsl(152,69%,38.419153807401294%)"><small>@</small><span class="username" data-name="tko">tko</span>:</strong> <em>omg..</em></div><div class="spacer battle-history"><br></div><div class="battle-history">Battle started between Mr. Aldo and W3K!<br></div><div class="spacer battle-history"><br></div><div class="battle-history">Go! <strong>Seismitoad</strong>!<br></div><div class="spacer battle-history"><br></div><div class="battle-history">W3K sent out <strong>Venusaur</strong>!<br></div><div class="spacer battle-history"><br></div><h2 class="battle-history">Turn 1</h2><div class="spacer battle-history"><br></div><div class="battle-history">Seismitoad, come back!<br></div><div class="battle-history">Go! <strong>Weezing</strong>!<br></div><div class="spacer battle-history"><br></div><div class="battle-history">The opposing Venusaur used <strong>Leech Seed</strong>!<br></div><div class="battle-history"><small>Weezing was seeded!</small><br></div><div class="spacer battle-history"><br></div><div class="battle-history"><small>Weezing's health is sapped by Leech Seed!</small><br></div><div class="spacer battle-history"><br></div><h2 class="battle-history">Turn 2</h2><div class="spacer battle-history"><br></div><div class="battle-history">The opposing Venusaur used <strong>Leech Seed</strong>!<br></div><div class="battle-history"><small>But it failed!</small><br></div><div class="spacer battle-history"><br></div><div class="battle-history">Weezing used <strong>Sludge Bomb</strong>!<br></div><div class="battle-history"><small>(The opposing Venusaur lost <abbr title="−87/363">24.0%</abbr> of its health!)</small><br></div><div class="spacer battle-history"><br></div><div class="battle-history"><small>The opposing Venusaur restored a little HP using its Black Sludge!</small><br></div><div class="battle-history"><small>Weezing restored a little HP using its Black Sludge!</small><br></div><div class="battle-history"><small>Weezing's health is sapped by Leech Seed!</small><br></div><div class="spacer battle-history"><br></div><h2 class="battle-history">Turn 3</h2><div class="spacer battle-history"><br></div><div class="battle-history">W3K withdrew Venusaur!<br></div><div class="battle-history">W3K sent out <strong>Camerupt</strong>!<br></div><div class="spacer battle-history"><br></div><div class="battle-history">Weezing used <strong>Sludge Bomb</strong>!<br></div><div class="battle-history"><small>It's not very effective...</small><br></div><div class="battle-history"><small>(The opposing Camerupt lost <abbr title="−59/343">17.2%</abbr> of its health!)</small><br></div><div class="spacer battle-history"><br></div><div class="battle-history"><small>Weezing restored a little HP using its Black Sludge!</small><br></div><div class="battle-history"><small>Weezing's health is sapped by Leech Seed!</small><br></div><div class="spacer battle-history"><br></div><h2 class="battle-history">Turn 4</h2><div class="spacer battle-history"><br></div><div class="battle-history">Weezing, come back!<br></div><div class="battle-history">Go! <strong>Seismitoad</strong>!<br></div><div class="spacer battle-history"><br></div><div class="battle-history"><small>The opposing Camerupt's Cameruptite is reacting to W3K's Mega Bracelet!</small><br>The opposing Camerupt has Mega Evolved into Mega Camerupt!<br></div><div class="spacer battle-history"><br></div><div class="battle-history">The opposing Camerupt used <strong>Will-O-Wisp</strong>!<br></div><div class="battle-history"><small>Seismitoad was burned!</small><br></div><div class="spacer battle-history"><br></div><div class="battle-history"><small>Seismitoad was hurt by its burn!</small><br></div><div class="spacer battle-history"><br></div><h2 class="battle-history">Turn 5</h2><div class="spacer battle-history"><br></div><div class="battle-history">W3K withdrew Camerupt!<br></div><div class="battle-history">W3K sent out <strong>Xatu</strong>!<br></div><div class="spacer battle-history"><br></div><div class="battle-history">Seismitoad used <strong>Knock Off</strong>!<br></div><div class="battle-history"><small>It's super effective!</small><br></div><div class="battle-history"><small>(The opposing Xatu lost <abbr title="−68/333">20.4%</abbr> of its health!)</small><br></div><div class="battle-history"><small>Seismitoad was hurt by the Rocky Helmet!</small><br></div><div class="battle-history"><small>Seismitoad knocked off the opposing Xatu's Rocky Helmet!</small><br></div><div class="spacer battle-history"><br></div><div class="battle-history"><small>Seismitoad restored a little HP using its Leftovers!</small><br></div><div class="battle-history"><small>Seismitoad was hurt by its burn!</small><br></div><div class="spacer battle-history"><br></div><h2 class="battle-history">Turn 6</h2><div class="spacer battle-history"><br></div><div class="battle-history">Seismitoad, come back!<br></div><div class="battle-history">Go! <strong>Drapion</strong>!<br></div><div class="spacer battle-history"><br></div><div class="battle-history">The opposing Xatu used <strong>U-turn</strong>!<br></div><div class="battle-history"><small>(Drapion lost <abbr title="−36/281">12.8%</abbr> of its health!)</small><br></div><div class="spacer battle-history"><br></div><div class="battle-history">The opposing Xatu went back to W3K!<br></div><div class="battle-history">W3K sent out <strong>Alomomola</strong>!<br></div><div class="spacer battle-history"><br></div><h2 class="battle-history">Turn 7</h2><div class="spacer battle-history"><br></div><div class="battle-history">Drapion, come back!<br></div><div class="battle-history">Go! <strong>Seismitoad</strong>!<br></div><div class="spacer battle-history"><br></div><div class="battle-history">The opposing Alomomola used <strong>Wish</strong>!<br></div><div class="spacer battle-history"><br></div><div class="battle-history"><small>Seismitoad restored a little HP using its Leftovers!</small><br></div><div class="battle-history"><small>Seismitoad was hurt by its burn!</small><br></div><div class="spacer battle-history"><br></div><h2 class="battle-history">Turn 8</h2><div class="spacer battle-history"><br></div><div class="battle-history">W3K withdrew Alomomola!<br></div><div class="battle-history">W3K sent out <strong>Xatu</strong>!<br></div><div class="spacer battle-history"><br></div><div class="battle-history">Seismitoad used <strong>Toxic</strong>!<br></div><div class="spacer battle-history"><br></div><div class="battle-history"><small>[The opposing Xatu's Magic Bounce]</small><br>The opposing Xatu bounced the Toxic back!<br></div><div class="battle-history"><small>But it failed!</small><br></div><div class="spacer battle-history"><br></div><div class="battle-history"><small>Alomomola's wish came true!</small><br></div><div class="battle-history"><small>Seismitoad restored a little HP using its Leftovers!</small><br></div><div class="battle-history"><small>Seismitoad was hurt by its burn!</small><br></div><div class="spacer battle-history"><br></div><h2 class="battle-history">Turn 9</h2><div class="spacer battle-history"><br></div><div class="battle-history">Seismitoad, come back!<br></div><div class="battle-history">Go! <strong>Drapion</strong>!<br></div><div class="spacer battle-history"><br></div><div class="battle-history">The opposing Xatu used <strong>Night Shade</strong>!<br></div><div class="battle-history"><small>(Drapion lost <abbr title="−100/281">35.6%</abbr> of its health!)</small><br></div><div class="spacer battle-history"><br></div><h2 class="battle-history">Turn 10</h2><div class="spacer battle-history"><br></div><div class="battle-history">Drapion used <strong>Knock Off</strong>!<br></div><div class="battle-history"><small>It's super effective!</small><br></div><div class="battle-history"><small>(The opposing Xatu lost <abbr title="−198/333">59.5%</abbr> of its health!)</small><br></div><div class="spacer battle-history"><br></div><div class="battle-history">The opposing Xatu used <strong>U-turn</strong>!<br></div><div class="battle-history"><small>(Drapion lost <abbr title="−38/281">13.5%</abbr> of its health!)</small><br></div><div class="spacer battle-history"><br></div><div class="battle-history">The opposing Xatu went back to W3K!<br></div><div class="battle-history">W3K sent out Camerupt (<strong>Camerupt-Mega</strong>)!<br></div><div class="spacer battle-history"><br></div><h2 class="battle-history">Turn 11</h2><div class="spacer battle-history"><br></div><div class="battle-history">Drapion, come back!<br></div><div class="battle-history">Go! <strong>Seismitoad</strong>!<br></div><div class="spacer battle-history"><br></div><div class="battle-history">The opposing Camerupt used <strong>Fire Blast</strong>!<br></div><div class="battle-history"><small>It's not very effective...</small><br></div><div class="battle-history"><small>(Seismitoad lost <abbr title="−170/413">41.2%</abbr> of its health!)</small><br></div><div class="spacer battle-history"><br></div><div class="battle-history"><small>Seismitoad restored a little HP using its Leftovers!</small><br></div><div class="battle-history"><small>Seismitoad was hurt by its burn!</small><br></div><div class="spacer battle-history"><br></div><h2 class="battle-history">Turn 12</h2><div class="spacer battle-history"><br></div><div class="battle-history">W3K withdrew Camerupt!<br></div><div class="battle-history">W3K sent out <strong>Xatu</strong>!<br></div><div class="spacer battle-history"><br></div><div class="battle-history">Seismitoad used <strong>Earthquake</strong>!<br></div><div class="battle-history"><small>It doesn't affect the opposing Xatu...</small><br></div><div class="spacer battle-history"><br></div><div class="battle-history"><small>Seismitoad restored a little HP using its Leftovers!</small><br></div><div class="battle-history"><small>Seismitoad was hurt by its burn!</small><br></div><div class="spacer battle-history"><br></div><div class="battle-history">Seismitoad fainted!<br></div><div class="spacer battle-history"><br></div><div class="battle-history">Go! <strong>Drapion</strong>!<br></div><div class="spacer battle-history"><br></div><h2 class="battle-history">Turn 13</h2><div class="spacer battle-history"><br></div><div class="battle-history">W3K withdrew Xatu!<br></div><div class="battle-history">W3K sent out <strong>Alomomola</strong>!<br></div><div class="spacer battle-history"><br></div><div class="battle-history">Drapion used <strong>Knock Off</strong>!<br></div><div class="battle-history"><small>(The opposing Alomomola lost <abbr title="−135/501">26.9%</abbr> of its health!)</small><br></div><div class="battle-history"><small>Drapion knocked off the opposing Alomomola's Leftovers!</small><br></div><div class="spacer battle-history"><br></div><h2 class="battle-history">Turn 14</h2><div class="spacer battle-history"><br></div><div class="battle-history">Drapion, come back!<br></div><div class="battle-history">Go! <strong>Weezing</strong>!<br></div><div class="spacer battle-history"><br></div><div class="battle-history">The opposing Alomomola used <strong>Scald</strong>!<br></div><div class="battle-history"><small>(Weezing lost <abbr title="−48/333">14.4%</abbr> of its health!)</small><br></div><div class="battle-history"><small>Weezing was burned!</small><br></div><div class="spacer battle-history"><br></div><div class="battle-history"><small>Weezing restored a little HP using its Black Sludge!</small><br></div><div class="battle-history"><small>Weezing was hurt by its burn!</small><br></div><div class="spacer battle-history"><br></div><h2 class="battle-history">Turn 15</h2><div class="chat chatmessage-kamisamano49"><strong style="color:hsl(189,86%,38%)"><small>+</small><span class="username" data-name="kamisama_no49">kamisama_no49</span>:</strong> <em>when u don't roost into the drap the first time to make the proceeding ones a 50, just to prove how raw u r</em></div><div class="chat chatmessage-kamisamano49"><strong style="color:hsl(189,86%,38%)"><small>+</small><span class="username" data-name="kamisama_no49">kamisama_no49</span>:</strong> <em>hardcore</em></div><div class="chat chatmessage-w3k"><strong style="color:hsl(223,46%,55.12304250823773%)"><small>☆</small><span class="username" data-name="W3K">W3K</span>:</strong> <em>i thought they ran sd</em></div><div class="chat chatmessage-lighthouses"><strong style="color:hsl(320,49%,50.56078876181623%)"><small>+</small><span class="username" data-name="lighthouses">lighthouses</span>:</strong> <em>omfg</em></div><div class="chat chatmessage-lighthouses"><strong style="color:hsl(320,49%,50.56078876181623%)"><small>+</small><span class="username" data-name="lighthouses">lighthouses</span>:</strong> <em>is this mr aldo</em></div><div class="chat chatmessage-lighthouses"><strong style="color:hsl(320,49%,50.56078876181623%)"><small>+</small><span class="username" data-name="lighthouses">lighthouses</span>:</strong> <em>playing</em></div><div class="chat chatmessage-lighthouses"><strong style="color:hsl(320,49%,50.56078876181623%)"><small>+</small><span class="username" data-name="lighthouses">lighthouses</span>:</strong> <em>pokemon</em></div><div class="chat chatmessage-lighthouses"><strong style="color:hsl(320,49%,50.56078876181623%)"><small>+</small><span class="username" data-name="lighthouses">lighthouses</span>:</strong> <em>no way</em></div><div class="spacer battle-history"><br></div><div class="battle-history">W3K withdrew Alomomola!<br></div><div class="battle-history">W3K sent out <strong>Diancie</strong>!<br></div><div class="spacer battle-history"><br></div><div class="battle-history">Weezing used <strong>Sludge Bomb</strong>!<br></div><div class="battle-history"><small>A critical hit!</small><br></div><div class="battle-history"><small>(The opposing Diancie lost <abbr title="−79/304">26.0%</abbr> of its health!)</small><br></div><div class="battle-history"><small>The opposing Diancie was poisoned!</small><br></div><div class="spacer battle-history"><br></div><div class="battle-history"><small>Weezing restored a little HP using its Black Sludge!</small><br></div><div class="battle-history"><small>The opposing Diancie restored a little HP using its Leftovers!</small><br></div><div class="battle-history"><small>Weezing was hurt by its burn!</small><br></div><div class="battle-history"><small>The opposing Diancie was hurt by poison!</small><br></div><div class="spacer battle-history"><br></div><h2 class="battle-history">Turn 16</h2><div class="chat chatmessage-kamisamano49"><strong style="color:hsl(189,86%,38%)"><small>+</small><span class="username" data-name="kamisama_no49">kamisama_no49</span>:</strong> <em>u see enough kush teams to kno what they do</em></div><div class="chat chatmessage-choolioiglesias"><strong style="color:hsl(180,50%,47.56809424%)"><small>+</small><span class="username" data-name="choolio IGLESIAS">choolio IGLESIAS</span>:</strong> <em>he never looks at the moves till the game starts</em></div><div class="chat chatmessage-kamisamano49"><strong style="color:hsl(189,86%,38%)"><small>+</small><span class="username" data-name="kamisama_no49">kamisama_no49</span>:</strong> <em>bird up</em></div><div class="chat chatmessage-w3k"><strong style="color:hsl(223,46%,55.12304250823773%)"><small>☆</small><span class="username" data-name="W3K">W3K</span>:</strong> <em>i havent seen a weezing since fire red</em></div><div class="chat chatmessage-w3k"><strong style="color:hsl(223,46%,55.12304250823773%)"><small>☆</small><span class="username" data-name="W3K">W3K</span>:</strong> <em>whats it do</em></div><div class="spacer battle-history"><br></div><div class="battle-history">W3K withdrew Diancie!<br></div><div class="battle-history">W3K sent out <strong>Xatu</strong>!<br></div><div class="spacer battle-history"><br></div><div class="battle-history">Weezing used <strong>Taunt</strong>!<br></div><div class="spacer battle-history"><br></div><div class="battle-history"><small>[The opposing Xatu's Magic Bounce]</small><br>The opposing Xatu bounced the Taunt back!<br></div><div class="battle-history"><small>Weezing fell for the taunt!</small><br></div><div class="spacer battle-history"><br></div><div class="battle-history"><small>Weezing restored a little HP using its Black Sludge!</small><br></div><div class="battle-history"><small>Weezing was hurt by its burn!</small><br></div><div class="spacer battle-history"><br></div><h2 class="battle-history">Turn 17</h2><div class="chat chatmessage-choolioiglesias"><strong style="color:hsl(180,50%,47.56809424%)"><small>+</small><span class="username" data-name="choolio IGLESIAS">choolio IGLESIAS</span>:</strong> <em>damn</em></div><div class="chat chatmessage-choolioiglesias"><strong style="color:hsl(180,50%,47.56809424%)"><small>+</small><span class="username" data-name="choolio IGLESIAS">choolio IGLESIAS</span>:</strong> <em>nice bluff man</em></div><div class="chat chatmessage-choolioiglesias"><strong style="color:hsl(180,50%,47.56809424%)"><small>+</small><span class="username" data-name="choolio IGLESIAS">choolio IGLESIAS</span>:</strong> <em>nice bluff</em></div><div class="chat chatmessage-w3k"><strong style="color:hsl(223,46%,55.12304250823773%)"><small>☆</small><span class="username" data-name="W3K">W3K</span>:</strong> <em>i mean</em></div><div class="chat chatmessage-w3k"><strong style="color:hsl(223,46%,55.12304250823773%)"><small>☆</small><span class="username" data-name="W3K">W3K</span>:</strong> <em>i didnt lie</em></div><div class="chat chatmessage-choolioiglesias"><strong style="color:hsl(180,50%,47.56809424%)"><small>+</small><span class="username" data-name="choolio IGLESIAS">choolio IGLESIAS</span>:</strong> <em>sure</em></div><div class="spacer battle-history"><br></div><div class="battle-history">W3K withdrew Xatu!<br></div><div class="battle-history">W3K sent out <strong>Diancie</strong>!<br></div><div class="spacer battle-history"><br></div><div class="battle-history">Weezing used <strong>Sludge Bomb</strong>!<br></div><div class="battle-history"><small>(The opposing Diancie lost <abbr title="−55/304">18.1%</abbr> of its health!)</small><br></div><div class="spacer battle-history"><br></div><div class="battle-history"><small>Weezing restored a little HP using its Black Sludge!</small><br></div><div class="battle-history"><small>The opposing Diancie restored a little HP using its Leftovers!</small><br></div><div class="battle-history"><small>Weezing was hurt by its burn!</small><br></div><div class="battle-history"><small>The opposing Diancie was hurt by poison!</small><br></div><div class="spacer battle-history"><br></div><h2 class="battle-history">Turn 18</h2><div class="chat chatmessage-choolioiglesias"><strong style="color:hsl(180,50%,47.56809424%)"><small>+</small><span class="username" data-name="choolio IGLESIAS">choolio IGLESIAS</span>:</strong> <em>makin your opponent feel insecure</em></div><div class="chat chatmessage-kamisamano49"><strong style="color:hsl(189,86%,38%)"><small>+</small><span class="username" data-name="kamisama_no49">kamisama_no49</span>:</strong> <em>nah nah, that read was based off adv at the earliest</em></div><div class="chat chatmessage-kamisamano49"><strong style="color:hsl(189,86%,38%)"><small>+</small><span class="username" data-name="kamisama_no49">kamisama_no49</span>:</strong> <em>i feel that</em></div><div class="spacer battle-history"><br></div><div class="battle-history">Weezing used <strong>Sludge Bomb</strong>!<br></div><div class="battle-history"><small>(The opposing Diancie lost <abbr title="−48/304">15.8%</abbr> of its health!)</small><br></div><div class="spacer battle-history"><br></div><div class="battle-history">The opposing Diancie used <strong>Stealth Rock</strong>!<br></div><div class="battle-history"><small>Pointed stones float in the air around your team!</small><br></div><div class="spacer battle-history"><br></div><div class="battle-history"><small>Weezing restored a little HP using its Black Sludge!</small><br></div><div class="battle-history"><small>The opposing Diancie restored a little HP using its Leftovers!</small><br></div><div class="battle-history"><small>Weezing was hurt by its burn!</small><br></div><div class="battle-history"><small>The opposing Diancie was hurt by poison!</small><br></div><div class="spacer battle-history"><br></div><h2 class="battle-history">Turn 19</h2><div class="spacer battle-history"><br></div><div class="battle-history">Weezing used <strong>Sludge Bomb</strong>!<br></div><div class="battle-history"><small>(The opposing Diancie lost <abbr title="−49/304">16.1%</abbr> of its health!)</small><br></div><div class="spacer battle-history"><br></div><div class="battle-history">The opposing Diancie used <strong>Moonblast</strong>!<br></div><div class="battle-history"><small>It's not very effective...</small><br></div><div class="battle-history"><small>(Weezing lost <abbr title="−54/333">16.2%</abbr> of its health!)</small><br></div><div class="spacer battle-history"><br></div><div class="battle-history"><small>Weezing restored a little HP using its Black Sludge!</small><br></div><div class="battle-history"><small>The opposing Diancie restored a little HP using its Leftovers!</small><br></div><div class="battle-history"><small>Weezing was hurt by its burn!</small><br></div><div class="battle-history"><small>The opposing Diancie was hurt by poison!</small><br></div><div class="battle-history"><small>Weezing's taunt wore off!</small><br></div><div class="spacer battle-history"><br></div><div class="battle-history">The opposing Diancie fainted!<br></div><div class="chat chatmessage-choolioiglesias"><strong style="color:hsl(180,50%,47.56809424%)"><small>+</small><span class="username" data-name="choolio IGLESIAS">choolio IGLESIAS</span>:</strong> <em>up</em></div><div class="spacer battle-history"><br></div><div class="battle-history">W3K sent out <strong>Sneasel</strong>!<br></div><div class="spacer battle-history"><br></div><h2 class="battle-history">Turn 20</h2><div class="spacer battle-history"><br></div><div class="battle-history">The opposing Sneasel used <strong>Knock Off</strong>!<br></div><div class="battle-history"><small>(Weezing lost <abbr title="−22/333">6.6%</abbr> of its health!)</small><br></div><div class="battle-history"><small>The opposing Sneasel knocked off Weezing's Black Sludge!</small><br></div><div class="battle-history"><small>The opposing Sneasel lost some of its HP!</small><br></div><div class="spacer battle-history"><br></div><div class="battle-history">Weezing fainted!<br></div><div class="spacer battle-history"><br></div><div class="battle-history">Go! <strong>Diancie</strong>!<br></div><div class="battle-history"><small>Pointed stones dug into Diancie!</small><br></div><div class="spacer battle-history"><br></div><h2 class="battle-history">Turn 21</h2><div class="chat chatmessage-w3k"><strong style="color:hsl(223,46%,55.12304250823773%)"><small>☆</small><span class="username" data-name="W3K">W3K</span>:</strong> <em>do these run rp</em></div><div class="chat chatmessage-choolioiglesias"><strong style="color:hsl(180,50%,47.56809424%)"><small>+</small><span class="username" data-name="choolio IGLESIAS">choolio IGLESIAS</span>:</strong> <em>doing it again</em></div><div class="spacer battle-history"><br></div><div class="battle-history">W3K withdrew Sneasel!<br></div><div class="battle-history">W3K sent out <strong>Alomomola</strong>!<br></div><div class="spacer battle-history"><br></div><div class="battle-history">Diancie used <strong>Trick Room</strong>!<br></div><div class="battle-history"><small>Diancie twisted the dimensions!</small><br></div><div class="spacer battle-history"><br></div><h2 class="battle-history">Turn 22</h2><div class="chat chatmessage-choolioiglesias"><strong style="color:hsl(180,50%,47.56809424%)"><small>+</small><span class="username" data-name="choolio IGLESIAS">choolio IGLESIAS</span>:</strong> <em>dont let him get you out of your concept B</em></div><div class="chat chatmessage-choolioiglesias"><strong style="color:hsl(180,50%,47.56809424%)"><small>+</small><span class="username" data-name="choolio IGLESIAS">choolio IGLESIAS</span>:</strong> <em>he just toyin with the "what does this do" shit</em></div><div class="chat chatmessage-w3k"><strong style="color:hsl(223,46%,55.12304250823773%)"><small>☆</small><span class="username" data-name="W3K">W3K</span>:</strong> <em><a href="https://www.youtube.com/watch?v=JrW1NBW2mAs" rel="noopener" target="_blank">https://www.youtube.com/watch?v=JrW1NBW2mAs</a></em></div><div class="chat chatmessage-w3k"><strong style="color:hsl(223,46%,55.12304250823773%)"><small>☆</small><span class="username" data-name="W3K">W3K</span>:</strong> <em>background music</em></div><div class="chat chatmessage-kamisamano49"><strong style="color:hsl(189,86%,38%)"><small>+</small><span class="username" data-name="kamisama_no49">kamisama_no49</span>:</strong> <em>a real play woulda been making that bluff, then hitting iron tail</em></div><div class="chat chatmessage-mraldo"><strong style="color:hsl(234,45%,61.885059011812395%)"><small>☆</small><span class="username" data-name="Mr. Aldo">Mr. Aldo</span>:</strong> <em>Id pressed X</em></div><div class="chat chatmessage-mraldo"><strong style="color:hsl(234,45%,61.885059011812395%)"><small>☆</small><span class="username" data-name="Mr. Aldo">Mr. Aldo</span>:</strong> <em>no lie</em></div><div class="chat chatmessage-choolioiglesias"><strong style="color:hsl(180,50%,47.56809424%)"><small>+</small><span class="username" data-name="choolio IGLESIAS">choolio IGLESIAS</span>:</strong> <em>maybe kushalos is whispering him some sick plays</em></div><div class="spacer battle-history"><br></div><div class="battle-history">Diancie used <strong>Moonblast</strong>!<br></div><div class="battle-history"><small>(The opposing Alomomola lost <abbr title="−263/501">52.5%</abbr> of its health!)</small><br></div><div class="battle-history"><small>The opposing Alomomola's Special Attack fell!</small><br></div><div class="battle-history"><small>Diancie lost some of its HP!</small><br></div><div class="spacer battle-history"><br></div><div class="battle-history">The opposing Alomomola used <strong>Toxic</strong>!<br></div><div class="battle-history"><small>Diancie was badly poisoned!</small><br></div><div class="spacer battle-history"><br></div><div class="battle-history"><small>Diancie was hurt by poison!</small><br></div><div class="spacer battle-history"><br></div><h2 class="battle-history">Turn 23</h2><div class="chat chatmessage-r0ady"><strong style="color:hsl(306,70%,44.2804644005872%)"><small>+</small><span class="username" data-name="r0ady">r0ady</span>:</strong> <em>w3k you tryna play bw ru cup after</em></div><div class="chat chatmessage-w3k"><strong style="color:hsl(223,46%,55.12304250823773%)"><small>☆</small><span class="username" data-name="W3K">W3K</span>:</strong> <em>hol up</em></div><div class="chat chatmessage-choolioiglesias"><strong style="color:hsl(180,50%,47.56809424%)"><small>+</small><span class="username" data-name="choolio IGLESIAS">choolio IGLESIAS</span>:</strong> <em>including to switch out the sneasle with iron tail</em></div><div class="chat chatmessage-w3k"><strong style="color:hsl(223,46%,55.12304250823773%)"><small>☆</small><span class="username" data-name="W3K">W3K</span>:</strong> <em>idk im grabbing food prob</em></div><div class="chat chatmessage-lighthouses"><strong style="color:hsl(320,49%,50.56078876181623%)"><small>+</small><span class="username" data-name="lighthouses">lighthouses</span>:</strong> <em>lame ost</em></div><div class="chat chatmessage-w3k"><strong style="color:hsl(223,46%,55.12304250823773%)"><small>☆</small><span class="username" data-name="W3K">W3K</span>:</strong> <em>then watching stour</em></div><div class="spacer battle-history"><br></div><div class="battle-history">The opposing Alomomola used <strong>Protect</strong>!<br></div><div class="battle-history"><small>The opposing Alomomola protected itself!</small><br></div><div class="spacer battle-history"><br></div><div class="battle-history">Diancie used <strong>Moonblast</strong>!<br></div><div class="battle-history"><small>The opposing Alomomola protected itself!</small><br></div><div class="spacer battle-history"><br></div><div class="battle-history"><small>Diancie was hurt by poison!</small><br></div><div class="spacer battle-history"><br></div><h2 class="battle-history">Turn 24</h2><div class="chat chatmessage-kamisamano49"><strong style="color:hsl(189,86%,38%)"><small>+</small><span class="username" data-name="kamisama_no49">kamisama_no49</span>:</strong> <em>bring knock clef balance roady</em></div><div class="chat chatmessage-kamisamano49"><strong style="color:hsl(189,86%,38%)"><small>+</small><span class="username" data-name="kamisama_no49">kamisama_no49</span>:</strong> <em>kush teams too passive to beat that</em></div><div class="chat chatmessage-w3k"><strong style="color:hsl(223,46%,55.12304250823773%)"><small>☆</small><span class="username" data-name="W3K">W3K</span>:</strong> <em>its ok</em></div><div class="chat chatmessage-w3k"><strong style="color:hsl(223,46%,55.12304250823773%)"><small>☆</small><span class="username" data-name="W3K">W3K</span>:</strong> <em>i have hnc teams</em></div><div class="chat chatmessage-choolioiglesias"><strong style="color:hsl(180,50%,47.56809424%)"><small>+</small><span class="username" data-name="choolio IGLESIAS">choolio IGLESIAS</span>:</strong> <em>its ok i can give him bw1 ru teams</em></div><div class="chat chatmessage-choolioiglesias"><strong style="color:hsl(180,50%,47.56809424%)"><small>+</small><span class="username" data-name="choolio IGLESIAS">choolio IGLESIAS</span>:</strong> <em>featuring pineco</em></div><div class="chat chatmessage-kamisamano49"><strong style="color:hsl(189,86%,38%)"><small>+</small><span class="username" data-name="kamisama_no49">kamisama_no49</span>:</strong> <em>ah, wordo</em></div><div class="chat chatmessage-kushalos"><strong style="color:hsl(241,86%,63.275220778172695%)"><small>+</small><span class="username" data-name="Kushalos">Kushalos</span>:</strong> <em>no</em></div><div class="chat chatmessage-kushalos"><strong style="color:hsl(241,86%,63.275220778172695%)"><small>+</small><span class="username" data-name="Kushalos">Kushalos</span>:</strong> <em>that tier</em></div><div class="chat chatmessage-kushalos"><strong style="color:hsl(241,86%,63.275220778172695%)"><small>+</small><span class="username" data-name="Kushalos">Kushalos</span>:</strong> <em>doesnt exist</em></div><div class="spacer battle-history"><br></div><div class="battle-history">W3K withdrew Alomomola!<br></div><div class="battle-history">W3K sent out <strong>Xatu</strong>!<br></div><div class="spacer battle-history"><br></div><div class="battle-history">Diancie used <strong>Moonblast</strong>!<br></div><div class="battle-history"><small>(The opposing Xatu lost <abbr title="−135/333">40.5%</abbr> of its health!)</small><br></div><div class="battle-history"><small>Diancie lost some of its HP!</small><br></div><div class="spacer battle-history"><br></div><div class="battle-history">The opposing Xatu fainted!<br></div><div class="spacer battle-history"><br></div><div class="battle-history"><small>Diancie was hurt by poison!</small><br></div><div class="chat chatmessage-choolioiglesias"><strong style="color:hsl(180,50%,47.56809424%)"><small>+</small><span class="username" data-name="choolio IGLESIAS">choolio IGLESIAS</span>:</strong> <em>hes right</em></div><div class="chat chatmessage-choolioiglesias"><strong style="color:hsl(180,50%,47.56809424%)"><small>+</small><span class="username" data-name="choolio IGLESIAS">choolio IGLESIAS</span>:</strong> <em>ru is just something we all dream about</em></div><div class="chat chatmessage-choolioiglesias"><strong style="color:hsl(180,50%,47.56809424%)"><small>+</small><span class="username" data-name="choolio IGLESIAS">choolio IGLESIAS</span>:</strong> <em>but it really doesnt exist</em></div><div class="chat chatmessage-choolioiglesias"><strong style="color:hsl(180,50%,47.56809424%)"><small>+</small><span class="username" data-name="choolio IGLESIAS">choolio IGLESIAS</span>:</strong> <em>kushalos learning FAST</em></div><div class="spacer battle-history"><br></div><div class="battle-history">W3K sent out <strong>Alomomola</strong>!<br></div><div class="spacer battle-history"><br></div><h2 class="battle-history">Turn 25</h2><div class="spacer battle-history"><br></div><div class="battle-history">Diancie, come back!<br></div><div class="battle-history">Go! <strong>Rotom</strong>!<br></div><div class="battle-history"><small>Pointed stones dug into Rotom!</small><br></div><div class="spacer battle-history"><br></div><div class="battle-history">The opposing Alomomola used <strong>Wish</strong>!<br></div><div class="spacer battle-history"><br></div><div class="battle-history"><small>Rotom restored a little HP using its Leftovers!</small><br></div><div class="battle-history"><small>The twisted dimensions returned to normal!</small><br></div><div class="spacer battle-history"><br></div><h2 class="battle-history">Turn 26</h2><div class="chat chatmessage-kamisamano49"><strong style="color:hsl(189,86%,38%)"><small>+</small><span class="username" data-name="kamisama_no49">kamisama_no49</span>:</strong> <em>hp water</em></div><div class="chat chatmessage-kushalos"><strong style="color:hsl(241,86%,63.275220778172695%)"><small>+</small><span class="username" data-name="Kushalos">Kushalos</span>:</strong> <em>that camel</em></div><div class="chat chatmessage-kushalos"><strong style="color:hsl(241,86%,63.275220778172695%)"><small>+</small><span class="username" data-name="Kushalos">Kushalos</span>:</strong> <em>is looking p solid</em></div><div class="chat chatmessage-kushalos"><strong style="color:hsl(241,86%,63.275220778172695%)"><small>+</small><span class="username" data-name="Kushalos">Kushalos</span>:</strong> <em>rn</em></div><div class="chat chatmessage-choolioiglesias"><strong style="color:hsl(180,50%,47.56809424%)"><small>+</small><span class="username" data-name="choolio IGLESIAS">choolio IGLESIAS</span>:</strong> <em>reporting you scum</em></div><div class="spacer battle-history"><br></div><div class="battle-history">W3K withdrew Alomomola!<br></div><div class="battle-history">W3K sent out Camerupt (<strong>Camerupt-Mega</strong>)!<br></div><div class="spacer battle-history"><br></div><div class="battle-history">Rotom used <strong>Substitute</strong>!<br></div><div class="battle-history"><small>Rotom put in a substitute!</small><br></div><div class="battle-history"><small>(Rotom lost <abbr title="−66/265">24.9%</abbr> of its health!)</small><br></div><div class="spacer battle-history"><br></div><div class="battle-history"><small>Alomomola's wish came true!</small><br></div><div class="battle-history"><small>Rotom restored a little HP using its Leftovers!</small><br></div><div class="spacer battle-history"><br></div><h2 class="battle-history">Turn 27</h2><div class="spacer battle-history"><br></div><div class="battle-history">Rotom used <strong>Hex</strong>!<br></div><div class="battle-history"><small>(The opposing Camerupt lost <abbr title="−88/343">25.7%</abbr> of its health!)</small><br></div><div class="spacer battle-history"><br></div><div class="battle-history">The opposing Camerupt used <strong>Fire Blast</strong>!<br></div><div class="battle-history"><small>Rotom avoided the attack!</small><br></div><div class="spacer battle-history"><br></div><div class="battle-history"><small>Rotom restored a little HP using its Leftovers!</small><br></div><div class="spacer battle-history"><br></div><h2 class="battle-history">Turn 28</h2><div class="chat chatmessage-mraldo"><strong style="color:hsl(234,45%,61.885059011812395%)"><small>☆</small><span class="username" data-name="Mr. Aldo">Mr. Aldo</span>:</strong> <em>sorry</em></div><div class="spacer battle-history"><br></div><div class="battle-history">Rotom used <strong>Hex</strong>!<br></div><div class="battle-history"><small>(The opposing Camerupt lost <abbr title="−88/343">25.7%</abbr> of its health!)</small><br></div><div class="spacer battle-history"><br></div><div class="battle-history">The opposing Camerupt used <strong>Fire Blast</strong>!<br></div><div class="battle-history"><small>Rotom avoided the attack!</small><br></div><div class="spacer battle-history"><br></div><div class="battle-history"><small>Rotom restored a little HP using its Leftovers!</small><br></div><div class="spacer battle-history"><br></div><h2 class="battle-history">Turn 29</h2><div class="chat chatmessage-choolioiglesias"><strong style="color:hsl(180,50%,47.56809424%)"><small>+</small><span class="username" data-name="choolio IGLESIAS">choolio IGLESIAS</span>:</strong> <em>u dropped the sorry 1 turn too early</em></div><div class="chat chatmessage-mraldo"><strong style="color:hsl(234,45%,61.885059011812395%)"><small>☆</small><span class="username" data-name="Mr. Aldo">Mr. Aldo</span>:</strong> <em>welp</em></div><div class="chat chatmessage-mraldo"><strong style="color:hsl(234,45%,61.885059011812395%)"><small>☆</small><span class="username" data-name="Mr. Aldo">Mr. Aldo</span>:</strong> <em>yeh</em></div><div class="chat chatmessage-kamisamano49"><strong style="color:hsl(189,86%,38%)"><small>+</small><span class="username" data-name="kamisama_no49">kamisama_no49</span>:</strong> <em>nvm, u seem to be getting by w/o it</em></div><div class="chat chatmessage-mraldo"><strong style="color:hsl(234,45%,61.885059011812395%)"><small>☆</small><span class="username" data-name="Mr. Aldo">Mr. Aldo</span>:</strong> <em>I did</em></div><div class="chat chatmessage-mraldo"><strong style="color:hsl(234,45%,61.885059011812395%)"><small>☆</small><span class="username" data-name="Mr. Aldo">Mr. Aldo</span>:</strong> <em>that sucks a lot, no lie</em></div><div class="spacer battle-history"><br></div><div class="battle-history">W3K withdrew Camerupt!<br></div><div class="battle-history">W3K sent out <strong>Venusaur</strong>!<br></div><div class="spacer battle-history"><br></div><div class="battle-history">Rotom used <strong>Hex</strong>!<br></div><div class="battle-history"><small>(The opposing Venusaur lost <abbr title="−90/363">24.8%</abbr> of its health!)</small><br></div><div class="spacer battle-history"><br></div><div class="battle-history"><small>Rotom restored a little HP using its Leftovers!</small><br></div><div class="battle-history"><small>The opposing Venusaur restored a little HP using its Black Sludge!</small><br></div><div class="spacer battle-history"><br></div><h2 class="battle-history">Turn 30</h2><div class="chat chatmessage-w3k"><strong style="color:hsl(223,46%,55.12304250823773%)"><small>☆</small><span class="username" data-name="W3K">W3K</span>:</strong> <em>does ghost resist grass</em></div><div class="chat chatmessage-mraldo"><strong style="color:hsl(234,45%,61.885059011812395%)"><small>☆</small><span class="username" data-name="Mr. Aldo">Mr. Aldo</span>:</strong> <em>nope</em></div><div class="spacer battle-history"><br></div><div class="battle-history">Rotom used <strong>Will-O-Wisp</strong>!<br></div><div class="battle-history"><small>The opposing Venusaur was burned!</small><br></div><div class="spacer battle-history"><br></div><div class="battle-history">The opposing Venusaur used <strong>Giga Drain</strong>!<br></div><div class="battle-history"><small>Rotom's substitute faded!</small><br></div><div class="battle-history"><small>Rotom had its energy drained!</small><br></div><div class="spacer battle-history"><br></div><div class="battle-history"><small>Rotom restored a little HP using its Leftovers!</small><br></div><div class="battle-history"><small>The opposing Venusaur restored a little HP using its Black Sludge!</small><br></div><div class="battle-history"><small>The opposing Venusaur was hurt by its burn!</small><br></div><div class="spacer battle-history"><br></div><h2 class="battle-history">Turn 31</h2><div class="chat chatmessage-w3k"><strong style="color:hsl(223,46%,55.12304250823773%)"><small>☆</small><span class="username" data-name="W3K">W3K</span>:</strong> <em>thx</em></div><div class="chat chatmessage-w3k"><strong style="color:hsl(223,46%,55.12304250823773%)"><small>☆</small><span class="username" data-name="W3K">W3K</span>:</strong> <em>thats nice of u</em></div><div class="chat chatmessage-choolioiglesias"><strong style="color:hsl(180,50%,47.56809424%)"><small>+</small><span class="username" data-name="choolio IGLESIAS">choolio IGLESIAS</span>:</strong> <em>you shoulda said yes</em></div><div class="chat chatmessage-mraldo"><strong style="color:hsl(234,45%,61.885059011812395%)"><small>☆</small><span class="username" data-name="Mr. Aldo">Mr. Aldo</span>:</strong> <em>least I can do after 2 fire blasts dodges</em></div><div class="spacer battle-history"><br></div><div class="battle-history">Rotom, come back!<br></div><div class="battle-history">Go! <strong>Escavalier</strong>!<br></div><div class="battle-history"><small>Pointed stones dug into Escavalier!</small><br></div><div class="spacer battle-history"><br></div><div class="battle-history">The opposing Venusaur used <strong>Giga Drain</strong>!<br></div><div class="battle-history"><small>It's not very effective...</small><br></div><div class="battle-history"><small>(Escavalier lost <abbr title="−18/343">5.2%</abbr> of its health!)</small><br></div><div class="battle-history"><small>Escavalier had its energy drained!</small><br></div><div class="spacer battle-history"><br></div><div class="battle-history"><small>The opposing Venusaur restored a little HP using its Black Sludge!</small><br></div><div class="battle-history"><small>Escavalier restored a little HP using its Leftovers!</small><br></div><div class="battle-history"><small>The opposing Venusaur was hurt by its burn!</small><br></div><div class="spacer battle-history"><br></div><h2 class="battle-history">Turn 32</h2><div class="chat chatmessage-kamisamano49"><strong style="color:hsl(189,86%,38%)"><small>+</small><span class="username" data-name="kamisama_no49">kamisama_no49</span>:</strong> <em>wouldn't have been a thing if kush ran rest camel</em></div><div class="chat chatmessage-choolioiglesias"><strong style="color:hsl(180,50%,47.56809424%)"><small>+</small><span class="username" data-name="choolio IGLESIAS">choolio IGLESIAS</span>:</strong> <em>hes tryna win the war in his pervers way of pretending not to know what type resists what and which pokes do what</em></div><div class="spacer battle-history"><br></div><div class="battle-history">The opposing Venusaur used <strong>Leech Seed</strong>!<br></div><div class="battle-history"><small>Escavalier was seeded!</small><br></div><div class="spacer battle-history"><br></div><div class="battle-history">Escavalier used <strong>Swords Dance</strong>!<br></div><div class="battle-history"><small>Escavalier's Attack rose sharply!</small><br></div><div class="spacer battle-history"><br></div><div class="battle-history"><small>The opposing Venusaur restored a little HP using its Black Sludge!</small><br></div><div class="battle-history"><small>Escavalier restored a little HP using its Leftovers!</small><br></div><div class="battle-history"><small>Escavalier's health is sapped by Leech Seed!</small><br></div><div class="battle-history"><small>The opposing Venusaur was hurt by its burn!</small><br></div><div class="spacer battle-history"><br></div><h2 class="battle-history">Turn 33</h2><div class="spacer battle-history"><br></div><div class="battle-history">W3K withdrew Venusaur!<br></div><div class="battle-history">W3K sent out <strong>Alomomola</strong>!<br></div><div class="spacer battle-history"><br></div><div class="battle-history">Escavalier used <strong>Megahorn</strong>!<br></div><div class="battle-history"><small>The opposing Alomomola avoided the attack!</small><br></div><div class="spacer battle-history"><br></div><div class="battle-history"><small>Escavalier restored a little HP using its Leftovers!</small><br></div><div class="battle-history"><small>Escavalier's health is sapped by Leech Seed!</small><br></div><div class="spacer battle-history"><br></div><h2 class="battle-history">Turn 34</h2><div class="spacer battle-history"><br></div><div class="battle-history">The opposing Alomomola used <strong>Wish</strong>!<br></div><div class="spacer battle-history"><br></div><div class="battle-history">Escavalier used <strong>Megahorn</strong>!<br></div><div class="battle-history"><small>(The opposing Alomomola lost <abbr title="−363/501">72.5%</abbr> of its health!)</small><br></div><div class="spacer battle-history"><br></div><div class="battle-history"><small>Escavalier restored a little HP using its Leftovers!</small><br></div><div class="battle-history"><small>Escavalier's health is sapped by Leech Seed!</small><br></div><div class="spacer battle-history"><br></div><h2 class="battle-history">Turn 35</h2><div class="spacer battle-history"><br></div><div class="battle-history">The opposing Alomomola used <strong>Protect</strong>!<br></div><div class="battle-history"><small>The opposing Alomomola protected itself!</small><br></div><div class="spacer battle-history"><br></div><div class="battle-history">Escavalier used <strong>Drill Run</strong>!<br></div><div class="battle-history"><small>The opposing Alomomola protected itself!</small><br></div><div class="spacer battle-history"><br></div><div class="battle-history"><small>Alomomola's wish came true!</small><br></div><div class="battle-history"><small>Escavalier restored a little HP using its Leftovers!</small><br></div><div class="battle-history"><small>Escavalier's health is sapped by Leech Seed!</small><br></div><div class="spacer battle-history"><br></div><h2 class="battle-history">Turn 36</h2><div class="spacer battle-history"><br></div><div class="battle-history">The opposing Alomomola used <strong>Wish</strong>!<br></div><div class="spacer battle-history"><br></div><div class="battle-history">Escavalier used <strong>Megahorn</strong>!<br></div><div class="battle-history"><small>(The opposing Alomomola lost <abbr title="−388/501">77.4%</abbr> of its health!)</small><br></div><div class="spacer battle-history"><br></div><div class="battle-history"><small>Escavalier restored a little HP using its Leftovers!</small><br></div><div class="battle-history"><small>Escavalier's health is sapped by Leech Seed!</small><br></div><div class="spacer battle-history"><br></div><h2 class="battle-history">Turn 37</h2><div class="spacer battle-history"><br></div><div class="battle-history">The opposing Alomomola used <strong>Protect</strong>!<br></div><div class="battle-history"><small>The opposing Alomomola protected itself!</small><br></div><div class="spacer battle-history"><br></div><div class="battle-history">Escavalier used <strong>Megahorn</strong>!<br></div><div class="battle-history"><small>The opposing Alomomola protected itself!</small><br></div><div class="spacer battle-history"><br></div><div class="battle-history"><small>Alomomola's wish came true!</small><br></div><div class="battle-history"><small>Escavalier restored a little HP using its Leftovers!</small><br></div><div class="battle-history"><small>Escavalier's health is sapped by Leech Seed!</small><br></div><div class="spacer battle-history"><br></div><h2 class="battle-history">Turn 38</h2><div class="spacer battle-history"><br></div><div class="battle-history">W3K withdrew Alomomola!<br></div><div class="battle-history">W3K sent out <strong>Venusaur</strong>!<br></div><div class="spacer battle-history"><br></div><div class="battle-history">Escavalier, come back!<br></div><div class="battle-history">Go! <strong>Diancie</strong>!<br></div><div class="battle-history"><small>Pointed stones dug into Diancie!</small><br></div><div class="spacer battle-history"><br></div><div class="battle-history"><small>The opposing Venusaur restored a little HP using its Black Sludge!</small><br></div><div class="battle-history"><small>The opposing Venusaur was hurt by its burn!</small><br></div><div class="battle-history"><small>Diancie was hurt by poison!</small><br></div><div class="spacer battle-history"><br></div><h2 class="battle-history">Turn 39</h2><div class="chat chatmessage-kushalos"><strong style="color:hsl(241,86%,63.275220778172695%)"><small>+</small><span class="username" data-name="Kushalos">Kushalos</span>:</strong> <em>h-w</em></div><div class="chat chatmessage-choolioiglesias"><strong style="color:hsl(180,50%,47.56809424%)"><small>+</small><span class="username" data-name="choolio IGLESIAS">choolio IGLESIAS</span>:</strong> <em>how*</em></div><div class="chat chatmessage-choolioiglesias"><strong style="color:hsl(180,50%,47.56809424%)"><small>+</small><span class="username" data-name="choolio IGLESIAS">choolio IGLESIAS</span>:</strong> <em>dw i got you</em></div><div class="chat chatmessage-kushalos"><strong style="color:hsl(241,86%,63.275220778172695%)"><small>+</small><span class="username" data-name="Kushalos">Kushalos</span>:</strong> <em>fuck off</em></div><div class="chat chatmessage-w3k"><strong style="color:hsl(223,46%,55.12304250823773%)"><small>☆</small><span class="username" data-name="W3K">W3K</span>:</strong> <em>ghosting goes in pm kushalos</em></div><div class="chat chatmessage-w3k"><strong style="color:hsl(223,46%,55.12304250823773%)"><small>☆</small><span class="username" data-name="W3K">W3K</span>:</strong> <em>oh</em></div><div class="chat chatmessage-mraldo"><strong style="color:hsl(234,45%,61.885059011812395%)"><small>☆</small><span class="username" data-name="Mr. Aldo">Mr. Aldo</span>:</strong> <em>lol</em></div><div class="chat chatmessage-choolioiglesias"><strong style="color:hsl(180,50%,47.56809424%)"><small>+</small><span class="username" data-name="choolio IGLESIAS">choolio IGLESIAS</span>:</strong> <em>yea</em></div><div class="chat chatmessage-w3k"><strong style="color:hsl(223,46%,55.12304250823773%)"><small>☆</small><span class="username" data-name="W3K">W3K</span>:</strong> <em>i thought u meant</em></div><div class="chat chatmessage-choolioiglesias"><strong style="color:hsl(180,50%,47.56809424%)"><small>+</small><span class="username" data-name="choolio IGLESIAS">choolio IGLESIAS</span>:</strong> <em>ghost him in pm</em></div><div class="chat chatmessage-w3k"><strong style="color:hsl(223,46%,55.12304250823773%)"><small>☆</small><span class="username" data-name="W3K">W3K</span>:</strong> <em>healing wish</em></div><div class="chat chatmessage-mraldo"><strong style="color:hsl(234,45%,61.885059011812395%)"><small>☆</small><span class="username" data-name="Mr. Aldo">Mr. Aldo</span>:</strong> <em>r e p o r t e d </em></div><div class="chat chatmessage-choolioiglesias"><strong style="color:hsl(180,50%,47.56809424%)"><small>+</small><span class="username" data-name="choolio IGLESIAS">choolio IGLESIAS</span>:</strong> <em>lol</em></div><div class="chat chatmessage-w3k"><strong style="color:hsl(223,46%,55.12304250823773%)"><small>☆</small><span class="username" data-name="W3K">W3K</span>:</strong> <em>does this get healing wish</em></div><div class="chat chatmessage-choolioiglesias"><strong style="color:hsl(180,50%,47.56809424%)"><small>+</small><span class="username" data-name="choolio IGLESIAS">choolio IGLESIAS</span>:</strong> <em>see</em></div><div class="chat chatmessage-w3k"><strong style="color:hsl(223,46%,55.12304250823773%)"><small>☆</small><span class="username" data-name="W3K">W3K</span>:</strong> <em>!learn diancie, healing wish</em></div><div class="chat"><div class="infobox">In Gen 7, Diancie <span class="message-learn-cannotlearn">can't</span> learn Healing Wish</div></div><div class="chat chatmessage-choolioiglesias"><strong style="color:hsl(180,50%,47.56809424%)"><small>+</small><span class="username" data-name="choolio IGLESIAS">choolio IGLESIAS</span>:</strong> <em>after i basically revealed his strat</em></div><div class="chat chatmessage-choolioiglesias"><strong style="color:hsl(180,50%,47.56809424%)"><small>+</small><span class="username" data-name="choolio IGLESIAS">choolio IGLESIAS</span>:</strong> <em>he keeps going for it</em></div><div class="spacer battle-history"><br></div><div class="battle-history">W3K withdrew Venusaur!<br></div><div class="battle-history">W3K sent out <strong>Alomomola</strong>!<br></div><div class="spacer battle-history"><br></div><div class="battle-history">Diancie used <strong>Psychic</strong>!<br></div><div class="battle-history"><small>(The opposing Alomomola lost <abbr title="−149/501">29.7%</abbr> of its health!)</small><br></div><div class="battle-history"><small>Diancie lost some of its HP!</small><br></div><div class="spacer battle-history"><br></div><div class="battle-history"><small>Diancie was hurt by poison!</small><br></div><div class="spacer battle-history"><br></div><div class="battle-history">Diancie fainted!<br></div><div class="spacer battle-history"><br></div><div class="battle-history">Go! <strong>Rotom</strong>!<br></div><div class="battle-history"><small>Pointed stones dug into Rotom!</small><br></div><div class="spacer battle-history"><br></div><h2 class="battle-history">Turn 40</h2><div class="chat chatmessage-kushalos"><strong style="color:hsl(241,86%,63.275220778172695%)"><small>+</small><span class="username" data-name="Kushalos">Kushalos</span>:</strong> <em>aldo</em></div><div class="chat chatmessage-kushalos"><strong style="color:hsl(241,86%,63.275220778172695%)"><small>+</small><span class="username" data-name="Kushalos">Kushalos</span>:</strong> <em>you need to bring</em></div><div class="chat chatmessage-kushalos"><strong style="color:hsl(241,86%,63.275220778172695%)"><small>+</small><span class="username" data-name="Kushalos">Kushalos</span>:</strong> <em>rhyperior</em></div><div class="chat chatmessage-kushalos"><strong style="color:hsl(241,86%,63.275220778172695%)"><small>+</small><span class="username" data-name="Kushalos">Kushalos</span>:</strong> <em>to stand a chance</em></div><div class="chat chatmessage-mraldo"><strong style="color:hsl(234,45%,61.885059011812395%)"><small>☆</small><span class="username" data-name="Mr. Aldo">Mr. Aldo</span>:</strong> <em>mmm</em></div><div class="spacer battle-history"><br></div><div class="battle-history">W3K withdrew Alomomola!<br></div><div class="battle-history">W3K sent out <strong>Venusaur</strong>!<br></div><div class="spacer battle-history"><br></div><div class="battle-history">Rotom used <strong>Discharge</strong>!<br></div><div class="battle-history"><small>It's not very effective...</small><br></div><div class="battle-history"><small>A critical hit!</small><br></div><div class="battle-history"><small>(The opposing Venusaur lost <abbr title="−81/363">22.3%</abbr> of its health!)</small><br></div><div class="spacer battle-history"><br></div><div class="battle-history"><small>Rotom restored a little HP using its Leftovers!</small><br></div><div class="battle-history"><small>The opposing Venusaur restored a little HP using its Black Sludge!</small><br></div><div class="battle-history"><small>The opposing Venusaur was hurt by its burn!</small><br></div><div class="spacer battle-history"><br></div><h2 class="battle-history">Turn 41</h2><div class="chat chatmessage-kamisamano49"><strong style="color:hsl(189,86%,38%)"><small>+</small><span class="username" data-name="kamisama_no49">kamisama_no49</span>:</strong> <em>banded rock or ground on the whole</em></div><div class="chat chatmessage-kushalos"><strong style="color:hsl(241,86%,63.275220778172695%)"><small>+</small><span class="username" data-name="Kushalos">Kushalos</span>:</strong> <em>no</em></div><div class="chat chatmessage-kushalos"><strong style="color:hsl(241,86%,63.275220778172695%)"><small>+</small><span class="username" data-name="Kushalos">Kushalos</span>:</strong> <em>flygon</em></div><div class="chat chatmessage-kushalos"><strong style="color:hsl(241,86%,63.275220778172695%)"><small>+</small><span class="username" data-name="Kushalos">Kushalos</span>:</strong> <em>is a shitter</em></div><div class="chat chatmessage-kamisamano49"><strong style="color:hsl(189,86%,38%)"><small>+</small><span class="username" data-name="kamisama_no49">kamisama_no49</span>:</strong> <em>nah nah, u knock or status the mola and it'd still smash</em></div><div class="spacer battle-history"><br></div><div class="battle-history">Rotom used <strong>Substitute</strong>!<br></div><div class="battle-history"><small>Rotom put in a substitute!</small><br></div><div class="battle-history"><small>(Rotom lost <abbr title="−66/265">24.9%</abbr> of its health!)</small><br></div><div class="spacer battle-history"><br></div><div class="battle-history">The opposing Venusaur used <strong>Giga Drain</strong>!<br></div><div class="battle-history"><small>Rotom's substitute faded!</small><br></div><div class="battle-history"><small>Rotom had its energy drained!</small><br></div><div class="spacer battle-history"><br></div><div class="battle-history"><small>Rotom restored a little HP using its Leftovers!</small><br></div><div class="battle-history"><small>The opposing Venusaur restored a little HP using its Black Sludge!</small><br></div><div class="battle-history"><small>The opposing Venusaur was hurt by its burn!</small><br></div><div class="spacer battle-history"><br></div><h2 class="battle-history">Turn 42</h2><div class="spacer battle-history"><br></div><div class="battle-history">Rotom, come back!<br></div><div class="battle-history">Go! <strong>Drapion</strong>!<br></div><div class="battle-history"><small>Pointed stones dug into Drapion!</small><br></div><div class="spacer battle-history"><br></div><div class="battle-history">The opposing Venusaur used <strong>Giga Drain</strong>!<br></div><div class="battle-history"><small>It's not very effective...</small><br></div><div class="battle-history"><small>(Drapion lost <abbr title="−60/281">21.4%</abbr> of its health!)</small><br></div><div class="battle-history"><small>Drapion had its energy drained!</small><br></div><div class="spacer battle-history"><br></div><div class="battle-history"><small>The opposing Venusaur restored a little HP using its Black Sludge!</small><br></div><div class="battle-history"><small>The opposing Venusaur was hurt by its burn!</small><br></div><div class="spacer battle-history"><br></div><h2 class="battle-history">Turn 43</h2><div class="chat chatmessage-kushalos"><strong style="color:hsl(241,86%,63.275220778172695%)"><small>+</small><span class="username" data-name="Kushalos">Kushalos</span>:</strong> <em>when it came to you</em></div><div class="chat chatmessage-kushalos"><strong style="color:hsl(241,86%,63.275220778172695%)"><small>+</small><span class="username" data-name="Kushalos">Kushalos</span>:</strong> <em>id pas</em></div><div class="chat chatmessage-kushalos"><strong style="color:hsl(241,86%,63.275220778172695%)"><small>+</small><span class="username" data-name="Kushalos">Kushalos</span>:</strong> <em>s</em></div><div class="spacer battle-history"><br></div><div class="battle-history">W3K withdrew Venusaur!<br></div><div class="battle-history">W3K sent out <strong>Alomomola</strong>!<br></div><div class="spacer battle-history"><br></div><div class="battle-history">Drapion used <strong>Knock Off</strong>!<br></div><div class="battle-history"><small>(The opposing Alomomola lost <abbr title="−87/501">17.4%</abbr> of its health!)</small><br></div><div class="spacer battle-history"><br></div><h2 class="battle-history">Turn 44</h2><div class="spacer battle-history"><br></div><div class="battle-history">Drapion, come back!<br></div><div class="battle-history">Go! <strong>Escavalier</strong>!<br></div><div class="battle-history"><small>Pointed stones dug into Escavalier!</small><br></div><div class="spacer battle-history"><br></div><div class="battle-history">The opposing Alomomola used <strong>Wish</strong>!<br></div><div class="spacer battle-history"><br></div><div class="battle-history"><small>Escavalier restored a little HP using its Leftovers!</small><br></div><div class="spacer battle-history"><br></div><h2 class="battle-history">Turn 45</h2><div class="spacer battle-history"><br></div><div class="battle-history">The opposing Alomomola used <strong>Scald</strong>!<br></div><div class="battle-history"><small>(Escavalier lost <abbr title="−34/343">9.9%</abbr> of its health!)</small><br></div><div class="spacer battle-history"><br></div><div class="battle-history">Escavalier used <strong>Drill Run</strong>!<br></div><div class="battle-history"><small>(The opposing Alomomola lost <abbr title="−83/501">16.6%</abbr> of its health!)</small><br></div><div class="spacer battle-history"><br></div><div class="battle-history"><small>Alomomola's wish came true!</small><br></div><div class="battle-history"><small>Escavalier restored a little HP using its Leftovers!</small><br></div><div class="spacer battle-history"><br></div><h2 class="battle-history">Turn 46</h2><div class="spacer battle-history"><br></div><div class="battle-history">The opposing Alomomola used <strong>Scald</strong>!<br></div><div class="battle-history"><small>(Escavalier lost <abbr title="−39/343">11.4%</abbr> of its health!)</small><br></div><div class="battle-history"><small>Escavalier was burned!</small><br></div><div class="spacer battle-history"><br></div><div class="battle-history">Escavalier used <strong>Swords Dance</strong>!<br></div><div class="battle-history"><small>Escavalier's Attack rose sharply!</small><br></div><div class="spacer battle-history"><br></div><div class="battle-history"><small>Escavalier restored a little HP using its Leftovers!</small><br></div><div class="battle-history"><small>Escavalier was hurt by its burn!</small><br></div><div class="spacer battle-history"><br></div><h2 class="battle-history">Turn 47</h2><div class="spacer battle-history"><br></div><div class="battle-history">The opposing Alomomola used <strong>Wish</strong>!<br></div><div class="spacer battle-history"><br></div><div class="battle-history">Escavalier used <strong>Swords Dance</strong>!<br></div><div class="battle-history"><small>Escavalier's Attack rose sharply!</small><br></div><div class="spacer battle-history"><br></div><div class="battle-history"><small>Escavalier restored a little HP using its Leftovers!</small><br></div><div class="battle-history"><small>Escavalier was hurt by its burn!</small><br></div><div class="spacer battle-history"><br></div><h2 class="battle-history">Turn 48</h2><div class="spacer battle-history"><br></div><div class="battle-history">W3K withdrew Alomomola!<br></div><div class="battle-history">W3K sent out Camerupt (<strong>Camerupt-Mega</strong>)!<br></div><div class="spacer battle-history"><br></div><div class="battle-history">Escavalier used <strong>Megahorn</strong>!<br></div><div class="battle-history"><small>It's not very effective...</small><br></div><div class="battle-history"><small>(The opposing Camerupt lost <abbr title="−144/343">42.0%</abbr> of its health!)</small><br></div><div class="spacer battle-history"><br></div><div class="battle-history"><small>Alomomola's wish came true!</small><br></div><div class="battle-history"><small>Escavalier restored a little HP using its Leftovers!</small><br></div><div class="battle-history"><small>Escavalier was hurt by its burn!</small><br></div><div class="spacer battle-history"><br></div><h2 class="battle-history">Turn 49</h2><div class="chat chatmessage-kushalos"><strong style="color:hsl(241,86%,63.275220778172695%)"><small>+</small><span class="username" data-name="Kushalos">Kushalos</span>:</strong> <em>so goud</em></div><div class="spacer battle-history"><br></div><div class="battle-history">The opposing Camerupt used <strong>Earth Power</strong>!<br></div><div class="battle-history"><small>(Escavalier lost <abbr title="−42/343">12.2%</abbr> of its health!)</small><br></div><div class="spacer battle-history"><br></div><div class="battle-history">Escavalier fainted!<br></div><div class="spacer battle-history"><br></div><div class="battle-history">Go! <strong>Drapion</strong>!<br></div><div class="battle-history"><small>Pointed stones dug into Drapion!</small><br></div><div class="spacer battle-history"><br></div><div class="battle-history">Drapion fainted!<br></div><div class="chat chatmessage-kushalos"><strong style="color:hsl(241,86%,63.275220778172695%)"><small>+</small><span class="username" data-name="Kushalos">Kushalos</span>:</strong> <em>49 lied</em></div><div class="spacer battle-history"><br></div><div class="battle-history">Go! <strong>Rotom</strong>!<br></div><div class="battle-history"><small>Pointed stones dug into Rotom!</small><br></div><div class="spacer battle-history"><br></div><h2 class="battle-history">Turn 50</h2><div class="spacer battle-history"><br></div><div class="battle-history">Rotom used <strong>Hex</strong>!<br></div><div class="battle-history"><small>(The opposing Camerupt lost <abbr title="−79/343">23.0%</abbr> of its health!)</small><br></div><div class="spacer battle-history"><br></div><div class="battle-history">The opposing Camerupt used <strong>Fire Blast</strong>!<br></div><div class="battle-history"><small>A critical hit!</small><br></div><div class="battle-history"><small>(Rotom lost <abbr title="−162/265">61.1%</abbr> of its health!)</small><br></div><div class="spacer battle-history"><br></div><div class="battle-history">Rotom fainted!<br></div><div class="spacer battle-history"><br></div><div class="battle-history"><strong>W3K</strong> won the battle!<br></div><div class="chat chatmessage-mraldo"><strong style="color:hsl(234,45%,61.885059011812395%)"><small>☆</small><span class="username" data-name="Mr. Aldo">Mr. Aldo</span>:</strong> <em>gg</em></div><div class="chat chatmessage-w3k"><strong style="color:hsl(223,46%,55.12304250823773%)"><small>☆</small><span class="username" data-name="W3K">W3K</span>:</strong> <em>gg</em></div></div><div class="inner-preempt"></div></div></div>
</div>
<script>
let daily = Math.floor(Date.now()/1000/60/60/24);document.write('<script src="https://play.pokemonshowdown.com/js/replay-embed.js?version'+daily+'"></'+'script>');
</script>
