<!DOCTYPE html>
<meta charset="utf-8" />
<!-- version 1 -->
<title>RU replay: Simiatic ⚠ vs. Frania ★</title>
<style>
html,body {font-family:Verdana, sans-serif;font-size:10pt;margin:0;padding:0;}body{padding:12px 0;} .battle-log {font-family:Verdana, sans-serif;font-size:10pt;} .battle-log-inline {border:1px solid #AAAAAA;background:#EEF2F5;color:black;max-width:640px;margin:0 auto 80px;padding-bottom:5px;} .battle-log .inner {padding:4px 8px 0px 8px;} .battle-log .inner-preempt {padding:0 8px 4px 8px;} .battle-log .inner-after {margin-top:0.5em;} .battle-log h2 {margin:0.5em -8px;padding:4px 8px;border:1px solid #AAAAAA;background:#E0E7EA;border-left:0;border-right:0;font-family:Verdana, sans-serif;font-size:13pt;} .battle-log .chat {vertical-align:middle;padding:3px 0 3px 0;font-size:8pt;} .battle-log .chat strong {color:#40576A;} .battle-log .chat em {padding:1px 4px 1px 3px;color:#000000;font-style:normal;} .chat.mine {background:rgba(0,0,0,0.05);margin-left:-8px;margin-right:-8px;padding-left:8px;padding-right:8px;} .spoiler {color:#BBBBBB;background:#BBBBBB;padding:0px 3px;} .spoiler:hover, .spoiler:active, .spoiler-shown {color:#000000;background:#E2E2E2;padding:0px 3px;} .spoiler a {color:#BBBBBB;} .spoiler:hover a, .spoiler:active a, .spoiler-shown a {color:#2288CC;} .chat code, .chat .spoiler:hover code, .chat .spoiler:active code, .chat .spoiler-shown code {border:1px solid #C0C0C0;background:#EEEEEE;color:black;padding:0 2px;} .chat .spoiler code {border:1px solid #CCCCCC;background:#CCCCCC;color:#CCCCCC;} .battle-log .rated {padding:3px 4px;} .battle-log .rated strong {color:white;background:#89A;padding:1px 4px;border-radius:4px;} .spacer {margin-top:0.5em;} .message-announce {background:#6688AA;color:white;padding:1px 4px 2px;} .message-announce a, .broadcast-green a, .broadcast-blue a, .broadcast-red a {color:#DDEEFF;} .broadcast-green {background-color:#559955;color:white;padding:2px 4px;} .broadcast-blue {background-color:#6688AA;color:white;padding:2px 4px;} .infobox {border:1px solid #6688AA;padding:2px 4px;} .infobox-limited {max-height:200px;overflow:auto;overflow-x:hidden;} .broadcast-red {background-color:#AA5544;color:white;padding:2px 4px;} .message-learn-canlearn {font-weight:bold;color:#228822;text-decoration:underline;} .message-learn-cannotlearn {font-weight:bold;color:#CC2222;text-decoration:underline;} .message-effect-weak {font-weight:bold;color:#CC2222;} .message-effect-resist {font-weight:bold;color:#6688AA;} .message-effect-immune {font-weight:bold;color:#666666;} .message-learn-list {margin-top:0;margin-bottom:0;} .message-throttle-notice, .message-error {color:#992222;} .message-overflow, .chat small.message-overflow {font-size:0pt;} .message-overflow::before {font-size:9pt;content:'...';} .subtle {color:#3A4A66;}
</style>
<div class="wrapper replay-wrapper" style="max-width:1180px;margin:0 auto">
<input type="hidden" name="replayid" value="ru-572404965" />
<div class="battle"></div><div class="battle-log"></div><div class="replay-controls"></div><div class="replay-controls-2"></div>
<h1 style="font-weight:normal;text-align:center"><strong>RU</strong><br /><a href="http://pokemonshowdown.com/users/simiatic" class="subtle" target="_blank">Simiatic ⚠</a> vs. <a href="http://pokemonshowdown.com/users/frania" class="subtle" target="_blank">Frania ★</a></h1>
<script type="text/plain" class="battle-log-data">|j|Simiatic ⚠
|j|Frania ★
|player|p1|Simiatic ⚠|104
|player|p2|Frania ★|81
|gametype|singles
|gen|6
|tier|RU
|seed|38359,11252,3197,6111
|rule|Sleep Clause Mod: Limit one foe put to sleep
|rule|Species Clause: Limit one of each Pokémon
|rule|OHKO Clause: OHKO moves are banned
|rule|Moody Clause: Moody is banned
|rule|Evasion Moves Clause: Evasion moves are banned
|rule|Endless Battle Clause: Forcing endless battles is banned
|rule|HP Percentage Mod: HP is shown in percentages
|clearpoke
|poke|p1|Aerodactyl, M|item
|poke|p1|Seismitoad, M|item
|poke|p1|Spiritomb, F|item
|poke|p1|Venusaur, M|item
|poke|p1|Hariyama, F|item
|poke|p1|Jynx, F|item
|poke|p2|Virizion|item
|poke|p2|Diancie|item
|poke|p2|Slowking, M|item
|poke|p2|Meloetta|item
|poke|p2|Escavalier, M|item
|poke|p2|Flygon, M|item
|rule|Swagger Clause: Swagger is banned
|rule|Baton Pass Clause: Limit one Baton Passer, can't pass Spe and other stats simultaneously
|teampreview
|c|☆Frania ★|gl
|c|☆Simiatic ⚠|u2
|j|Cdumas ♥♠
|choice|team 2, team 1, team 3, team 4, team 5, team 6|team 4, team 2, team 3, team 1, team 5, team 6
|
|start
|switch|p1a: Seismitoad|Seismitoad, M|413\/413
|switch|p2a: M. Cyclone|Meloetta|341\/341
|turn|1
|j|Zycross §
|j|LBLOL ♠_♥
|choice|move stealthrock|move uturn
|
|move|p2a: M. Cyclone|U-turn|p1a: Seismitoad
|-damage|p1a: Seismitoad|375\/413
|choice||switch 4
|
|switch|p2a: M. Eater|Virizion|329\/329
|move|p1a: Seismitoad|Stealth Rock|p2a: M. Eater
|-sidestart|p2: Frania ★|move: Stealth Rock
|
|-heal|p1a: Seismitoad|400\/413|[from] item: Leftovers
|upkeep
|turn|2
|choice|switch 4|move hiddenpower
|
|switch|p1a: Venusaur|Venusaur, M|301\/301
|move|p2a: M. Eater|Hidden Power|p1a: Venusaur
|-supereffective|p1a: Venusaur
|-crit|p1a: Venusaur
|-damage|p1a: Venusaur|101\/301
|-damage|p2a: M. Eater|297\/329|[from] item: Life Orb
|
|upkeep
|turn|3
|inactive|Battle timer is ON: inactive players will automatically lose when time's up. (requested by Simiatic ⚠)
|choice|switch 5|move hiddenpower
|
|switch|p1a: Hariyama|Hariyama, F|483\/483
|move|p2a: M. Eater|Hidden Power|p1a: Hariyama
|-damage|p1a: Hariyama|445\/483
|-damage|p2a: M. Eater|265\/329|[from] item: Life Orb
|
|upkeep
|turn|4
|choice|move knockoff|switch 3
|
|switch|p2a: M. Shield|Slowking, M|393\/393
|-damage|p2a: M. Shield|344\/393|[from] Stealth Rock
|move|p1a: Hariyama|Knock Off|p2a: M. Shield
|-supereffective|p2a: M. Shield
|-enditem|p2a: M. Shield|Colbur Berry|[eat]
|-enditem|p2a: M. Shield|Colbur Berry|[weaken]
|-damage|p2a: M. Shield|241\/393
|
|upkeep
|turn|5
|choice|switch 4|move thunderwave
|
|switch|p1a: Seismitoad|Seismitoad, M|400\/413
|move|p2a: M. Shield|Thunder Wave|p1a: Seismitoad
|-immune|p1a: Seismitoad|[msg]
|
|-heal|p1a: Seismitoad|413\/413|[from] item: Leftovers
|upkeep
|turn|6
|choice|move toxic|switch 5
|
|switch|p2a: M. Purge|Escavalier, M|343\/343
|-damage|p2a: M. Purge|301\/343|[from] Stealth Rock
|move|p1a: Seismitoad|Toxic|p2a: M. Purge
|-immune|p2a: M. Purge|[msg]
|
|-heal|p2a: M. Purge|322\/343|[from] item: Leftovers
|upkeep
|turn|7
|choice|move scald|move megahorn
|
|move|p1a: Seismitoad|Scald|p2a: M. Purge
|-damage|p2a: M. Purge|253\/343
|move|p2a: M. Purge|Megahorn|p1a: Seismitoad
|-damage|p1a: Seismitoad|211\/413
|
|-heal|p1a: Seismitoad|236\/413|[from] item: Leftovers
|-heal|p2a: M. Purge|274\/343|[from] item: Leftovers
|upkeep
|turn|8
|choice|switch 4|switch 4
|
|switch|p1a: Hariyama|Hariyama, F|445\/483
|switch|p2a: M. Cyclone|Meloetta|341\/341
|-damage|p2a: M. Cyclone|299\/341|[from] Stealth Rock
|
|upkeep
|turn|9
|choice|move knockoff|move psychic
|
|move|p2a: M. Cyclone|Psychic|p1a: Hariyama
|-supereffective|p1a: Hariyama
|-damage|p1a: Hariyama|0 fnt
|faint|p1a: Hariyama
|
|upkeep
|choice|switch 3|
|
|switch|p1a: Spiritomb|Spiritomb, F|299\/299
|turn|10
|choice|move pursuit|switch 2
|
|-activate|p2a: M. Cyclone|move: Pursuit
|move|p1a: Spiritomb|Pursuit|p2a: M. Cyclone|[from]Pursuit
|-supereffective|p2a: M. Cyclone
|-damage|p2a: M. Cyclone|0 fnt
|faint|p2a: M. Cyclone
|
|upkeep
|choice||switch 2
|
|switch|p2a: M. Armour|Diancie|303\/303
|-damage|p2a: M. Armour|266\/303|[from] Stealth Rock
|turn|11
|choice|move taunt|move stealthrock
|
|move|p2a: M. Armour|Stealth Rock|p1a: Spiritomb
|-sidestart|p1: Simiatic ⚠|move: Stealth Rock
|move|p1a: Spiritomb|Taunt|p2a: M. Armour
|-start|p2a: M. Armour|move: Taunt
|
|upkeep
|turn|12
|choice|switch 5|move moonblast
|
|switch|p1a: Venusaur|Venusaur, M|101\/301
|-damage|p1a: Venusaur|64\/301|[from] Stealth Rock
|move|p2a: M. Armour|Moonblast|p1a: Venusaur
|-resisted|p1a: Venusaur
|-damage|p1a: Venusaur|0 fnt
|faint|p1a: Venusaur
|
|upkeep
|choice|switch 2|
|
|switch|p1a: Aerodactyl|Aerodactyl, M|301\/301
|-damage|p1a: Aerodactyl|226\/301|[from] Stealth Rock
|turn|13
|choice|move aerialace|move diamondstorm
|
|move|p1a: Aerodactyl|Aerial Ace|p2a: M. Armour
|-resisted|p2a: M. Armour
|-damage|p2a: M. Armour|216\/303
|move|p2a: M. Armour|Diamond Storm|p1a: Aerodactyl
|-supereffective|p1a: Aerodactyl
|-damage|p1a: Aerodactyl|0 fnt
|-boost|p2a: M. Armour|def|1
|faint|p1a: Aerodactyl
|
|upkeep
|choice|switch 6|
|
|switch|p1a: Jynx|Jynx, F|273\/273
|-damage|p1a: Jynx|205\/273|[from] Stealth Rock
|turn|14
|choice|move lovelykiss|switch 5
|
|switch|p2a: M. Shield|Slowking, M|372\/393
|-damage|p2a: M. Shield|323\/393|[from] Stealth Rock
|move|p1a: Jynx|Lovely Kiss|p2a: M. Shield
|-status|p2a: M. Shield|slp
|
|-heal|p1a: Jynx|222\/273|[from] item: Leftovers
|upkeep
|turn|15
|choice|move substitute|switch 6
|
|switch|p2a: M. Speed|Flygon, M|301\/301
|-damage|p2a: M. Speed|283\/301|[from] Stealth Rock
|move|p1a: Jynx|Substitute|p1a: Jynx
|-start|p1a: Jynx|Substitute
|-damage|p1a: Jynx|154\/273
|
|-heal|p1a: Jynx|171\/273|[from] item: Leftovers
|upkeep
|turn|16
|choice|move icebeam|move uturn
|
|move|p2a: M. Speed|U-turn|p1a: Jynx
|-supereffective|p1a: Jynx
|-end|p1a: Jynx|Substitute
|choice||switch 4
|
|switch|p2a: M. Purge|Escavalier, M|274\/343
|-damage|p2a: M. Purge|232\/343|[from] Stealth Rock
|move|p1a: Jynx|Ice Beam|p2a: M. Purge
|-resisted|p2a: M. Purge
|-damage|p2a: M. Purge|177\/343
|
|-heal|p1a: Jynx|188\/273|[from] item: Leftovers
|-heal|p2a: M. Purge|198\/343|[from] item: Leftovers
|upkeep
|turn|17
|choice|move substitute|move pursuit
|
|move|p1a: Jynx|Substitute|p1a: Jynx
|-start|p1a: Jynx|Substitute
|-damage|p1a: Jynx|120\/273
|move|p2a: M. Purge|Pursuit|p1a: Jynx
|-supereffective|p1a: Jynx
|-end|p1a: Jynx|Substitute
|
|-heal|p1a: Jynx|137\/273|[from] item: Leftovers
|-heal|p2a: M. Purge|219\/343|[from] item: Leftovers
|upkeep
|turn|18
|choice|move icebeam|move pursuit
|
|move|p1a: Jynx|Ice Beam|p2a: M. Purge
|-resisted|p2a: M. Purge
|-damage|p2a: M. Purge|164\/343
|move|p2a: M. Purge|Pursuit|p1a: Jynx
|-supereffective|p1a: Jynx
|-damage|p1a: Jynx|0 fnt
|faint|p1a: Jynx
|
|-heal|p2a: M. Purge|185\/343|[from] item: Leftovers
|upkeep
|c|☆Simiatic ⚠|gg
|-message|Simiatic ⚠ forfeited.
|
|win|Frania ★
|c|☆Frania ★|gg</script>
</div>
<div class="battle-log battle-log-inline"><div class="inner"><div class="battle-options"></div><div class="inner"><div class="chat"><small>Simiatic ⚠ joined.</small></div><div class="chat"><small>Frania ★ joined.</small></div><div class=""><small>Format:</small> <br><strong>RU</strong></div><div class=""><small><em>Sleep Clause Mod:</em> Limit one foe put to sleep</small></div><div class=""><small><em>Species Clause:</em> Limit one of each Pokémon</small></div><div class=""><small><em>OHKO Clause:</em> OHKO moves are banned</small></div><div class=""><small><em>Moody Clause:</em> Moody is banned</small></div><div class=""><small><em>Evasion Moves Clause:</em> Evasion moves are banned</small></div><div class=""><small><em>Endless Battle Clause:</em> Forcing endless battles is banned</small></div><div class=""><small><em>HP Percentage Mod:</em> HP is shown in percentages</small></div><div class=""><small><em>Swagger Clause:</em> Swagger is banned</small></div><div class=""><small><em>Baton Pass Clause:</em> Limit one Baton Passer, can't pass Spe and other stats simultaneously</small></div><div class="chat battle-history"><strong>Simiatic ⚠'s team:</strong> <em style="color:#445566;display:block;">Aerodactyl / Seismitoad / Spiritomb / Venusaur / Hariyama / Jynx</em></div><div class="chat battle-history"><strong>Frania ★'s team:</strong> <em style="color:#445566;display:block;">Virizion / Diancie / Slowking / Meloetta / Escavalier / Flygon</em></div><div class="chat chatmessage-frania"><strong style="color:hsl(121,51%,37%)"><small>☆</small><span class="username" data-name="Frania ★">Frania ★</span>:</strong> <em>gl</em></div><div class="chat chatmessage-simiatic"><strong style="color:hsl(280,51%,50.0799484852224%)"><small>☆</small><span class="username" data-name="Simiatic ⚠">Simiatic ⚠</span>:</strong> <em>u2</em></div><div class="chat"><small>Cdumas ♥♠ joined.</small></div><div class="spacer battle-history"><br></div><div class="battle-history">Battle started between Simiatic ⚠ and Frania ★!<br></div><div class="spacer battle-history"><br></div><div class="battle-history">Go! <strong>Seismitoad</strong>!<br></div><div class="spacer battle-history"><br></div><div class="battle-history">Frania ★ sent out M. Cyclone (<strong>Meloetta</strong>)!<br></div><div class="spacer battle-history"><br></div><h2 class="battle-history">Turn 1</h2><div class="chat"><small>Zycross § joined.</small></div><div class="chat"><small>LBLOL ♠_♥ joined.</small></div><div class="spacer battle-history"><br></div><div class="battle-history">The opposing M. Cyclone used <strong>U-turn</strong>!<br></div><div class="battle-history"><small>(Seismitoad lost <abbr title="−38/413">9.2%</abbr> of its health!)</small><br></div><div class="spacer battle-history"><br></div><div class="battle-history">The opposing M. Cyclone went back to Frania ★!<br></div><div class="battle-history">Frania ★ sent out M. Eater (<strong>Virizion</strong>)!<br></div><div class="spacer battle-history"><br></div><div class="battle-history">Seismitoad used <strong>Stealth Rock</strong>!<br></div><div class="battle-history"><small>Pointed stones float in the air around the opposing team!</small><br></div><div class="spacer battle-history"><br></div><div class="battle-history"><small>Seismitoad restored a little HP using its Leftovers!</small><br></div><div class="spacer battle-history"><br></div><h2 class="battle-history">Turn 2</h2><div class="spacer battle-history"><br></div><div class="battle-history">Seismitoad, come back!<br></div><div class="battle-history">Go! <strong>Venusaur</strong>!<br></div><div class="spacer battle-history"><br></div><div class="battle-history">The opposing M. Eater used <strong>Hidden Power</strong>!<br></div><div class="battle-history"><small>It's super effective!</small><br></div><div class="battle-history"><small>A critical hit!</small><br></div><div class="battle-history"><small>(Venusaur lost <abbr title="−200/301">66.4%</abbr> of its health!)</small><br></div><div class="battle-history"><small>The opposing M. Eater lost some of its HP!</small><br></div><div class="spacer battle-history"><br></div><h2 class="battle-history">Turn 3</h2><div class="chat message-error">Battle timer is ON: inactive players will automatically lose when time's up. (requested by Simiatic ⚠)</div><div class="spacer battle-history"><br></div><div class="battle-history">Venusaur, come back!<br></div><div class="battle-history">Go! <strong>Hariyama</strong>!<br></div><div class="spacer battle-history"><br></div><div class="battle-history">The opposing M. Eater used <strong>Hidden Power</strong>!<br></div><div class="battle-history"><small>(Hariyama lost <abbr title="−38/483">7.9%</abbr> of its health!)</small><br></div><div class="battle-history"><small>The opposing M. Eater lost some of its HP!</small><br></div><div class="spacer battle-history"><br></div><h2 class="battle-history">Turn 4</h2><div class="spacer battle-history"><br></div><div class="battle-history">Frania ★ withdrew M. Eater!<br></div><div class="battle-history">Frania ★ sent out M. Shield (<strong>Slowking</strong>)!<br></div><div class="battle-history"><small>Pointed stones dug into the opposing M. Shield!</small><br></div><div class="spacer battle-history"><br></div><div class="battle-history">Hariyama used <strong>Knock Off</strong>!<br></div><div class="battle-history"><small>It's super effective!</small><br></div><div class="battle-history"><small>The opposing M. Shield ate its Colbur Berry!</small><br></div><div class="battle-history"><small>The Colbur Berry weakened the damage to the opposing M. Shield!</small><br></div><div class="battle-history"><small>(The opposing M. Shield lost <abbr title="−103/393">26.2%</abbr> of its health!)</small><br></div><div class="spacer battle-history"><br></div><h2 class="battle-history">Turn 5</h2><div class="spacer battle-history"><br></div><div class="battle-history">Hariyama, come back!<br></div><div class="battle-history">Go! <strong>Seismitoad</strong>!<br></div><div class="spacer battle-history"><br></div><div class="battle-history">The opposing M. Shield used <strong>Thunder Wave</strong>!<br></div><div class="battle-history"><small>It doesn't affect Seismitoad...</small><br></div><div class="spacer battle-history"><br></div><div class="battle-history"><small>Seismitoad restored a little HP using its Leftovers!</small><br></div><div class="spacer battle-history"><br></div><h2 class="battle-history">Turn 6</h2><div class="spacer battle-history"><br></div><div class="battle-history">Frania ★ withdrew M. Shield!<br></div><div class="battle-history">Frania ★ sent out M. Purge (<strong>Escavalier</strong>)!<br></div><div class="battle-history"><small>Pointed stones dug into the opposing M. Purge!</small><br></div><div class="spacer battle-history"><br></div><div class="battle-history">Seismitoad used <strong>Toxic</strong>!<br></div><div class="battle-history"><small>It doesn't affect the opposing M. Purge...</small><br></div><div class="spacer battle-history"><br></div><div class="battle-history"><small>The opposing M. Purge restored a little HP using its Leftovers!</small><br></div><div class="spacer battle-history"><br></div><h2 class="battle-history">Turn 7</h2><div class="spacer battle-history"><br></div><div class="battle-history">Seismitoad used <strong>Scald</strong>!<br></div><div class="battle-history"><small>(The opposing M. Purge lost <abbr title="−69/343">20.1%</abbr> of its health!)</small><br></div><div class="spacer battle-history"><br></div><div class="battle-history">The opposing M. Purge used <strong>Megahorn</strong>!<br></div><div class="battle-history"><small>(Seismitoad lost <abbr title="−202/413">48.9%</abbr> of its health!)</small><br></div><div class="spacer battle-history"><br></div><div class="battle-history"><small>Seismitoad restored a little HP using its Leftovers!</small><br></div><div class="battle-history"><small>The opposing M. Purge restored a little HP using its Leftovers!</small><br></div><div class="spacer battle-history"><br></div><h2 class="battle-history">Turn 8</h2><div class="spacer battle-history"><br></div><div class="battle-history">Seismitoad, come back!<br></div><div class="battle-history">Go! <strong>Hariyama</strong>!<br></div><div class="spacer battle-history"><br></div><div class="battle-history">Frania ★ withdrew M. Purge!<br></div><div class="battle-history">Frania ★ sent out M. Cyclone (<strong>Meloetta</strong>)!<br></div><div class="battle-history"><small>Pointed stones dug into the opposing M. Cyclone!</small><br></div><div class="spacer battle-history"><br></div><h2 class="battle-history">Turn 9</h2><div class="spacer battle-history"><br></div><div class="battle-history">The opposing M. Cyclone used <strong>Psychic</strong>!<br></div><div class="battle-history"><small>It's super effective!</small><br></div><div class="battle-history"><small>(Hariyama lost <abbr title="−445/483">92.1%</abbr> of its health!)</small><br></div><div class="spacer battle-history"><br></div><div class="battle-history">Hariyama fainted!<br></div><div class="spacer battle-history"><br></div><div class="battle-history">Go! <strong>Spiritomb</strong>!<br></div><div class="spacer battle-history"><br></div><h2 class="battle-history">Turn 10</h2><div class="spacer battle-history"><br></div><div class="battle-history"><small>(The opposing M. Cyclone is being withdrawn...)</small><br></div><div class="spacer battle-history"><br></div><div class="battle-history">Spiritomb used <strong>Pursuit</strong>!<br></div><div class="battle-history"><small>It's super effective!</small><br></div><div class="battle-history"><small>(The opposing M. Cyclone lost <abbr title="−299/341">87.7%</abbr> of its health!)</small><br></div><div class="spacer battle-history"><br></div><div class="battle-history">The opposing M. Cyclone fainted!<br></div><div class="spacer battle-history"><br></div><div class="battle-history">Frania ★ sent out M. Armour (<strong>Diancie</strong>)!<br></div><div class="battle-history"><small>Pointed stones dug into the opposing M. Armour!</small><br></div><div class="spacer battle-history"><br></div><h2 class="battle-history">Turn 11</h2><div class="spacer battle-history"><br></div><div class="battle-history">The opposing M. Armour used <strong>Stealth Rock</strong>!<br></div><div class="battle-history"><small>Pointed stones float in the air around your team!</small><br></div><div class="spacer battle-history"><br></div><div class="battle-history">Spiritomb used <strong>Taunt</strong>!<br></div><div class="battle-history"><small>The opposing M. Armour fell for the taunt!</small><br></div><div class="spacer battle-history"><br></div><h2 class="battle-history">Turn 12</h2><div class="spacer battle-history"><br></div><div class="battle-history">Spiritomb, come back!<br></div><div class="battle-history">Go! <strong>Venusaur</strong>!<br></div><div class="battle-history"><small>Pointed stones dug into Venusaur!</small><br></div><div class="spacer battle-history"><br></div><div class="battle-history">The opposing M. Armour used <strong>Moonblast</strong>!<br></div><div class="battle-history"><small>It's not very effective...</small><br></div><div class="battle-history"><small>(Venusaur lost <abbr title="−64/301">21.3%</abbr> of its health!)</small><br></div><div class="spacer battle-history"><br></div><div class="battle-history">Venusaur fainted!<br></div><div class="spacer battle-history"><br></div><div class="battle-history">Go! <strong>Aerodactyl</strong>!<br></div><div class="battle-history"><small>Pointed stones dug into Aerodactyl!</small><br></div><div class="spacer battle-history"><br></div><h2 class="battle-history">Turn 13</h2><div class="spacer battle-history"><br></div><div class="battle-history">Aerodactyl used <strong>Aerial Ace</strong>!<br></div><div class="battle-history"><small>It's not very effective...</small><br></div><div class="battle-history"><small>(The opposing M. Armour lost <abbr title="−50/303">16.5%</abbr> of its health!)</small><br></div><div class="spacer battle-history"><br></div><div class="battle-history">The opposing M. Armour used <strong>Diamond Storm</strong>!<br></div><div class="battle-history"><small>It's super effective!</small><br></div><div class="battle-history"><small>(Aerodactyl lost <abbr title="−226/301">75.1%</abbr> of its health!)</small><br></div><div class="battle-history"><small>The opposing M. Armour's Defense rose!</small><br></div><div class="spacer battle-history"><br></div><div class="battle-history">Aerodactyl fainted!<br></div><div class="spacer battle-history"><br></div><div class="battle-history">Go! <strong>Jynx</strong>!<br></div><div class="battle-history"><small>Pointed stones dug into Jynx!</small><br></div><div class="spacer battle-history"><br></div><h2 class="battle-history">Turn 14</h2><div class="spacer battle-history"><br></div><div class="battle-history">Frania ★ withdrew M. Armour!<br></div><div class="battle-history">Frania ★ sent out M. Shield (<strong>Slowking</strong>)!<br></div><div class="battle-history"><small>Pointed stones dug into the opposing M. Shield!</small><br></div><div class="spacer battle-history"><br></div><div class="battle-history">Jynx used <strong>Lovely Kiss</strong>!<br></div><div class="battle-history"><small>The opposing M. Shield fell asleep!</small><br></div><div class="spacer battle-history"><br></div><div class="battle-history"><small>Jynx restored a little HP using its Leftovers!</small><br></div><div class="spacer battle-history"><br></div><h2 class="battle-history">Turn 15</h2><div class="spacer battle-history"><br></div><div class="battle-history">Frania ★ withdrew M. Shield!<br></div><div class="battle-history">Frania ★ sent out M. Speed (<strong>Flygon</strong>)!<br></div><div class="battle-history"><small>Pointed stones dug into the opposing M. Speed!</small><br></div><div class="spacer battle-history"><br></div><div class="battle-history">Jynx used <strong>Substitute</strong>!<br></div><div class="battle-history"><small>Jynx put in a substitute!</small><br></div><div class="battle-history"><small>(Jynx lost <abbr title="−68/273">24.9%</abbr> of its health!)</small><br></div><div class="spacer battle-history"><br></div><div class="battle-history"><small>Jynx restored a little HP using its Leftovers!</small><br></div><div class="spacer battle-history"><br></div><h2 class="battle-history">Turn 16</h2><div class="spacer battle-history"><br></div><div class="battle-history">The opposing M. Speed used <strong>U-turn</strong>!<br></div><div class="battle-history"><small>It's super effective!</small><br></div><div class="battle-history"><small>Jynx's substitute faded!</small><br></div><div class="spacer battle-history"><br></div><div class="battle-history">The opposing M. Speed went back to Frania ★!<br></div><div class="battle-history">Frania ★ sent out M. Purge (<strong>Escavalier</strong>)!<br></div><div class="battle-history"><small>Pointed stones dug into the opposing M. Purge!</small><br></div><div class="spacer battle-history"><br></div><div class="battle-history">Jynx used <strong>Ice Beam</strong>!<br></div><div class="battle-history"><small>It's not very effective...</small><br></div><div class="battle-history"><small>(The opposing M. Purge lost <abbr title="−55/343">16.0%</abbr> of its health!)</small><br></div><div class="spacer battle-history"><br></div><div class="battle-history"><small>Jynx restored a little HP using its Leftovers!</small><br></div><div class="battle-history"><small>The opposing M. Purge restored a little HP using its Leftovers!</small><br></div><div class="spacer battle-history"><br></div><h2 class="battle-history">Turn 17</h2><div class="spacer battle-history"><br></div><div class="battle-history">Jynx used <strong>Substitute</strong>!<br></div><div class="battle-history"><small>Jynx put in a substitute!</small><br></div><div class="battle-history"><small>(Jynx lost <abbr title="−68/273">24.9%</abbr> of its health!)</small><br></div><div class="spacer battle-history"><br></div><div class="battle-history">The opposing M. Purge used <strong>Pursuit</strong>!<br></div><div class="battle-history"><small>It's super effective!</small><br></div><div class="battle-history"><small>Jynx's substitute faded!</small><br></div><div class="spacer battle-history"><br></div><div class="battle-history"><small>Jynx restored a little HP using its Leftovers!</small><br></div><div class="battle-history"><small>The opposing M. Purge restored a little HP using its Leftovers!</small><br></div><div class="spacer battle-history"><br></div><h2 class="battle-history">Turn 18</h2><div class="spacer battle-history"><br></div><div class="battle-history">Jynx used <strong>Ice Beam</strong>!<br></div><div class="battle-history"><small>It's not very effective...</small><br></div><div class="battle-history"><small>(The opposing M. Purge lost <abbr title="−55/343">16.0%</abbr> of its health!)</small><br></div><div class="spacer battle-history"><br></div><div class="battle-history">The opposing M. Purge used <strong>Pursuit</strong>!<br></div><div class="battle-history"><small>It's super effective!</small><br></div><div class="battle-history"><small>(Jynx lost <abbr title="−137/273">50.2%</abbr> of its health!)</small><br></div><div class="spacer battle-history"><br></div><div class="battle-history">Jynx fainted!<br></div><div class="spacer battle-history"><br></div><div class="battle-history"><small>The opposing M. Purge restored a little HP using its Leftovers!</small><br></div><div class="chat chatmessage-simiatic"><strong style="color:hsl(280,51%,50.0799484852224%)"><small>☆</small><span class="username" data-name="Simiatic ⚠">Simiatic ⚠</span>:</strong> <em>gg</em></div><div class="spacer battle-history"><br></div><div class="battle-history"><small>Simiatic ⚠ forfeited.</small><br></div><div class="spacer battle-history"><br></div><div class="battle-history"><strong>Frania ★</strong> won the battle!<br></div><div class="chat chatmessage-frania"><strong style="color:hsl(121,51%,37%)"><small>☆</small><span class="username" data-name="Frania ★">Frania ★</span>:</strong> <em>gg</em></div></div><div class="inner-preempt"></div></div></div>
</div>
<script>
let daily = Math.floor(Date.now()/1000/60/60/24);document.write('<script src="https://play.pokemonshowdown.com/js/replay-embed.js?version'+daily+'"></'+'script>');
</script>
