<!DOCTYPE html>
<meta charset="utf-8" />
<!-- version 1 -->
<title>RU replay: tko vs. Nails ☎ ☎ ☎</title>
<style>
html,body {font-family:Verdana, sans-serif;font-size:10pt;margin:0;padding:0;}body{padding:12px 0;} .battle-log {font-family:Verdana, sans-serif;font-size:10pt;} .battle-log-inline {border:1px solid #AAAAAA;background:#EEF2F5;color:black;max-width:640px;margin:0 auto 80px;padding-bottom:5px;} .battle-log .inner {padding:4px 8px 0px 8px;} .battle-log .inner-preempt {padding:0 8px 4px 8px;} .battle-log .inner-after {margin-top:0.5em;} .battle-log h2 {margin:0.5em -8px;padding:4px 8px;border:1px solid #AAAAAA;background:#E0E7EA;border-left:0;border-right:0;font-family:Verdana, sans-serif;font-size:13pt;} .battle-log .chat {vertical-align:middle;padding:3px 0 3px 0;font-size:8pt;} .battle-log .chat strong {color:#40576A;} .battle-log .chat em {padding:1px 4px 1px 3px;color:#000000;font-style:normal;} .chat.mine {background:rgba(0,0,0,0.05);margin-left:-8px;margin-right:-8px;padding-left:8px;padding-right:8px;} .spoiler {color:#BBBBBB;background:#BBBBBB;padding:0px 3px;} .spoiler:hover, .spoiler:active, .spoiler-shown {color:#000000;background:#E2E2E2;padding:0px 3px;} .spoiler a {color:#BBBBBB;} .spoiler:hover a, .spoiler:active a, .spoiler-shown a {color:#2288CC;} .chat code, .chat .spoiler:hover code, .chat .spoiler:active code, .chat .spoiler-shown code {border:1px solid #C0C0C0;background:#EEEEEE;color:black;padding:0 2px;} .chat .spoiler code {border:1px solid #CCCCCC;background:#CCCCCC;color:#CCCCCC;} .battle-log .rated {padding:3px 4px;} .battle-log .rated strong {color:white;background:#89A;padding:1px 4px;border-radius:4px;} .spacer {margin-top:0.5em;} .message-announce {background:#6688AA;color:white;padding:1px 4px 2px;} .message-announce a, .broadcast-green a, .broadcast-blue a, .broadcast-red a {color:#DDEEFF;} .broadcast-green {background-color:#559955;color:white;padding:2px 4px;} .broadcast-blue {background-color:#6688AA;color:white;padding:2px 4px;} .infobox {border:1px solid #6688AA;padding:2px 4px;} .infobox-limited {max-height:200px;overflow:auto;overflow-x:hidden;} .broadcast-red {background-color:#AA5544;color:white;padding:2px 4px;} .message-learn-canlearn {font-weight:bold;color:#228822;text-decoration:underline;} .message-learn-cannotlearn {font-weight:bold;color:#CC2222;text-decoration:underline;} .message-effect-weak {font-weight:bold;color:#CC2222;} .message-effect-resist {font-weight:bold;color:#6688AA;} .message-effect-immune {font-weight:bold;color:#666666;} .message-learn-list {margin-top:0;margin-bottom:0;} .message-throttle-notice, .message-error {color:#992222;} .message-overflow, .chat small.message-overflow {font-size:0pt;} .message-overflow::before {font-size:9pt;content:'...';} .subtle {color:#3A4A66;}
</style>
<div class="wrapper replay-wrapper" style="max-width:1180px;margin:0 auto">
<input type="hidden" name="replayid" value="smogtours-ru-282909" />
<div class="battle"></div><div class="battle-log"></div><div class="replay-controls"></div><div class="replay-controls-2"></div>
<h1 style="font-weight:normal;text-align:center"><strong>RU</strong><br /><a href="http://pokemonshowdown.com/users/tko" class="subtle" target="_blank">tko</a> vs. <a href="http://pokemonshowdown.com/users/nails" class="subtle" target="_blank">Nails ☎ ☎ ☎</a></h1>
<script type="text/plain" class="battle-log-data">|inactive|Battle timer is ON: inactive players will automatically lose when time's up.
|J|tko
|J|Nails ☎ ☎ ☎
|player|p1|tko|289
|player|p2|Nails ☎ ☎ ☎|125
|gametype|singles
|gen|6
|tier|RU
|seed|58571,45566,12263,37762
|rule|Sleep Clause Mod: Limit one foe put to sleep
|rule|Species Clause: Limit one of each Pokémon
|rule|OHKO Clause: OHKO moves are banned
|rule|Moody Clause: Moody is banned
|rule|Evasion Moves Clause: Evasion moves are banned
|rule|Endless Battle Clause: Forcing endless battles is banned
|rule|HP Percentage Mod: HP is shown in percentages
|clearpoke
|poke|p1|Diancie|item
|poke|p1|Medicham, F|item
|poke|p1|Virizion|item
|poke|p1|Slowking, F|item
|poke|p1|Emboar, F|item
|poke|p1|Flygon, M|item
|poke|p2|Alomomola, F|item
|poke|p2|Venusaur, M|item
|poke|p2|Uxie|item
|poke|p2|Magneton|item
|poke|p2|Exploud, F|item
|poke|p2|Diancie|item
|rule|Swagger Clause: Swagger is banned
|rule|Baton Pass Clause: Limit one Baton Passer, can't pass Spe and other stats simultaneously
|teampreview
|J|Mr. Aldo
|c|☆Nails ☎ ☎ ☎|hf
|J|Arifeen
|J|osjhdh
|J|EviGaro
|J|Ethiopian Royalty
|choice|team 2, team 1, team 3, team 4, team 5, team 6|team 3, team 2, team 1, team 4, team 5, team 6
|
|start
|switch|p1a: Kyouko Kirigiri|Medicham, F|261\/261
|switch|p2a: Uxie|Uxie|354\/354
|turn|1
|J|sugarhigh
|J|gorex
|J|ht
|c|☆tko|my waifus r in
|c|+Arifeen|ah
|c|☆tko|u2.
|c|+Arifeen|the shakeitup strat
|choice|move highjumpkick|move stealthrock
|
|move|p1a: Kyouko Kirigiri|High Jump Kick|p2a: Uxie|[miss]
|-miss|p1a: Kyouko Kirigiri|p2a: Uxie
|-damage|p1a: Kyouko Kirigiri|131\/261|[from] highjumpkick
|move|p2a: Uxie|Stealth Rock|p1a: Kyouko Kirigiri
|-sidestart|p1: tko|move: Stealth Rock
|
|upkeep
|turn|2
|c|☆tko|na
|c|☆Nails ☎ ☎ ☎|0
|c|☆tko|i dont feel like playin
|c|+Arifeen|thats what u get
|c|☆tko|-
|c|+Arifeen|for being shake
|choice|move thunderpunch|move uturn
|
|move|p1a: Kyouko Kirigiri|Thunder Punch|p2a: Uxie
|-damage|p2a: Uxie|250\/354
|-damage|p1a: Kyouko Kirigiri|105\/261|[from] item: Life Orb
|move|p2a: Uxie|U-turn|p1a: Kyouko Kirigiri
|-damage|p1a: Kyouko Kirigiri|56\/261
|c|+Mr. Aldo|NOOO
|c|☆tko|this games already over
|c|☆tko|lol
|J|Accelgor
|choice||switch 5
|
|switch|p2a: Exploud|Exploud, F|349\/349
|
|upkeep
|turn|3
|choice|switch 2|move surf
|
|switch|p1a: Nanami Aoyama|Diancie|303\/303
|-damage|p1a: Nanami Aoyama|266\/303|[from] Stealth Rock
|move|p2a: Exploud|Surf|p1a: Nanami Aoyama
|-supereffective|p1a: Nanami Aoyama
|-damage|p1a: Nanami Aoyama|164\/303
|
|-heal|p1a: Nanami Aoyama|182\/303|[from] item: Leftovers
|upkeep
|turn|4
|c|+Mr. Aldo|wash this play
|c|+Mr. Aldo|immaculate
|c|+EviGaro|WASH
|J|lax
|c|+lax|t kay o
|choice|move stealthrock|move surf
|
|move|p2a: Exploud|Surf|p1a: Nanami Aoyama
|-supereffective|p1a: Nanami Aoyama
|-damage|p1a: Nanami Aoyama|82\/303
|move|p1a: Nanami Aoyama|Stealth Rock|p2a: Exploud
|-sidestart|p2: Nails ☎ ☎ ☎|move: Stealth Rock
|
|-heal|p1a: Nanami Aoyama|100\/303|[from] item: Leftovers
|upkeep
|turn|5
|J|kamisama_no49
|choice|switch 6|switch 4
|
|switch|p2a: Magneton|Magneton|301\/301
|-damage|p2a: Magneton|283\/301|[from] Stealth Rock
|switch|p1a: ajna|Flygon, M|364\/364
|-damage|p1a: ajna|342\/364|[from] Stealth Rock
|
|-heal|p1a: ajna|364\/364|[from] item: Leftovers
|upkeep
|turn|6
|choice|move earthquake|switch 3
|
|switch|p2a: Alomomola|Alomomola, F|501\/501
|-damage|p2a: Alomomola|439\/501|[from] Stealth Rock
|move|p1a: ajna|Earthquake|p2a: Alomomola
|-damage|p2a: Alomomola|337\/501
|
|-heal|p2a: Alomomola|368\/501|[from] item: Leftovers
|upkeep
|turn|7
|c|+Arifeen|is that ur waif
|c|+Arifeen|u
|c|+Mr. Aldo|power plays
|choice|move uturn|move toxic
|
|move|p1a: ajna|U-turn|p2a: Alomomola
|-damage|p2a: Alomomola|318\/501
|choice|switch 3|
|
|switch|p1a: Kazusa Tomua|Virizion|323\/323
|-damage|p1a: Kazusa Tomua|303\/323|[from] Stealth Rock
|move|p2a: Alomomola|Toxic|p1a: Kazusa Tomua|[miss]
|-miss|p2a: Alomomola|p1a: Kazusa Tomua
|
|-heal|p2a: Alomomola|349\/501|[from] item: Leftovers
|upkeep
|turn|8
|J|Vileman
|c|☆Nails ☎ ☎ ☎|haxed
|c|☆Nails ☎ ☎ ☎|af
|c|+Mr. Aldo|__af__
|choice|move swordsdance|switch 2
|
|switch|p2a: Venusaur|Venusaur, M|363\/363
|-damage|p2a: Venusaur|318\/363|[from] Stealth Rock
|move|p1a: Kazusa Tomua|Swords Dance|p1a: Kazusa Tomua
|-boost|p1a: Kazusa Tomua|atk|2
|
|-heal|p2a: Venusaur|340\/363|[from] item: Leftovers
|upkeep
|turn|9
|choice|move stoneedge|move sludgebomb
|
|move|p1a: Kazusa Tomua|Stone Edge|p2a: Venusaur
|-crit|p2a: Venusaur
|-damage|p2a: Venusaur|116\/363
|move|p2a: Venusaur|Sludge Bomb|p1a: Kazusa Tomua
|-supereffective|p1a: Kazusa Tomua
|-damage|p1a: Kazusa Tomua|117\/323
|
|-heal|p2a: Venusaur|138\/363|[from] item: Leftovers
|upkeep
|turn|10
|c|+Arifeen|haxed
|c|+Arifeen|af
|c|+lax|..
|c|☆Nails ☎ ☎ ☎|im sayin
|c|+lax|Arifeen have u noticed
|J|spookysocialist
|c|+lax|tko is adding his "waifus" to all of his mons names
|choice|move stoneedge|switch 5
|
|switch|p2a: Uxie|Uxie|250\/354
|-damage|p2a: Uxie|206\/354|[from] Stealth Rock
|move|p1a: Kazusa Tomua|Stone Edge|p2a: Uxie
|-damage|p2a: Uxie|77\/354
|
|-heal|p2a: Uxie|99\/354|[from] item: Leftovers
|upkeep
|turn|11
|c|+lax|what a wannabe shakeitup
|c|☆Nails ☎ ☎ ☎|who hits
|c|+Arifeen|yes i said that
|c|+Arifeen|turn 1
|choice|move leafblade|move uturn
|
|move|p1a: Kazusa Tomua|Leaf Blade|p2a: Uxie
|-damage|p2a: Uxie|0 fnt
|faint|p2a: Uxie
|
|upkeep
|choice||switch 4
|
|switch|p2a: Exploud|Exploud, F|349\/349
|-damage|p2a: Exploud|306\/349|[from] Stealth Rock
|turn|12
|c|+kamisama_no49|oh, yeah
|c|☆Nails ☎ ☎ ☎|im gonna
|c|☆Nails ☎ ☎ ☎|yell at u
|J|Team Pokepals
|L|Team Pokepals
|choice|switch 6|move boomburst
|
|switch|p1a: Nanami Aoyama|Diancie|100\/303
|-damage|p1a: Nanami Aoyama|63\/303|[from] Stealth Rock
|move|p2a: Exploud|Boomburst|p1a: Nanami Aoyama
|-resisted|p1a: Nanami Aoyama
|-damage|p1a: Nanami Aoyama|9\/303
|
|-heal|p1a: Nanami Aoyama|27\/303|[from] item: Leftovers
|upkeep
|turn|13
|c|+Ezrael|yell at him nick
|c|+Ezrael|do it
|choice|move moonblast|move boomburst
|
|move|p2a: Exploud|Boomburst|p1a: Nanami Aoyama
|-resisted|p1a: Nanami Aoyama
|-damage|p1a: Nanami Aoyama|0 fnt
|faint|p1a: Nanami Aoyama
|
|upkeep
|choice|switch 5|
|
|switch|p1a: Reina Kosuka|Emboar, F|361\/361
|-damage|p1a: Reina Kosuka|316\/361|[from] Stealth Rock
|turn|14
|c|☆Nails ☎ ☎ ☎|i did it
|c|+Ezrael|be angry
|c|+Ezrael|express your emotions
|c|☆tko|i think i typod this
|c|+ht|tko wheres yui
|choice|move toxic|switch 2
|
|switch|p2a: Alomomola|Alomomola, F|501\/501
|-damage|p2a: Alomomola|439\/501|[from] Stealth Rock
|move|p1a: Reina Kosuka|Toxic|p2a: Alomomola
|-status|p2a: Alomomola|tox
|
|-heal|p2a: Alomomola|470\/501 tox|[from] item: Leftovers
|-damage|p2a: Alomomola|439\/501 tox|[from] psn
|upkeep
|turn|15
|c|+Arifeen|yes
|c|+Arifeen|a
|c|+Arifeen|y
|c|+Arifeen|y
|c|+Ezrael|who hits
|c|☆Nails ☎ ☎ ☎|^
|J|Syl♥ie Lyyneheym
|c|+Syl♥ie Lyyneheym|omg
|c|+Syl♥ie Lyyneheym|!!!
|c|+Arifeen|yea bro
|c|+Arifeen|lucky af
|c|+Arifeen|classic
|choice|switch 3|move wish
|
|switch|p1a: ajna|Flygon, M|364\/364
|-damage|p1a: ajna|342\/364|[from] Stealth Rock
|move|p2a: Alomomola|Wish|p2a: Alomomola
|
|-heal|p1a: ajna|364\/364|[from] item: Leftovers
|-heal|p2a: Alomomola|470\/501 tox|[from] item: Leftovers
|-damage|p2a: Alomomola|408\/501 tox|[from] psn
|upkeep
|turn|16
|c|+Syl♥ie Lyyneheym|howd u manage to spell reinas last name and kazusas last name wrong
|c|+Syl♥ie Lyyneheym|amazing
|choice|move defog|switch 2
|
|switch|p2a: Exploud|Exploud, F|306\/349
|-damage|p2a: Exploud|263\/349|[from] Stealth Rock
|move|p1a: ajna|Defog|p2a: Exploud
|-unboost|p2a: Exploud|evasion|1
|-sideend|p2: Nails ☎ ☎ ☎|Stealth Rock|[from] move: Defog|[of] p2a: Exploud
|-sideend|p1: tko|Stealth Rock|[from] move: Defog|[of] p1a: ajna
|
|-heal|p2a: Exploud|349\/349|[from] move: Wish|[wisher] Alomomola
|upkeep
|turn|17
|c|+Arifeen|not even
|c|+Arifeen|funny
|L|Vileman
|choice|move roost|move boomburst
|
|move|p2a: Exploud|Boomburst|p1a: ajna
|-damage|p1a: ajna|189\/364
|move|p1a: ajna|Roost|p1a: ajna
|-heal|p1a: ajna|364\/364
|
|upkeep
|turn|18
|c|+Syl♥ie Lyyneheym|.
|c|+Arifeen|0
|c|+Ezrael|-
|c|+Mr. Aldo|LOL
|choice|move roost|move boomburst
|
|move|p2a: Exploud|Boomburst|p1a: ajna
|-damage|p1a: ajna|166\/364
|move|p1a: ajna|Roost|p1a: ajna
|-heal|p1a: ajna|348\/364
|
|-heal|p1a: ajna|364\/364|[from] item: Leftovers
|upkeep
|turn|19
|choice|move roost|switch 5
|
|switch|p2a: Venusaur|Venusaur, M|138\/363
|move|p1a: ajna|Roost|p1a: ajna
|-fail|p1a: ajna
|
|-heal|p2a: Venusaur|160\/363|[from] item: Leftovers
|upkeep
|turn|20
|c|+Mr. Aldo|HOW
|choice|move uturn|move synthesis
|
|move|p1a: ajna|U-turn|p2a: Venusaur
|-damage|p2a: Venusaur|111\/363
|choice|switch 2|
|
|switch|p1a: Kyouko Kirigiri|Medicham, F|56\/261
|move|p2a: Venusaur|Synthesis|p2a: Venusaur
|-heal|p2a: Venusaur|292\/363
|
|-heal|p2a: Venusaur|314\/363|[from] item: Leftovers
|upkeep
|turn|21
|c|+Arifeen|in
|c|+EviGaro|HOW
|c|+Mr. Aldo|Im getting my kill now
|choice|move zenheadbutt|switch 2
|
|switch|p2a: Alomomola|Alomomola, F|501\/501 tox
|move|p1a: Kyouko Kirigiri|Zen Headbutt|p2a: Alomomola
|-damage|p2a: Alomomola|274\/501 tox
|-damage|p1a: Kyouko Kirigiri|30\/261|[from] item: Life Orb
|
|-heal|p2a: Alomomola|305\/501 tox|[from] item: Leftovers
|-damage|p2a: Alomomola|274\/501 tox|[from] psn
|upkeep
|turn|22
|choice|move zenheadbutt|move protect
|
|move|p2a: Alomomola|Protect|p2a: Alomomola
|-singleturn|p2a: Alomomola|Protect
|move|p1a: Kyouko Kirigiri|Zen Headbutt|p2a: Alomomola
|-activate|p2a: Alomomola|move: Protect
|
|-heal|p2a: Alomomola|305\/501 tox|[from] item: Leftovers
|-damage|p2a: Alomomola|243\/501 tox|[from] psn
|upkeep
|turn|23
|choice|move highjumpkick|move scald
|
|move|p1a: Kyouko Kirigiri|High Jump Kick|p2a: Alomomola
|-damage|p2a: Alomomola|0 fnt
|-damage|p1a: Kyouko Kirigiri|4\/261|[from] item: Life Orb
|faint|p2a: Alomomola
|
|upkeep
|c|+Arifeen|tko is like
|c|+Arifeen|a regigigas
|choice||switch 5
|
|switch|p2a: Exploud|Exploud, F|349\/349
|turn|24
|choice|switch 4|move toxic
|
|switch|p1a: Suzuna Taki|Slowking, F|389\/389
|move|p2a: Exploud|Toxic|p1a: Suzuna Taki|[miss]
|-miss|p2a: Exploud|p1a: Suzuna Taki
|
|upkeep
|turn|25
|c|☆Nails ☎ ☎ ☎|how
|c|+Arifeen|oh boy
|choice|move thunderwave|switch 3
|
|switch|p2a: Magneton|Magneton|283\/301
|move|p1a: Suzuna Taki|Thunder Wave|p2a: Magneton
|-immune|p2a: Magneton|[msg]
|
|upkeep
|turn|26
|c|+Mr. Aldo|how
|c|+Mr. Aldo|HOW
|c|+Arifeen|wtf
|c|+Arifeen|that was
|c|+Arifeen|amazing
|c|+Mr. Aldo|__Godlike__
|choice|move slackoff|switch 2
|
|switch|p2a: Venusaur|Venusaur, M|314\/363
|move|p1a: Suzuna Taki|Slack Off|p1a: Suzuna Taki
|-fail|p1a: Suzuna Taki
|
|-heal|p2a: Venusaur|336\/363|[from] item: Leftovers
|upkeep
|turn|27
|choice|move thunderwave|move knockoff
|
|move|p2a: Venusaur|Knock Off|p1a: Suzuna Taki
|-supereffective|p1a: Suzuna Taki
|-enditem|p1a: Suzuna Taki|Colbur Berry|[eat]
|-enditem|p1a: Suzuna Taki|Colbur Berry|[weaken]
|-damage|p1a: Suzuna Taki|340\/389
|move|p1a: Suzuna Taki|Thunder Wave|p2a: Venusaur
|-status|p2a: Venusaur|par
|
|-heal|p2a: Venusaur|358\/363 par|[from] item: Leftovers
|upkeep
|turn|28
|c|+Mr. Aldo|1v1d
|J|fattyyy
|L|Mr. Aldo
|choice|move psyshock|move sludgebomb
|
|move|p1a: Suzuna Taki|Psyshock|p2a: Venusaur
|-supereffective|p2a: Venusaur
|-damage|p2a: Venusaur|206\/363 par
|move|p2a: Venusaur|Sludge Bomb|p1a: Suzuna Taki
|-damage|p1a: Suzuna Taki|238\/389
|
|-heal|p2a: Venusaur|228\/363 par|[from] item: Leftovers
|upkeep
|turn|29
|choice|move psyshock|move gigadrain
|
|move|p1a: Suzuna Taki|Psyshock|p2a: Venusaur
|-supereffective|p2a: Venusaur
|-damage|p2a: Venusaur|52\/363 par
|cant|p2a: Venusaur|par
|
|-heal|p2a: Venusaur|74\/363 par|[from] item: Leftovers
|upkeep
|turn|30
|c|+Arifeen|x
|choice|move psyshock|switch 2
|
|switch|p2a: Magneton|Magneton|283\/301
|move|p1a: Suzuna Taki|Psyshock|p2a: Magneton
|-resisted|p2a: Magneton
|-damage|p2a: Magneton|250\/301
|
|upkeep
|turn|31
|choice|switch 6|switch 6
|
|switch|p2a: Diancie|Diancie|301\/301
|switch|p1a: Kazusa Tomua|Virizion|117\/323
|
|upkeep
|turn|32
|c|+Arifeen|..
|choice|move leafblade|move moonblast
|
|move|p1a: Kazusa Tomua|Leaf Blade|p2a: Diancie
|-supereffective|p2a: Diancie
|-damage|p2a: Diancie|109\/301
|move|p2a: Diancie|Moonblast|p1a: Kazusa Tomua
|-supereffective|p1a: Kazusa Tomua
|-damage|p1a: Kazusa Tomua|0 fnt
|faint|p1a: Kazusa Tomua
|
|upkeep
|choice|switch 2|
|
|switch|p1a: ajna|Flygon, M|364\/364
|turn|33
|L|Ezrael
|c|+Arifeen|tko is this gonner those
|c|+Arifeen|lighthouses outsped by doom spreads
|choice|move earthquake|switch 2
|
|switch|p2a: Venusaur|Venusaur, M|74\/363 par
|move|p1a: ajna|Earthquake|p2a: Venusaur
|-damage|p2a: Venusaur|0 fnt
|faint|p2a: Venusaur
|
|upkeep
|choice||switch 3
|
|switch|p2a: Exploud|Exploud, F|349\/349
|turn|34
|choice|move roost|move toxic
|
|move|p2a: Exploud|Toxic|p1a: ajna|[miss]
|-miss|p2a: Exploud|p1a: ajna
|move|p1a: ajna|Roost|p1a: ajna
|-fail|p1a: ajna
|
|upkeep
|turn|35
|c|☆Nails ☎ ☎ ☎|:\/
|choice|move earthquake|move toxic
|
|move|p2a: Exploud|Toxic|p1a: ajna
|-status|p1a: ajna|tox
|move|p1a: ajna|Earthquake|p2a: Exploud
|-crit|p2a: Exploud
|-damage|p2a: Exploud|111\/349
|
|-damage|p1a: ajna|342\/364 tox|[from] psn
|upkeep
|turn|36
|choice|move earthquake|switch 2
|
|switch|p2a: Diancie|Diancie|109\/301
|move|p1a: ajna|Earthquake|p2a: Diancie
|-supereffective|p2a: Diancie
|-damage|p2a: Diancie|0 fnt
|faint|p2a: Diancie
|
|-heal|p1a: ajna|364\/364 tox|[from] item: Leftovers
|-damage|p1a: ajna|320\/364 tox|[from] psn
|upkeep
|choice||switch 2
|
|switch|p2a: Exploud|Exploud, F|111\/349
|turn|37
|c|☆tko|im sorry
|c|☆Nails ☎ ☎ ☎|alas
|c|☆tko|i thought i got lucked but
|c|☆tko|i lucked
|choice|move earthquake|move boomburst
|
|move|p2a: Exploud|Boomburst|p1a: ajna
|-damage|p1a: ajna|143\/364 tox
|move|p1a: ajna|Earthquake|p2a: Exploud
|-damage|p2a: Exploud|0 fnt
|faint|p2a: Exploud
|
|-heal|p1a: ajna|165\/364 tox|[from] item: Leftovers
|-damage|p1a: ajna|99\/364 tox|[from] psn
|upkeep
|choice||switch 6
|
|switch|p2a: Magneton|Magneton|250\/301
|turn|38
|choice|move earthquake|move flashcannon
|
|move|p1a: ajna|Earthquake|p2a: Magneton
|-supereffective|p2a: Magneton
|-damage|p2a: Magneton|0 fnt
|faint|p2a: Magneton
|
|win|tko</script>
</div>
<div class="battle-log battle-log-inline"><div class="inner"><div class="battle-options"></div><div class="inner"><div class="chat message-error">Battle timer is ON: inactive players will automatically lose when time's up.</div><div class=""><small>Format:</small> <br><strong>RU</strong></div><div class=""><small><em>Sleep Clause Mod:</em> Limit one foe put to sleep</small></div><div class=""><small><em>Species Clause:</em> Limit one of each Pokémon</small></div><div class=""><small><em>OHKO Clause:</em> OHKO moves are banned</small></div><div class=""><small><em>Moody Clause:</em> Moody is banned</small></div><div class=""><small><em>Evasion Moves Clause:</em> Evasion moves are banned</small></div><div class=""><small><em>Endless Battle Clause:</em> Forcing endless battles is banned</small></div><div class=""><small><em>HP Percentage Mod:</em> HP is shown in percentages</small></div><div class=""><small><em>Swagger Clause:</em> Swagger is banned</small></div><div class=""><small><em>Baton Pass Clause:</em> Limit one Baton Passer, can't pass Spe and other stats simultaneously</small></div><div class="chat battle-history"><strong>tko's team:</strong> <em style="color:#445566;display:block;">Diancie / Medicham / Virizion / Slowking / Emboar / Flygon</em></div><div class="chat battle-history"><strong>Nails ☎ ☎ ☎'s team:</strong> <em style="color:#445566;display:block;">Alomomola / Venusaur / Uxie / Magneton / Exploud / Diancie</em></div><div class="chat chatmessage-nails"><strong style="color:hsl(190,46%,49.41608548035243%)"><small>☆</small><span class="username" data-name="Nails ☎ ☎ ☎">Nails ☎ ☎ ☎</span>:</strong> <em>hf</em></div><div class="spacer battle-history"><br></div><div class="battle-history">Battle started between tko and Nails ☎ ☎ ☎!<br></div><div class="spacer battle-history"><br></div><div class="battle-history">Go! Kyouko Kirigiri (<strong>Medicham</strong>)!<br></div><div class="spacer battle-history"><br></div><div class="battle-history">Nails ☎ ☎ ☎ sent out <strong>Uxie</strong>!<br></div><div class="spacer battle-history"><br></div><h2 class="battle-history">Turn 1</h2><div class="chat chatmessage-tko"><strong style="color:hsl(152,69%,38.419153807401294%)"><small>☆</small><span class="username" data-name="tko">tko</span>:</strong> <em>my waifus r in</em></div><div class="chat chatmessage-arifeen"><strong style="color:hsl(351,68%,47.77101180383878%)"><small>+</small><span class="username" data-name="Arifeen">Arifeen</span>:</strong> <em>ah</em></div><div class="chat chatmessage-tko"><strong style="color:hsl(152,69%,38.419153807401294%)"><small>☆</small><span class="username" data-name="tko">tko</span>:</strong> <em>u2.</em></div><div class="chat chatmessage-arifeen"><strong style="color:hsl(351,68%,47.77101180383878%)"><small>+</small><span class="username" data-name="Arifeen">Arifeen</span>:</strong> <em>the shakeitup strat</em></div><div class="spacer battle-history"><br></div><div class="battle-history">Kyouko Kirigiri used <strong>High Jump Kick</strong>!<br></div><div class="battle-history"><small>The opposing Uxie avoided the attack!</small><br></div><div class="battle-history"><small>Kyouko Kirigiri kept going and crashed!</small><br></div><div class="spacer battle-history"><br></div><div class="battle-history">The opposing Uxie used <strong>Stealth Rock</strong>!<br></div><div class="battle-history"><small>Pointed stones float in the air around your team!</small><br></div><div class="spacer battle-history"><br></div><h2 class="battle-history">Turn 2</h2><div class="chat chatmessage-tko"><strong style="color:hsl(152,69%,38.419153807401294%)"><small>☆</small><span class="username" data-name="tko">tko</span>:</strong> <em>na</em></div><div class="chat chatmessage-nails"><strong style="color:hsl(190,46%,49.41608548035243%)"><small>☆</small><span class="username" data-name="Nails ☎ ☎ ☎">Nails ☎ ☎ ☎</span>:</strong> <em>0</em></div><div class="chat chatmessage-tko"><strong style="color:hsl(152,69%,38.419153807401294%)"><small>☆</small><span class="username" data-name="tko">tko</span>:</strong> <em>i dont feel like playin</em></div><div class="chat chatmessage-arifeen"><strong style="color:hsl(351,68%,47.77101180383878%)"><small>+</small><span class="username" data-name="Arifeen">Arifeen</span>:</strong> <em>thats what u get</em></div><div class="chat chatmessage-tko"><strong style="color:hsl(152,69%,38.419153807401294%)"><small>☆</small><span class="username" data-name="tko">tko</span>:</strong> <em>-</em></div><div class="chat chatmessage-arifeen"><strong style="color:hsl(351,68%,47.77101180383878%)"><small>+</small><span class="username" data-name="Arifeen">Arifeen</span>:</strong> <em>for being shake</em></div><div class="spacer battle-history"><br></div><div class="battle-history">Kyouko Kirigiri used <strong>Thunder Punch</strong>!<br></div><div class="battle-history"><small>(The opposing Uxie lost <abbr title="−104/354">29.4%</abbr> of its health!)</small><br></div><div class="battle-history"><small>Kyouko Kirigiri lost some of its HP!</small><br></div><div class="spacer battle-history"><br></div><div class="battle-history">The opposing Uxie used <strong>U-turn</strong>!<br></div><div class="battle-history"><small>(Kyouko Kirigiri lost <abbr title="−49/261">18.8%</abbr> of its health!)</small><br></div><div class="chat chatmessage-mraldo"><strong style="color:hsl(234,45%,61.885059011812395%)"><small>+</small><span class="username" data-name="Mr. Aldo">Mr. Aldo</span>:</strong> <em>NOOO</em></div><div class="chat chatmessage-tko"><strong style="color:hsl(152,69%,38.419153807401294%)"><small>☆</small><span class="username" data-name="tko">tko</span>:</strong> <em>this games already over</em></div><div class="chat chatmessage-tko"><strong style="color:hsl(152,69%,38.419153807401294%)"><small>☆</small><span class="username" data-name="tko">tko</span>:</strong> <em>lol</em></div><div class="spacer battle-history"><br></div><div class="battle-history">The opposing Uxie went back to Nails ☎ ☎ ☎!<br></div><div class="battle-history">Nails ☎ ☎ ☎ sent out <strong>Exploud</strong>!<br></div><div class="spacer battle-history"><br></div><h2 class="battle-history">Turn 3</h2><div class="spacer battle-history"><br></div><div class="battle-history">Kyouko Kirigiri, come back!<br></div><div class="battle-history">Go! Nanami Aoyama (<strong>Diancie</strong>)!<br></div><div class="battle-history"><small>Pointed stones dug into Nanami Aoyama!</small><br></div><div class="spacer battle-history"><br></div><div class="battle-history">The opposing Exploud used <strong>Surf</strong>!<br></div><div class="battle-history"><small>It's super effective!</small><br></div><div class="battle-history"><small>(Nanami Aoyama lost <abbr title="−102/303">33.7%</abbr> of its health!)</small><br></div><div class="spacer battle-history"><br></div><div class="battle-history"><small>Nanami Aoyama restored a little HP using its Leftovers!</small><br></div><div class="spacer battle-history"><br></div><h2 class="battle-history">Turn 4</h2><div class="chat chatmessage-mraldo"><strong style="color:hsl(234,45%,61.885059011812395%)"><small>+</small><span class="username" data-name="Mr. Aldo">Mr. Aldo</span>:</strong> <em>wash this play</em></div><div class="chat chatmessage-mraldo"><strong style="color:hsl(234,45%,61.885059011812395%)"><small>+</small><span class="username" data-name="Mr. Aldo">Mr. Aldo</span>:</strong> <em>immaculate</em></div><div class="chat chatmessage-evigaro"><strong style="color:hsl(57,78%,32.99963059042893%)"><small>+</small><span class="username" data-name="EviGaro">EviGaro</span>:</strong> <em>WASH</em></div><div class="chat chatmessage-lax"><strong style="color:hsl(177,74%,40.86308566089215%)"><small>+</small><span class="username" data-name="lax">lax</span>:</strong> <em>t kay o</em></div><div class="spacer battle-history"><br></div><div class="battle-history">The opposing Exploud used <strong>Surf</strong>!<br></div><div class="battle-history"><small>It's super effective!</small><br></div><div class="battle-history"><small>(Nanami Aoyama lost <abbr title="−100/303">33.0%</abbr> of its health!)</small><br></div><div class="spacer battle-history"><br></div><div class="battle-history">Nanami Aoyama used <strong>Stealth Rock</strong>!<br></div><div class="battle-history"><small>Pointed stones float in the air around the opposing team!</small><br></div><div class="spacer battle-history"><br></div><div class="battle-history"><small>Nanami Aoyama restored a little HP using its Leftovers!</small><br></div><div class="spacer battle-history"><br></div><h2 class="battle-history">Turn 5</h2><div class="spacer battle-history"><br></div><div class="battle-history">Nails ☎ ☎ ☎ withdrew Exploud!<br></div><div class="battle-history">Nails ☎ ☎ ☎ sent out <strong>Magneton</strong>!<br></div><div class="battle-history"><small>Pointed stones dug into the opposing Magneton!</small><br></div><div class="spacer battle-history"><br></div><div class="battle-history">Nanami Aoyama, come back!<br></div><div class="battle-history">Go! ajna (<strong>Flygon</strong>)!<br></div><div class="battle-history"><small>Pointed stones dug into ajna!</small><br></div><div class="spacer battle-history"><br></div><div class="battle-history"><small>ajna restored a little HP using its Leftovers!</small><br></div><div class="spacer battle-history"><br></div><h2 class="battle-history">Turn 6</h2><div class="spacer battle-history"><br></div><div class="battle-history">Nails ☎ ☎ ☎ withdrew Magneton!<br></div><div class="battle-history">Nails ☎ ☎ ☎ sent out <strong>Alomomola</strong>!<br></div><div class="battle-history"><small>Pointed stones dug into the opposing Alomomola!</small><br></div><div class="spacer battle-history"><br></div><div class="battle-history">ajna used <strong>Earthquake</strong>!<br></div><div class="battle-history"><small>(The opposing Alomomola lost <abbr title="−102/501">20.4%</abbr> of its health!)</small><br></div><div class="spacer battle-history"><br></div><div class="battle-history"><small>The opposing Alomomola restored a little HP using its Leftovers!</small><br></div><div class="spacer battle-history"><br></div><h2 class="battle-history">Turn 7</h2><div class="chat chatmessage-arifeen"><strong style="color:hsl(351,68%,47.77101180383878%)"><small>+</small><span class="username" data-name="Arifeen">Arifeen</span>:</strong> <em>is that ur waif</em></div><div class="chat chatmessage-arifeen"><strong style="color:hsl(351,68%,47.77101180383878%)"><small>+</small><span class="username" data-name="Arifeen">Arifeen</span>:</strong> <em>u</em></div><div class="chat chatmessage-mraldo"><strong style="color:hsl(234,45%,61.885059011812395%)"><small>+</small><span class="username" data-name="Mr. Aldo">Mr. Aldo</span>:</strong> <em>power plays</em></div><div class="spacer battle-history"><br></div><div class="battle-history">ajna used <strong>U-turn</strong>!<br></div><div class="battle-history"><small>(The opposing Alomomola lost <abbr title="−50/501">10.0%</abbr> of its health!)</small><br></div><div class="spacer battle-history"><br></div><div class="battle-history">ajna went back to tko!<br></div><div class="battle-history">Go! Kazusa Tomua (<strong>Virizion</strong>)!<br></div><div class="battle-history"><small>Pointed stones dug into Kazusa Tomua!</small><br></div><div class="spacer battle-history"><br></div><div class="battle-history">The opposing Alomomola used <strong>Toxic</strong>!<br></div><div class="battle-history"><small>Kazusa Tomua avoided the attack!</small><br></div><div class="spacer battle-history"><br></div><div class="battle-history"><small>The opposing Alomomola restored a little HP using its Leftovers!</small><br></div><div class="spacer battle-history"><br></div><h2 class="battle-history">Turn 8</h2><div class="chat chatmessage-nails"><strong style="color:hsl(190,46%,49.41608548035243%)"><small>☆</small><span class="username" data-name="Nails ☎ ☎ ☎">Nails ☎ ☎ ☎</span>:</strong> <em>haxed</em></div><div class="chat chatmessage-nails"><strong style="color:hsl(190,46%,49.41608548035243%)"><small>☆</small><span class="username" data-name="Nails ☎ ☎ ☎">Nails ☎ ☎ ☎</span>:</strong> <em>af</em></div><div class="chat chatmessage-mraldo"><strong style="color:hsl(234,45%,61.885059011812395%)"><small>+</small><span class="username" data-name="Mr. Aldo">Mr. Aldo</span>:</strong> <em><i>af</i></em></div><div class="spacer battle-history"><br></div><div class="battle-history">Nails ☎ ☎ ☎ withdrew Alomomola!<br></div><div class="battle-history">Nails ☎ ☎ ☎ sent out <strong>Venusaur</strong>!<br></div><div class="battle-history"><small>Pointed stones dug into the opposing Venusaur!</small><br></div><div class="spacer battle-history"><br></div><div class="battle-history">Kazusa Tomua used <strong>Swords Dance</strong>!<br></div><div class="battle-history"><small>Kazusa Tomua's Attack rose sharply!</small><br></div><div class="spacer battle-history"><br></div><div class="battle-history"><small>The opposing Venusaur restored a little HP using its Leftovers!</small><br></div><div class="spacer battle-history"><br></div><h2 class="battle-history">Turn 9</h2><div class="spacer battle-history"><br></div><div class="battle-history">Kazusa Tomua used <strong>Stone Edge</strong>!<br></div><div class="battle-history"><small>A critical hit!</small><br></div><div class="battle-history"><small>(The opposing Venusaur lost <abbr title="−224/363">61.7%</abbr> of its health!)</small><br></div><div class="spacer battle-history"><br></div><div class="battle-history">The opposing Venusaur used <strong>Sludge Bomb</strong>!<br></div><div class="battle-history"><small>It's super effective!</small><br></div><div class="battle-history"><small>(Kazusa Tomua lost <abbr title="−186/323">57.6%</abbr> of its health!)</small><br></div><div class="spacer battle-history"><br></div><div class="battle-history"><small>The opposing Venusaur restored a little HP using its Leftovers!</small><br></div><div class="spacer battle-history"><br></div><h2 class="battle-history">Turn 10</h2><div class="chat chatmessage-arifeen"><strong style="color:hsl(351,68%,47.77101180383878%)"><small>+</small><span class="username" data-name="Arifeen">Arifeen</span>:</strong> <em>haxed</em></div><div class="chat chatmessage-arifeen"><strong style="color:hsl(351,68%,47.77101180383878%)"><small>+</small><span class="username" data-name="Arifeen">Arifeen</span>:</strong> <em>af</em></div><div class="chat chatmessage-lax"><strong style="color:hsl(177,74%,40.86308566089215%)"><small>+</small><span class="username" data-name="lax">lax</span>:</strong> <em>..</em></div><div class="chat chatmessage-nails"><strong style="color:hsl(190,46%,49.41608548035243%)"><small>☆</small><span class="username" data-name="Nails ☎ ☎ ☎">Nails ☎ ☎ ☎</span>:</strong> <em>im sayin</em></div><div class="chat chatmessage-lax"><strong style="color:hsl(177,74%,40.86308566089215%)"><small>+</small><span class="username" data-name="lax">lax</span>:</strong> <em>Arifeen have u noticed</em></div><div class="chat chatmessage-lax"><strong style="color:hsl(177,74%,40.86308566089215%)"><small>+</small><span class="username" data-name="lax">lax</span>:</strong> <em>tko is adding his "waifus" to all of his mons names</em></div><div class="spacer battle-history"><br></div><div class="battle-history">Nails ☎ ☎ ☎ withdrew Venusaur!<br></div><div class="battle-history">Nails ☎ ☎ ☎ sent out <strong>Uxie</strong>!<br></div><div class="battle-history"><small>Pointed stones dug into the opposing Uxie!</small><br></div><div class="spacer battle-history"><br></div><div class="battle-history">Kazusa Tomua used <strong>Stone Edge</strong>!<br></div><div class="battle-history"><small>(The opposing Uxie lost <abbr title="−129/354">36.4%</abbr> of its health!)</small><br></div><div class="spacer battle-history"><br></div><div class="battle-history"><small>The opposing Uxie restored a little HP using its Leftovers!</small><br></div><div class="spacer battle-history"><br></div><h2 class="battle-history">Turn 11</h2><div class="chat chatmessage-lax"><strong style="color:hsl(177,74%,40.86308566089215%)"><small>+</small><span class="username" data-name="lax">lax</span>:</strong> <em>what a wannabe shakeitup</em></div><div class="chat chatmessage-nails"><strong style="color:hsl(190,46%,49.41608548035243%)"><small>☆</small><span class="username" data-name="Nails ☎ ☎ ☎">Nails ☎ ☎ ☎</span>:</strong> <em>who hits</em></div><div class="chat chatmessage-arifeen"><strong style="color:hsl(351,68%,47.77101180383878%)"><small>+</small><span class="username" data-name="Arifeen">Arifeen</span>:</strong> <em>yes i said that</em></div><div class="chat chatmessage-arifeen"><strong style="color:hsl(351,68%,47.77101180383878%)"><small>+</small><span class="username" data-name="Arifeen">Arifeen</span>:</strong> <em>turn 1</em></div><div class="spacer battle-history"><br></div><div class="battle-history">Kazusa Tomua used <strong>Leaf Blade</strong>!<br></div><div class="battle-history"><small>(The opposing Uxie lost <abbr title="−99/354">28.0%</abbr> of its health!)</small><br></div><div class="spacer battle-history"><br></div><div class="battle-history">The opposing Uxie fainted!<br></div><div class="spacer battle-history"><br></div><div class="battle-history">Nails ☎ ☎ ☎ sent out <strong>Exploud</strong>!<br></div><div class="battle-history"><small>Pointed stones dug into the opposing Exploud!</small><br></div><div class="spacer battle-history"><br></div><h2 class="battle-history">Turn 12</h2><div class="chat chatmessage-kamisamano49"><strong style="color:hsl(189,86%,38%)"><small>+</small><span class="username" data-name="kamisama_no49">kamisama_no49</span>:</strong> <em>oh, yeah</em></div><div class="chat chatmessage-nails"><strong style="color:hsl(190,46%,49.41608548035243%)"><small>☆</small><span class="username" data-name="Nails ☎ ☎ ☎">Nails ☎ ☎ ☎</span>:</strong> <em>im gonna</em></div><div class="chat chatmessage-nails"><strong style="color:hsl(190,46%,49.41608548035243%)"><small>☆</small><span class="username" data-name="Nails ☎ ☎ ☎">Nails ☎ ☎ ☎</span>:</strong> <em>yell at u</em></div><div class="spacer battle-history"><br></div><div class="battle-history">Kazusa Tomua, come back!<br></div><div class="battle-history">Go! Nanami Aoyama (<strong>Diancie</strong>)!<br></div><div class="battle-history"><small>Pointed stones dug into Nanami Aoyama!</small><br></div><div class="spacer battle-history"><br></div><div class="battle-history">The opposing Exploud used <strong>Boomburst</strong>!<br></div><div class="battle-history"><small>It's not very effective...</small><br></div><div class="battle-history"><small>(Nanami Aoyama lost <abbr title="−54/303">17.8%</abbr> of its health!)</small><br></div><div class="spacer battle-history"><br></div><div class="battle-history"><small>Nanami Aoyama restored a little HP using its Leftovers!</small><br></div><div class="spacer battle-history"><br></div><h2 class="battle-history">Turn 13</h2><div class="chat chatmessage-ezrael"><strong style="color:hsl(89,55%,41.91351798687583%)"><small>+</small><span class="username" data-name="Ezrael">Ezrael</span>:</strong> <em>yell at him nick</em></div><div class="chat chatmessage-ezrael"><strong style="color:hsl(89,55%,41.91351798687583%)"><small>+</small><span class="username" data-name="Ezrael">Ezrael</span>:</strong> <em>do it</em></div><div class="spacer battle-history"><br></div><div class="battle-history">The opposing Exploud used <strong>Boomburst</strong>!<br></div><div class="battle-history"><small>It's not very effective...</small><br></div><div class="battle-history"><small>(Nanami Aoyama lost <abbr title="−27/303">8.9%</abbr> of its health!)</small><br></div><div class="spacer battle-history"><br></div><div class="battle-history">Nanami Aoyama fainted!<br></div><div class="spacer battle-history"><br></div><div class="battle-history">Go! Reina Kosuka (<strong>Emboar</strong>)!<br></div><div class="battle-history"><small>Pointed stones dug into Reina Kosuka!</small><br></div><div class="spacer battle-history"><br></div><h2 class="battle-history">Turn 14</h2><div class="chat chatmessage-nails"><strong style="color:hsl(190,46%,49.41608548035243%)"><small>☆</small><span class="username" data-name="Nails ☎ ☎ ☎">Nails ☎ ☎ ☎</span>:</strong> <em>i did it</em></div><div class="chat chatmessage-ezrael"><strong style="color:hsl(89,55%,41.91351798687583%)"><small>+</small><span class="username" data-name="Ezrael">Ezrael</span>:</strong> <em>be angry</em></div><div class="chat chatmessage-ezrael"><strong style="color:hsl(89,55%,41.91351798687583%)"><small>+</small><span class="username" data-name="Ezrael">Ezrael</span>:</strong> <em>express your emotions</em></div><div class="chat chatmessage-tko"><strong style="color:hsl(152,69%,38.419153807401294%)"><small>☆</small><span class="username" data-name="tko">tko</span>:</strong> <em>i think i typod this</em></div><div class="chat chatmessage-ht"><strong style="color:hsl(303,44%,45%)"><small>+</small><span class="username" data-name="ht">ht</span>:</strong> <em>tko wheres yui</em></div><div class="spacer battle-history"><br></div><div class="battle-history">Nails ☎ ☎ ☎ withdrew Exploud!<br></div><div class="battle-history">Nails ☎ ☎ ☎ sent out <strong>Alomomola</strong>!<br></div><div class="battle-history"><small>Pointed stones dug into the opposing Alomomola!</small><br></div><div class="spacer battle-history"><br></div><div class="battle-history">Reina Kosuka used <strong>Toxic</strong>!<br></div><div class="battle-history"><small>The opposing Alomomola was badly poisoned!</small><br></div><div class="spacer battle-history"><br></div><div class="battle-history"><small>The opposing Alomomola restored a little HP using its Leftovers!</small><br></div><div class="battle-history"><small>The opposing Alomomola was hurt by poison!</small><br></div><div class="spacer battle-history"><br></div><h2 class="battle-history">Turn 15</h2><div class="chat chatmessage-arifeen"><strong style="color:hsl(351,68%,47.77101180383878%)"><small>+</small><span class="username" data-name="Arifeen">Arifeen</span>:</strong> <em>yes</em></div><div class="chat chatmessage-arifeen"><strong style="color:hsl(351,68%,47.77101180383878%)"><small>+</small><span class="username" data-name="Arifeen">Arifeen</span>:</strong> <em>a</em></div><div class="chat chatmessage-arifeen"><strong style="color:hsl(351,68%,47.77101180383878%)"><small>+</small><span class="username" data-name="Arifeen">Arifeen</span>:</strong> <em>y</em></div><div class="chat chatmessage-arifeen"><strong style="color:hsl(351,68%,47.77101180383878%)"><small>+</small><span class="username" data-name="Arifeen">Arifeen</span>:</strong> <em>y</em></div><div class="chat chatmessage-ezrael"><strong style="color:hsl(89,55%,41.91351798687583%)"><small>+</small><span class="username" data-name="Ezrael">Ezrael</span>:</strong> <em>who hits</em></div><div class="chat chatmessage-nails"><strong style="color:hsl(190,46%,49.41608548035243%)"><small>☆</small><span class="username" data-name="Nails ☎ ☎ ☎">Nails ☎ ☎ ☎</span>:</strong> <em>^</em></div><div class="chat chatmessage-sylielyyneheym"><strong style="color:hsl(205,63%,49%)"><small>+</small><span class="username" data-name="Syl♥ie Lyyneheym">Syl♥ie Lyyneheym</span>:</strong> <em>omg</em></div><div class="chat chatmessage-sylielyyneheym"><strong style="color:hsl(205,63%,49%)"><small>+</small><span class="username" data-name="Syl♥ie Lyyneheym">Syl♥ie Lyyneheym</span>:</strong> <em>!!!</em></div><div class="chat chatmessage-arifeen"><strong style="color:hsl(351,68%,47.77101180383878%)"><small>+</small><span class="username" data-name="Arifeen">Arifeen</span>:</strong> <em>yea bro</em></div><div class="chat chatmessage-arifeen"><strong style="color:hsl(351,68%,47.77101180383878%)"><small>+</small><span class="username" data-name="Arifeen">Arifeen</span>:</strong> <em>lucky af</em></div><div class="chat chatmessage-arifeen"><strong style="color:hsl(351,68%,47.77101180383878%)"><small>+</small><span class="username" data-name="Arifeen">Arifeen</span>:</strong> <em>classic</em></div><div class="spacer battle-history"><br></div><div class="battle-history">Reina Kosuka, come back!<br></div><div class="battle-history">Go! ajna (<strong>Flygon</strong>)!<br></div><div class="battle-history"><small>Pointed stones dug into ajna!</small><br></div><div class="spacer battle-history"><br></div><div class="battle-history">The opposing Alomomola used <strong>Wish</strong>!<br></div><div class="spacer battle-history"><br></div><div class="battle-history"><small>ajna restored a little HP using its Leftovers!</small><br></div><div class="battle-history"><small>The opposing Alomomola restored a little HP using its Leftovers!</small><br></div><div class="battle-history"><small>The opposing Alomomola was hurt by poison!</small><br></div><div class="spacer battle-history"><br></div><h2 class="battle-history">Turn 16</h2><div class="chat chatmessage-sylielyyneheym"><strong style="color:hsl(205,63%,49%)"><small>+</small><span class="username" data-name="Syl♥ie Lyyneheym">Syl♥ie Lyyneheym</span>:</strong> <em>howd u manage to spell reinas last name and kazusas last name wrong</em></div><div class="chat chatmessage-sylielyyneheym"><strong style="color:hsl(205,63%,49%)"><small>+</small><span class="username" data-name="Syl♥ie Lyyneheym">Syl♥ie Lyyneheym</span>:</strong> <em>amazing</em></div><div class="spacer battle-history"><br></div><div class="battle-history">Nails ☎ ☎ ☎ withdrew Alomomola!<br></div><div class="battle-history">Nails ☎ ☎ ☎ sent out <strong>Exploud</strong>!<br></div><div class="battle-history"><small>Pointed stones dug into the opposing Exploud!</small><br></div><div class="spacer battle-history"><br></div><div class="battle-history">ajna used <strong>Defog</strong>!<br></div><div class="battle-history"><small>The opposing Exploud's evasiveness fell!</small><br></div><div class="battle-history"><small>The pointed stones disappeared from around the opposing team!</small><br></div><div class="battle-history"><small>The pointed stones disappeared from around your team!</small><br></div><div class="spacer battle-history"><br></div><div class="battle-history"><small>Alomomola's wish came true!</small><br></div><div class="spacer battle-history"><br></div><h2 class="battle-history">Turn 17</h2><div class="chat chatmessage-arifeen"><strong style="color:hsl(351,68%,47.77101180383878%)"><small>+</small><span class="username" data-name="Arifeen">Arifeen</span>:</strong> <em>not even</em></div><div class="chat chatmessage-arifeen"><strong style="color:hsl(351,68%,47.77101180383878%)"><small>+</small><span class="username" data-name="Arifeen">Arifeen</span>:</strong> <em>funny</em></div><div class="spacer battle-history"><br></div><div class="battle-history">The opposing Exploud used <strong>Boomburst</strong>!<br></div><div class="battle-history"><small>(ajna lost <abbr title="−175/364">48.1%</abbr> of its health!)</small><br></div><div class="spacer battle-history"><br></div><div class="battle-history">ajna used <strong>Roost</strong>!<br></div><div class="battle-history"><small>ajna restored its HP.</small><br></div><div class="spacer battle-history"><br></div><h2 class="battle-history">Turn 18</h2><div class="chat chatmessage-sylielyyneheym"><strong style="color:hsl(205,63%,49%)"><small>+</small><span class="username" data-name="Syl♥ie Lyyneheym">Syl♥ie Lyyneheym</span>:</strong> <em>.</em></div><div class="chat chatmessage-arifeen"><strong style="color:hsl(351,68%,47.77101180383878%)"><small>+</small><span class="username" data-name="Arifeen">Arifeen</span>:</strong> <em>0</em></div><div class="chat chatmessage-ezrael"><strong style="color:hsl(89,55%,41.91351798687583%)"><small>+</small><span class="username" data-name="Ezrael">Ezrael</span>:</strong> <em>-</em></div><div class="chat chatmessage-mraldo"><strong style="color:hsl(234,45%,61.885059011812395%)"><small>+</small><span class="username" data-name="Mr. Aldo">Mr. Aldo</span>:</strong> <em>LOL</em></div><div class="spacer battle-history"><br></div><div class="battle-history">The opposing Exploud used <strong>Boomburst</strong>!<br></div><div class="battle-history"><small>(ajna lost <abbr title="−198/364">54.4%</abbr> of its health!)</small><br></div><div class="spacer battle-history"><br></div><div class="battle-history">ajna used <strong>Roost</strong>!<br></div><div class="battle-history"><small>ajna restored its HP.</small><br></div><div class="spacer battle-history"><br></div><div class="battle-history"><small>ajna restored a little HP using its Leftovers!</small><br></div><div class="spacer battle-history"><br></div><h2 class="battle-history">Turn 19</h2><div class="spacer battle-history"><br></div><div class="battle-history">Nails ☎ ☎ ☎ withdrew Exploud!<br></div><div class="battle-history">Nails ☎ ☎ ☎ sent out <strong>Venusaur</strong>!<br></div><div class="spacer battle-history"><br></div><div class="battle-history">ajna used <strong>Roost</strong>!<br></div><div class="battle-history"><small>But it failed!</small><br></div><div class="spacer battle-history"><br></div><div class="battle-history"><small>The opposing Venusaur restored a little HP using its Leftovers!</small><br></div><div class="spacer battle-history"><br></div><h2 class="battle-history">Turn 20</h2><div class="chat chatmessage-mraldo"><strong style="color:hsl(234,45%,61.885059011812395%)"><small>+</small><span class="username" data-name="Mr. Aldo">Mr. Aldo</span>:</strong> <em>HOW</em></div><div class="spacer battle-history"><br></div><div class="battle-history">ajna used <strong>U-turn</strong>!<br></div><div class="battle-history"><small>(The opposing Venusaur lost <abbr title="−49/363">13.5%</abbr> of its health!)</small><br></div><div class="spacer battle-history"><br></div><div class="battle-history">ajna went back to tko!<br></div><div class="battle-history">Go! Kyouko Kirigiri (<strong>Medicham</strong>)!<br></div><div class="spacer battle-history"><br></div><div class="battle-history">The opposing Venusaur used <strong>Synthesis</strong>!<br></div><div class="battle-history"><small>The opposing Venusaur restored its HP.</small><br></div><div class="spacer battle-history"><br></div><div class="battle-history"><small>The opposing Venusaur restored a little HP using its Leftovers!</small><br></div><div class="spacer battle-history"><br></div><h2 class="battle-history">Turn 21</h2><div class="chat chatmessage-arifeen"><strong style="color:hsl(351,68%,47.77101180383878%)"><small>+</small><span class="username" data-name="Arifeen">Arifeen</span>:</strong> <em>in</em></div><div class="chat chatmessage-evigaro"><strong style="color:hsl(57,78%,32.99963059042893%)"><small>+</small><span class="username" data-name="EviGaro">EviGaro</span>:</strong> <em>HOW</em></div><div class="chat chatmessage-mraldo"><strong style="color:hsl(234,45%,61.885059011812395%)"><small>+</small><span class="username" data-name="Mr. Aldo">Mr. Aldo</span>:</strong> <em>Im getting my kill now</em></div><div class="spacer battle-history"><br></div><div class="battle-history">Nails ☎ ☎ ☎ withdrew Venusaur!<br></div><div class="battle-history">Nails ☎ ☎ ☎ sent out <strong>Alomomola</strong>!<br></div><div class="spacer battle-history"><br></div><div class="battle-history">Kyouko Kirigiri used <strong>Zen Headbutt</strong>!<br></div><div class="battle-history"><small>(The opposing Alomomola lost <abbr title="−227/501">45.3%</abbr> of its health!)</small><br></div><div class="battle-history"><small>Kyouko Kirigiri lost some of its HP!</small><br></div><div class="spacer battle-history"><br></div><div class="battle-history"><small>The opposing Alomomola restored a little HP using its Leftovers!</small><br></div><div class="battle-history"><small>The opposing Alomomola was hurt by poison!</small><br></div><div class="spacer battle-history"><br></div><h2 class="battle-history">Turn 22</h2><div class="spacer battle-history"><br></div><div class="battle-history">The opposing Alomomola used <strong>Protect</strong>!<br></div><div class="battle-history"><small>The opposing Alomomola protected itself!</small><br></div><div class="spacer battle-history"><br></div><div class="battle-history">Kyouko Kirigiri used <strong>Zen Headbutt</strong>!<br></div><div class="battle-history"><small>The opposing Alomomola protected itself!</small><br></div><div class="spacer battle-history"><br></div><div class="battle-history"><small>The opposing Alomomola restored a little HP using its Leftovers!</small><br></div><div class="battle-history"><small>The opposing Alomomola was hurt by poison!</small><br></div><div class="spacer battle-history"><br></div><h2 class="battle-history">Turn 23</h2><div class="spacer battle-history"><br></div><div class="battle-history">Kyouko Kirigiri used <strong>High Jump Kick</strong>!<br></div><div class="battle-history"><small>(The opposing Alomomola lost <abbr title="−243/501">48.5%</abbr> of its health!)</small><br></div><div class="battle-history"><small>Kyouko Kirigiri lost some of its HP!</small><br></div><div class="spacer battle-history"><br></div><div class="battle-history">The opposing Alomomola fainted!<br></div><div class="chat chatmessage-arifeen"><strong style="color:hsl(351,68%,47.77101180383878%)"><small>+</small><span class="username" data-name="Arifeen">Arifeen</span>:</strong> <em>tko is like</em></div><div class="chat chatmessage-arifeen"><strong style="color:hsl(351,68%,47.77101180383878%)"><small>+</small><span class="username" data-name="Arifeen">Arifeen</span>:</strong> <em>a regigigas</em></div><div class="spacer battle-history"><br></div><div class="battle-history">Nails ☎ ☎ ☎ sent out <strong>Exploud</strong>!<br></div><div class="spacer battle-history"><br></div><h2 class="battle-history">Turn 24</h2><div class="spacer battle-history"><br></div><div class="battle-history">Kyouko Kirigiri, come back!<br></div><div class="battle-history">Go! Suzuna Taki (<strong>Slowking</strong>)!<br></div><div class="spacer battle-history"><br></div><div class="battle-history">The opposing Exploud used <strong>Toxic</strong>!<br></div><div class="battle-history"><small>Suzuna Taki avoided the attack!</small><br></div><div class="spacer battle-history"><br></div><h2 class="battle-history">Turn 25</h2><div class="chat chatmessage-nails"><strong style="color:hsl(190,46%,49.41608548035243%)"><small>☆</small><span class="username" data-name="Nails ☎ ☎ ☎">Nails ☎ ☎ ☎</span>:</strong> <em>how</em></div><div class="chat chatmessage-arifeen"><strong style="color:hsl(351,68%,47.77101180383878%)"><small>+</small><span class="username" data-name="Arifeen">Arifeen</span>:</strong> <em>oh boy</em></div><div class="spacer battle-history"><br></div><div class="battle-history">Nails ☎ ☎ ☎ withdrew Exploud!<br></div><div class="battle-history">Nails ☎ ☎ ☎ sent out <strong>Magneton</strong>!<br></div><div class="spacer battle-history"><br></div><div class="battle-history">Suzuna Taki used <strong>Thunder Wave</strong>!<br></div><div class="battle-history"><small>It doesn't affect the opposing Magneton...</small><br></div><div class="spacer battle-history"><br></div><h2 class="battle-history">Turn 26</h2><div class="chat chatmessage-mraldo"><strong style="color:hsl(234,45%,61.885059011812395%)"><small>+</small><span class="username" data-name="Mr. Aldo">Mr. Aldo</span>:</strong> <em>how</em></div><div class="chat chatmessage-mraldo"><strong style="color:hsl(234,45%,61.885059011812395%)"><small>+</small><span class="username" data-name="Mr. Aldo">Mr. Aldo</span>:</strong> <em>HOW</em></div><div class="chat chatmessage-arifeen"><strong style="color:hsl(351,68%,47.77101180383878%)"><small>+</small><span class="username" data-name="Arifeen">Arifeen</span>:</strong> <em>wtf</em></div><div class="chat chatmessage-arifeen"><strong style="color:hsl(351,68%,47.77101180383878%)"><small>+</small><span class="username" data-name="Arifeen">Arifeen</span>:</strong> <em>that was</em></div><div class="chat chatmessage-arifeen"><strong style="color:hsl(351,68%,47.77101180383878%)"><small>+</small><span class="username" data-name="Arifeen">Arifeen</span>:</strong> <em>amazing</em></div><div class="chat chatmessage-mraldo"><strong style="color:hsl(234,45%,61.885059011812395%)"><small>+</small><span class="username" data-name="Mr. Aldo">Mr. Aldo</span>:</strong> <em><i>Godlike</i></em></div><div class="spacer battle-history"><br></div><div class="battle-history">Nails ☎ ☎ ☎ withdrew Magneton!<br></div><div class="battle-history">Nails ☎ ☎ ☎ sent out <strong>Venusaur</strong>!<br></div><div class="spacer battle-history"><br></div><div class="battle-history">Suzuna Taki used <strong>Slack Off</strong>!<br></div><div class="battle-history"><small>But it failed!</small><br></div><div class="spacer battle-history"><br></div><div class="battle-history"><small>The opposing Venusaur restored a little HP using its Leftovers!</small><br></div><div class="spacer battle-history"><br></div><h2 class="battle-history">Turn 27</h2><div class="spacer battle-history"><br></div><div class="battle-history">The opposing Venusaur used <strong>Knock Off</strong>!<br></div><div class="battle-history"><small>It's super effective!</small><br></div><div class="battle-history"><small>Suzuna Taki ate its Colbur Berry!</small><br></div><div class="battle-history"><small>The Colbur Berry weakened the damage to Suzuna Taki!</small><br></div><div class="battle-history"><small>(Suzuna Taki lost <abbr title="−49/389">12.6%</abbr> of its health!)</small><br></div><div class="spacer battle-history"><br></div><div class="battle-history">Suzuna Taki used <strong>Thunder Wave</strong>!<br></div><div class="battle-history"><small>The opposing Venusaur is paralyzed! It may be unable to move!</small><br></div><div class="spacer battle-history"><br></div><div class="battle-history"><small>The opposing Venusaur restored a little HP using its Leftovers!</small><br></div><div class="spacer battle-history"><br></div><h2 class="battle-history">Turn 28</h2><div class="chat chatmessage-mraldo"><strong style="color:hsl(234,45%,61.885059011812395%)"><small>+</small><span class="username" data-name="Mr. Aldo">Mr. Aldo</span>:</strong> <em>1v1d</em></div><div class="spacer battle-history"><br></div><div class="battle-history">Suzuna Taki used <strong>Psyshock</strong>!<br></div><div class="battle-history"><small>It's super effective!</small><br></div><div class="battle-history"><small>(The opposing Venusaur lost <abbr title="−152/363">41.9%</abbr> of its health!)</small><br></div><div class="spacer battle-history"><br></div><div class="battle-history">The opposing Venusaur used <strong>Sludge Bomb</strong>!<br></div><div class="battle-history"><small>(Suzuna Taki lost <abbr title="−102/389">26.2%</abbr> of its health!)</small><br></div><div class="spacer battle-history"><br></div><div class="battle-history"><small>The opposing Venusaur restored a little HP using its Leftovers!</small><br></div><div class="spacer battle-history"><br></div><h2 class="battle-history">Turn 29</h2><div class="spacer battle-history"><br></div><div class="battle-history">Suzuna Taki used <strong>Psyshock</strong>!<br></div><div class="battle-history"><small>It's super effective!</small><br></div><div class="battle-history"><small>(The opposing Venusaur lost <abbr title="−176/363">48.5%</abbr> of its health!)</small><br></div><div class="spacer battle-history"><br></div><div class="battle-history">The opposing Venusaur is paralyzed! It can't move!<br></div><div class="spacer battle-history"><br></div><div class="battle-history"><small>The opposing Venusaur restored a little HP using its Leftovers!</small><br></div><div class="spacer battle-history"><br></div><h2 class="battle-history">Turn 30</h2><div class="chat chatmessage-arifeen"><strong style="color:hsl(351,68%,47.77101180383878%)"><small>+</small><span class="username" data-name="Arifeen">Arifeen</span>:</strong> <em>x</em></div><div class="spacer battle-history"><br></div><div class="battle-history">Nails ☎ ☎ ☎ withdrew Venusaur!<br></div><div class="battle-history">Nails ☎ ☎ ☎ sent out <strong>Magneton</strong>!<br></div><div class="spacer battle-history"><br></div><div class="battle-history">Suzuna Taki used <strong>Psyshock</strong>!<br></div><div class="battle-history"><small>It's not very effective...</small><br></div><div class="battle-history"><small>(The opposing Magneton lost <abbr title="−33/301">11.0%</abbr> of its health!)</small><br></div><div class="spacer battle-history"><br></div><h2 class="battle-history">Turn 31</h2><div class="spacer battle-history"><br></div><div class="battle-history">Nails ☎ ☎ ☎ withdrew Magneton!<br></div><div class="battle-history">Nails ☎ ☎ ☎ sent out <strong>Diancie</strong>!<br></div><div class="spacer battle-history"><br></div><div class="battle-history">Suzuna Taki, come back!<br></div><div class="battle-history">Go! Kazusa Tomua (<strong>Virizion</strong>)!<br></div><div class="spacer battle-history"><br></div><h2 class="battle-history">Turn 32</h2><div class="chat chatmessage-arifeen"><strong style="color:hsl(351,68%,47.77101180383878%)"><small>+</small><span class="username" data-name="Arifeen">Arifeen</span>:</strong> <em>..</em></div><div class="spacer battle-history"><br></div><div class="battle-history">Kazusa Tomua used <strong>Leaf Blade</strong>!<br></div><div class="battle-history"><small>It's super effective!</small><br></div><div class="battle-history"><small>(The opposing Diancie lost <abbr title="−192/301">63.8%</abbr> of its health!)</small><br></div><div class="spacer battle-history"><br></div><div class="battle-history">The opposing Diancie used <strong>Moonblast</strong>!<br></div><div class="battle-history"><small>It's super effective!</small><br></div><div class="battle-history"><small>(Kazusa Tomua lost <abbr title="−117/323">36.2%</abbr> of its health!)</small><br></div><div class="spacer battle-history"><br></div><div class="battle-history">Kazusa Tomua fainted!<br></div><div class="spacer battle-history"><br></div><div class="battle-history">Go! ajna (<strong>Flygon</strong>)!<br></div><div class="spacer battle-history"><br></div><h2 class="battle-history">Turn 33</h2><div class="chat chatmessage-arifeen"><strong style="color:hsl(351,68%,47.77101180383878%)"><small>+</small><span class="username" data-name="Arifeen">Arifeen</span>:</strong> <em>tko is this gonner those</em></div><div class="chat chatmessage-arifeen"><strong style="color:hsl(351,68%,47.77101180383878%)"><small>+</small><span class="username" data-name="Arifeen">Arifeen</span>:</strong> <em>lighthouses outsped by doom spreads</em></div><div class="spacer battle-history"><br></div><div class="battle-history">Nails ☎ ☎ ☎ withdrew Diancie!<br></div><div class="battle-history">Nails ☎ ☎ ☎ sent out <strong>Venusaur</strong>!<br></div><div class="spacer battle-history"><br></div><div class="battle-history">ajna used <strong>Earthquake</strong>!<br></div><div class="battle-history"><small>(The opposing Venusaur lost <abbr title="−74/363">20.4%</abbr> of its health!)</small><br></div><div class="spacer battle-history"><br></div><div class="battle-history">The opposing Venusaur fainted!<br></div><div class="spacer battle-history"><br></div><div class="battle-history">Nails ☎ ☎ ☎ sent out <strong>Exploud</strong>!<br></div><div class="spacer battle-history"><br></div><h2 class="battle-history">Turn 34</h2><div class="spacer battle-history"><br></div><div class="battle-history">The opposing Exploud used <strong>Toxic</strong>!<br></div><div class="battle-history"><small>ajna avoided the attack!</small><br></div><div class="spacer battle-history"><br></div><div class="battle-history">ajna used <strong>Roost</strong>!<br></div><div class="battle-history"><small>But it failed!</small><br></div><div class="spacer battle-history"><br></div><h2 class="battle-history">Turn 35</h2><div class="chat chatmessage-nails"><strong style="color:hsl(190,46%,49.41608548035243%)"><small>☆</small><span class="username" data-name="Nails ☎ ☎ ☎">Nails ☎ ☎ ☎</span>:</strong> <em>:/</em></div><div class="spacer battle-history"><br></div><div class="battle-history">The opposing Exploud used <strong>Toxic</strong>!<br></div><div class="battle-history"><small>ajna was badly poisoned!</small><br></div><div class="spacer battle-history"><br></div><div class="battle-history">ajna used <strong>Earthquake</strong>!<br></div><div class="battle-history"><small>A critical hit!</small><br></div><div class="battle-history"><small>(The opposing Exploud lost <abbr title="−238/349">68.2%</abbr> of its health!)</small><br></div><div class="spacer battle-history"><br></div><div class="battle-history"><small>ajna was hurt by poison!</small><br></div><div class="spacer battle-history"><br></div><h2 class="battle-history">Turn 36</h2><div class="spacer battle-history"><br></div><div class="battle-history">Nails ☎ ☎ ☎ withdrew Exploud!<br></div><div class="battle-history">Nails ☎ ☎ ☎ sent out <strong>Diancie</strong>!<br></div><div class="spacer battle-history"><br></div><div class="battle-history">ajna used <strong>Earthquake</strong>!<br></div><div class="battle-history"><small>It's super effective!</small><br></div><div class="battle-history"><small>(The opposing Diancie lost <abbr title="−109/301">36.2%</abbr> of its health!)</small><br></div><div class="spacer battle-history"><br></div><div class="battle-history">The opposing Diancie fainted!<br></div><div class="spacer battle-history"><br></div><div class="battle-history"><small>ajna restored a little HP using its Leftovers!</small><br></div><div class="battle-history"><small>ajna was hurt by poison!</small><br></div><div class="spacer battle-history"><br></div><div class="battle-history">Nails ☎ ☎ ☎ sent out <strong>Exploud</strong>!<br></div><div class="spacer battle-history"><br></div><h2 class="battle-history">Turn 37</h2><div class="chat chatmessage-tko"><strong style="color:hsl(152,69%,38.419153807401294%)"><small>☆</small><span class="username" data-name="tko">tko</span>:</strong> <em>im sorry</em></div><div class="chat chatmessage-nails"><strong style="color:hsl(190,46%,49.41608548035243%)"><small>☆</small><span class="username" data-name="Nails ☎ ☎ ☎">Nails ☎ ☎ ☎</span>:</strong> <em>alas</em></div><div class="chat chatmessage-tko"><strong style="color:hsl(152,69%,38.419153807401294%)"><small>☆</small><span class="username" data-name="tko">tko</span>:</strong> <em>i thought i got lucked but</em></div><div class="chat chatmessage-tko"><strong style="color:hsl(152,69%,38.419153807401294%)"><small>☆</small><span class="username" data-name="tko">tko</span>:</strong> <em>i lucked</em></div><div class="spacer battle-history"><br></div><div class="battle-history">The opposing Exploud used <strong>Boomburst</strong>!<br></div><div class="battle-history"><small>(ajna lost <abbr title="−177/364">48.6%</abbr> of its health!)</small><br></div><div class="spacer battle-history"><br></div><div class="battle-history">ajna used <strong>Earthquake</strong>!<br></div><div class="battle-history"><small>(The opposing Exploud lost <abbr title="−111/349">31.8%</abbr> of its health!)</small><br></div><div class="spacer battle-history"><br></div><div class="battle-history">The opposing Exploud fainted!<br></div><div class="spacer battle-history"><br></div><div class="battle-history"><small>ajna restored a little HP using its Leftovers!</small><br></div><div class="battle-history"><small>ajna was hurt by poison!</small><br></div><div class="spacer battle-history"><br></div><div class="battle-history">Nails ☎ ☎ ☎ sent out <strong>Magneton</strong>!<br></div><div class="spacer battle-history"><br></div><h2 class="battle-history">Turn 38</h2><div class="spacer battle-history"><br></div><div class="battle-history">ajna used <strong>Earthquake</strong>!<br></div><div class="battle-history"><small>It's super effective!</small><br></div><div class="battle-history"><small>(The opposing Magneton lost <abbr title="−250/301">83.1%</abbr> of its health!)</small><br></div><div class="spacer battle-history"><br></div><div class="battle-history">The opposing Magneton fainted!<br></div><div class="spacer battle-history"><br></div><div class="battle-history"><strong>tko</strong> won the battle!<br></div></div><div class="inner-preempt"></div></div></div>
</div>
<script>
let daily = Math.floor(Date.now()/1000/60/60/24);document.write('<script src="https://play.pokemonshowdown.com/js/replay-embed.js?version'+daily+'"></'+'script>');
</script>
