<!DOCTYPE html>
<meta charset="utf-8" />
<!-- version 1 -->
<title>RU replay: salt x_x vs. Jeran</title>
<style>
html,body {font-family:Verdana, sans-serif;font-size:10pt;margin:0;padding:0;}body{padding:12px 0;} .battle-log {font-family:Verdana, sans-serif;font-size:10pt;} .battle-log-inline {border:1px solid #AAAAAA;background:#EEF2F5;color:black;max-width:640px;margin:0 auto 80px;padding-bottom:5px;} .battle-log .inner {padding:4px 8px 0px 8px;} .battle-log .inner-preempt {padding:0 8px 4px 8px;} .battle-log .inner-after {margin-top:0.5em;} .battle-log h2 {margin:0.5em -8px;padding:4px 8px;border:1px solid #AAAAAA;background:#E0E7EA;border-left:0;border-right:0;font-family:Verdana, sans-serif;font-size:13pt;} .battle-log .chat {vertical-align:middle;padding:3px 0 3px 0;font-size:8pt;} .battle-log .chat strong {color:#40576A;} .battle-log .chat em {padding:1px 4px 1px 3px;color:#000000;font-style:normal;} .chat.mine {background:rgba(0,0,0,0.05);margin-left:-8px;margin-right:-8px;padding-left:8px;padding-right:8px;} .spoiler {color:#BBBBBB;background:#BBBBBB;padding:0px 3px;} .spoiler:hover, .spoiler:active, .spoiler-shown {color:#000000;background:#E2E2E2;padding:0px 3px;} .spoiler a {color:#BBBBBB;} .spoiler:hover a, .spoiler:active a, .spoiler-shown a {color:#2288CC;} .chat code, .chat .spoiler:hover code, .chat .spoiler:active code, .chat .spoiler-shown code {border:1px solid #C0C0C0;background:#EEEEEE;color:black;padding:0 2px;} .chat .spoiler code {border:1px solid #CCCCCC;background:#CCCCCC;color:#CCCCCC;} .battle-log .rated {padding:3px 4px;} .battle-log .rated strong {color:white;background:#89A;padding:1px 4px;border-radius:4px;} .spacer {margin-top:0.5em;} .message-announce {background:#6688AA;color:white;padding:1px 4px 2px;} .message-announce a, .broadcast-green a, .broadcast-blue a, .broadcast-red a {color:#DDEEFF;} .broadcast-green {background-color:#559955;color:white;padding:2px 4px;} .broadcast-blue {background-color:#6688AA;color:white;padding:2px 4px;} .infobox {border:1px solid #6688AA;padding:2px 4px;} .infobox-limited {max-height:200px;overflow:auto;overflow-x:hidden;} .broadcast-red {background-color:#AA5544;color:white;padding:2px 4px;} .message-learn-canlearn {font-weight:bold;color:#228822;text-decoration:underline;} .message-learn-cannotlearn {font-weight:bold;color:#CC2222;text-decoration:underline;} .message-effect-weak {font-weight:bold;color:#CC2222;} .message-effect-resist {font-weight:bold;color:#6688AA;} .message-effect-immune {font-weight:bold;color:#666666;} .message-learn-list {margin-top:0;margin-bottom:0;} .message-throttle-notice, .message-error {color:#992222;} .message-overflow, .chat small.message-overflow {font-size:0pt;} .message-overflow::before {font-size:9pt;content:'...';} .subtle {color:#3A4A66;}
</style>
<div class="wrapper replay-wrapper" style="max-width:1180px;margin:0 auto">
<input type="hidden" name="replayid" value="ru-509627702" />
<div class="battle"></div><div class="battle-log"></div><div class="replay-controls"></div><div class="replay-controls-2"></div>
<h1 style="font-weight:normal;text-align:center"><strong>RU</strong><br /><a href="http://pokemonshowdown.com/users/saltxx" class="subtle" target="_blank">salt x_x</a> vs. <a href="http://pokemonshowdown.com/users/jeran" class="subtle" target="_blank">Jeran</a></h1>
<script type="text/plain" class="battle-log-data">|j|salt x_x
|j|Jeran
|j|Stats Bot
|player|p1|salt x_x|70
|player|p2|Jeran|91
|gametype|singles
|gen|6
|tier|RU
|seed|1500,31087,63562,38003
|rule|Sleep Clause Mod: Limit one foe put to sleep
|rule|Species Clause: Limit one of each Pokémon
|rule|OHKO Clause: OHKO moves are banned
|rule|Moody Clause: Moody is banned
|rule|Evasion Moves Clause: Evasion moves are banned
|rule|Endless Battle Clause: Forcing endless battles is banned
|rule|HP Percentage Mod: HP is shown in percentages
|clearpoke
|poke|p1|Flygon, M|item
|poke|p1|Diancie|item
|poke|p1|Blastoise, M|item
|poke|p1|Spiritomb, F|item
|poke|p1|Medicham, M|item
|poke|p1|Venusaur, F|item
|poke|p2|Registeel|item
|poke|p2|Drapion, M|item
|poke|p2|Alomomola, F|item
|poke|p2|Flygon, M|item
|poke|p2|Altaria, F|item
|poke|p2|Granbull, M|item
|rule|Swagger Clause: Swagger is banned
|rule|Baton Pass Clause: Limit one Baton Passer, can't pass Spe and other stats simultaneously
|teampreview
|l|Stats Bot
|j|A Hidey Hole
|j|Spitfire Arcanine
|j|squaredgeorgie
|j|hjkjflfylyf
|j|NathanDevious
|j|Majin Booooo✞
|j|Female Landorus
|j|PlatinumAbsol
|j|Big Fat Jellyfish
|j|finna climb
|j|AmourShip Or Die
|j|in the spirits
|j|Aguy710A2
|j|Phares
|l|Female Landorus
|j|Midnight.Cresent
|j|DonT
|j|kory2600
|j|II_Sentiment_II
|j|Lustamine❤
|c| Phares|the salt is real
|j|jasprose❄
|j|Jahim
|j|Djk618
|c| Spitfire Arcanine|:)
|j|thevertex
|j|notawalnut
|c| finna climb|phares shhh
|j|MegaChuckNorris
|c| Phares|sup finna L
|c| NathanDevious|salt, did you make jrdn quit?
|j|DougSwellows
|c| Phares|why would you use flygon he sucks
|choice|team 5, team 2, team 3, team 4, team 1, team 6|team 4, team 2, team 3, team 1, team 5, team 6
|
|start
|switch|p1a: Medicham|Medicham, M|261\/261
|switch|p2a: Flygon|Flygon, M|301\/301
|turn|1
|l|notawalnut
|j|Warren Beanstalk
|choice|switch 3|switch 6
|
|switch|p2a: Granbull|Granbull, M|383\/383
|-ability|p2a: Granbull|Intimidate|boost
|-unboost|p1a: Medicham|atk|1
|switch|p1a: Blastoise|Blastoise, M|362\/362
|
|upkeep
|turn|2
|c| Aguy710A2|How dare you Phares
|l|NathanDevious
|choice|move scald|switch 4
|
|switch|p2a: Registeel|Registeel|356\/356
|move|p1a: Blastoise|Scald|p2a: Registeel
|-damage|p2a: Registeel|310\/356
|-status|p2a: Registeel|brn
|
|-heal|p2a: Registeel|332\/356 brn|[from] item: Leftovers
|-damage|p2a: Registeel|288\/356 brn|[from] brn
|upkeep
|turn|3
|c| Aguy710A2|flygon isUBERSWORTHY
|j|meinthefuture1
|c| in the spirits|band
|c| Phares|flygon sucks
|j|jgyfjdtyjydt
|l|MegaChuckNorris
|c| in the spirits|u suck
|choice|move scald|move stealthrock
|
|move|p1a: Blastoise|Scald|p2a: Registeel
|-damage|p2a: Registeel|239\/356 brn
|move|p2a: Registeel|Stealth Rock|p1a: Blastoise
|-sidestart|p1: salt x_x|move: Stealth Rock
|
|-heal|p2a: Registeel|261\/356 brn|[from] item: Leftovers
|-damage|p2a: Registeel|217\/356 brn|[from] brn
|upkeep
|turn|4
|j|xuixos
|l|DonT
|choice|move rapidspin|move toxic
|
|move|p1a: Blastoise|Rapid Spin|p2a: Registeel
|-resisted|p2a: Registeel
|-damage|p2a: Registeel|213\/356 brn
|-sideend|p1: salt x_x|Stealth Rock|[from] move: Rapid Spin|[of] p1a: Blastoise
|move|p2a: Registeel|Toxic|p1a: Blastoise|[miss]
|-miss|p2a: Registeel|p1a: Blastoise
|
|-heal|p2a: Registeel|235\/356 brn|[from] item: Leftovers
|-damage|p2a: Registeel|191\/356 brn|[from] brn
|upkeep
|turn|5
|j|TsunamithePony
|c| jgyfjdtyjydt|gegeggegege
|j|mov
|choice|move scald|switch 4
|
|switch|p2a: Granbull|Granbull, M|383\/383
|-ability|p2a: Granbull|Intimidate|boost
|-unboost|p1a: Blastoise|atk|1
|move|p1a: Blastoise|Scald|p2a: Granbull
|-damage|p2a: Granbull|260\/383
|-status|p2a: Granbull|brn
|
|-heal|p2a: Granbull|283\/383 brn|[from] item: Leftovers
|-damage|p2a: Granbull|236\/383 brn|[from] brn
|upkeep
|turn|6
|c| Djk618|ooo
|j|cL 2ne1
|c| mov|go jeran!
|j|slammus
|c| jgyfjdtyjydt|gegeggegege
|j|Almighty Meloetta
|choice|move scald|move healbell
|
|move|p1a: Blastoise|Scald|p2a: Granbull
|-damage|p2a: Granbull|101\/383 brn
|move|p2a: Granbull|Heal Bell|p2a: Granbull
|-activate|p2a: Granbull|move: Heal Bell
|-curestatus|p2a: Granbull|brn|[msg]
|-curestatus|p2: Registeel|brn|[msg]
|
|-heal|p2a: Granbull|124\/383|[from] item: Leftovers
|upkeep
|turn|7
|choice|move scald|switch 3
|
|switch|p2a: Alomomola|Alomomola, F|501\/501
|move|p1a: Blastoise|Scald|p2a: Alomomola
|-resisted|p2a: Alomomola
|-damage|p2a: Alomomola|454\/501
|-status|p2a: Alomomola|brn
|
|-heal|p2a: Alomomola|485\/501 brn|[from] item: Leftovers
|-damage|p2a: Alomomola|423\/501 brn|[from] brn
|upkeep
|turn|8
|c| jgyfjdtyjydt|gegeggegege
|j|KCstar
|choice|switch 6|move wish
|
|switch|p1a: Venusaur|Venusaur, F|301\/301
|move|p2a: Alomomola|Wish|p2a: Alomomola
|
|-heal|p2a: Alomomola|454\/501 brn|[from] item: Leftovers
|-damage|p2a: Alomomola|392\/501 brn|[from] brn
|upkeep
|turn|9
|l|DougSwellows
|choice|move sleeppowder|switch 4
|
|switch|p2a: Registeel|Registeel|191\/356
|move|p1a: Venusaur|Sleep Powder|p2a: Registeel
|-status|p2a: Registeel|slp
|
|-heal|p2a: Registeel|356\/356 slp|[from] move: Wish|[wisher] Alomomola
|upkeep
|turn|10
|j|The Rarest Candy
|choice|switch 3|switch 5
|
|switch|p1a: Medicham|Medicham, M|261\/261
|switch|p2a: Altaria|Altaria, F|342\/342
|
|upkeep
|turn|11
|j|LJB04
|c| thevertex|ice punch
|choice|switch 2|switch 4
|
|switch|p1a: Diancie|Diancie|304\/304
|switch|p2a: Alomomola|Alomomola, F|501\/501 brn
|
|-damage|p2a: Alomomola|439\/501 brn|[from] brn
|upkeep
|turn|12
|c| slammus|rollout around at the speed of sound
|c| thevertex|o
|choice|move stealthrock|move wish
|
|move|p2a: Alomomola|Wish|p2a: Alomomola
|move|p1a: Diancie|Stealth Rock|p2a: Alomomola
|-sidestart|p2: Jeran|move: Stealth Rock
|
|-heal|p2a: Alomomola|470\/501 brn|[from] item: Leftovers
|-damage|p2a: Alomomola|408\/501 brn|[from] brn
|upkeep
|turn|13
|choice|move moonblast|switch 2
|
|switch|p2a: Drapion|Drapion, M|281\/281
|-damage|p2a: Drapion|246\/281|[from] Stealth Rock
|move|p1a: Diancie|Moonblast|p2a: Drapion
|-damage|p2a: Drapion|101\/281
|
|-heal|p2a: Drapion|281\/281|[from] move: Wish|[wisher] Alomomola
|upkeep
|turn|14
|j|David53
|choice|switch 6|move poisonjab
|
|switch|p1a: Blastoise|Blastoise, M|362\/362
|move|p2a: Drapion|Poison Jab|p1a: Blastoise
|-damage|p1a: Blastoise|287\/362
|
|-heal|p1a: Blastoise|309\/362|[from] item: Leftovers
|upkeep
|turn|15
|j|Sjir-sama
|j|Female Landorus
|choice|move scald|switch 2
|
|switch|p2a: Alomomola|Alomomola, F|501\/501 brn
|-damage|p2a: Alomomola|439\/501 brn|[from] Stealth Rock
|move|p1a: Blastoise|Scald|p2a: Alomomola
|-resisted|p2a: Alomomola
|-damage|p2a: Alomomola|390\/501 brn
|
|-heal|p1a: Blastoise|331\/362|[from] item: Leftovers
|-heal|p2a: Alomomola|421\/501 brn|[from] item: Leftovers
|-damage|p2a: Alomomola|359\/501 brn|[from] brn
|upkeep
|turn|16
|l|Djk618
|choice|switch 3|move wish
|
|switch|p1a: Venusaur|Venusaur, F|301\/301
|move|p2a: Alomomola|Wish|p2a: Alomomola
|
|-heal|p2a: Alomomola|390\/501 brn|[from] item: Leftovers
|-damage|p2a: Alomomola|328\/501 brn|[from] brn
|upkeep
|turn|17
|choice|switch 2|switch 4
|
|switch|p1a: Medicham|Medicham, M|261\/261
|switch|p2a: Altaria|Altaria, F|342\/342
|-damage|p2a: Altaria|257\/342|[from] Stealth Rock
|
|-heal|p2a: Altaria|342\/342|[from] move: Wish|[wisher] Alomomola
|upkeep
|turn|18
|j|chrisbucketz
|j|Glaceon for Ubers
|choice|switch 3|switch 4
|
|switch|p1a: Blastoise|Blastoise, M|331\/362
|switch|p2a: Alomomola|Alomomola, F|495\/501 brn
|-damage|p2a: Alomomola|433\/501 brn|[from] Stealth Rock
|
|-heal|p1a: Blastoise|353\/362|[from] item: Leftovers
|-heal|p2a: Alomomola|464\/501 brn|[from] item: Leftovers
|-damage|p2a: Alomomola|402\/501 brn|[from] brn
|upkeep
|turn|19
|c| LJB04|noone watch this match
|c| LJB04|its boring
|j|Red721
|choice|switch 2|move toxic
|
|switch|p1a: Venusaur|Venusaur, F|301\/301
|move|p2a: Alomomola|Toxic|p1a: Venusaur
|-immune|p1a: Venusaur|[msg]
|
|-heal|p2a: Alomomola|433\/501 brn|[from] item: Leftovers
|-damage|p2a: Alomomola|371\/501 brn|[from] brn
|upkeep
|turn|20
|j|Daoei
|l|Glaceon for Ubers
|choice|move sludgebomb|switch 5
|
|switch|p2a: Registeel|Registeel|356\/356 slp
|-damage|p2a: Registeel|334\/356 slp|[from] Stealth Rock
|move|p1a: Venusaur|Sludge Bomb|p2a: Registeel
|-immune|p2a: Registeel|[msg]
|
|-heal|p2a: Registeel|356\/356 slp|[from] item: Leftovers
|upkeep
|turn|21
|j|tiru
|j|PhDiglett
|choice|switch 3|move stealthrock
|
|switch|p1a: Medicham|Medicham, M|261\/261
|cant|p2a: Registeel|slp
|
|upkeep
|turn|22
|l|LJB04
|c| jgyfjdtyjydt|this is going to be another 100+ turn game
|c| hjkjflfylyf|gl jeran i gtg
|l|hjkjflfylyf
|choice|move highjumpkick|switch 3
|
|switch|p2a: Granbull|Granbull, M|124\/383
|-damage|p2a: Granbull|77\/383|[from] Stealth Rock
|-ability|p2a: Granbull|Intimidate|boost
|-unboost|p1a: Medicham|atk|1
|move|p1a: Medicham|High Jump Kick|p2a: Granbull
|-resisted|p2a: Granbull
|-damage|p2a: Granbull|0 fnt
|-damage|p1a: Medicham|235\/261|[from] item: Life Orb
|faint|p2a: Granbull
|
|upkeep
|choice||switch 2
|
|switch|p2a: Drapion|Drapion, M|281\/281
|-damage|p2a: Drapion|246\/281|[from] Stealth Rock
|turn|23
|l|jasprose❄
|choice|switch 2|move pursuit
|
|-activate|p1a: Medicham|move: Pursuit
|move|p2a: Drapion|Pursuit|p1a: Medicham|[from]Pursuit
|-crit|p1a: Medicham
|-damage|p1a: Medicham|0 fnt
|faint|p1a: Medicham
|
|upkeep
|j|hjkjflfylyf
|choice|switch 5|
|
|switch|p1a: Flygon|Flygon, M|301\/301
|turn|24
|l|hjkjflfylyf
|choice|move earthquake|switch 5
|
|switch|p2a: Alomomola|Alomomola, F|501\/501 brn
|-damage|p2a: Alomomola|439\/501 brn|[from] Stealth Rock
|move|p1a: Flygon|Earthquake|p2a: Alomomola
|-damage|p2a: Alomomola|289\/501 brn
|
|-heal|p2a: Alomomola|320\/501 brn|[from] item: Leftovers
|-damage|p2a: Alomomola|258\/501 brn|[from] brn
|upkeep
|turn|25
|l|jgyfjdtyjydt
|j|Pajamatsu
|l|finna climb
|choice|move earthquake|move toxic
|
|move|p1a: Flygon|Earthquake|p2a: Alomomola
|-damage|p2a: Alomomola|99\/501 brn
|move|p2a: Alomomola|Toxic|p1a: Flygon
|-status|p1a: Flygon|tox
|
|-heal|p2a: Alomomola|130\/501 brn|[from] item: Leftovers
|-damage|p1a: Flygon|283\/301 tox|[from] psn
|-damage|p2a: Alomomola|68\/501 brn|[from] brn
|upkeep
|turn|26
|choice|move earthquake|switch 6
|
|switch|p2a: Flygon|Flygon, M|301\/301
|-damage|p2a: Flygon|283\/301|[from] Stealth Rock
|move|p1a: Flygon|Earthquake|p2a: Flygon
|-immune|p2a: Flygon|[msg]|[from] ability: Levitate
|
|-damage|p1a: Flygon|247\/301 tox|[from] psn
|upkeep
|turn|27
|choice|switch 2|move uturn
|
|switch|p1a: Blastoise|Blastoise, M|353\/362
|move|p2a: Flygon|U-turn|p1a: Blastoise
|-crit|p1a: Blastoise
|-damage|p1a: Blastoise|237\/362
|j|cernuschi
|choice||switch 6
|
|switch|p2a: Alomomola|Alomomola, F|235\/501 brn
|-damage|p2a: Alomomola|173\/501 brn|[from] Stealth Rock
|
|-heal|p1a: Blastoise|259\/362|[from] item: Leftovers
|-heal|p2a: Alomomola|204\/501 brn|[from] item: Leftovers
|-damage|p2a: Alomomola|142\/501 brn|[from] brn
|upkeep
|turn|28
|l|cernuschi
|choice|switch 3|move wish
|
|switch|p1a: Venusaur|Venusaur, F|301\/301
|move|p2a: Alomomola|Wish|p2a: Alomomola
|
|-heal|p2a: Alomomola|173\/501 brn|[from] item: Leftovers
|-damage|p2a: Alomomola|111\/501 brn|[from] brn
|upkeep
|turn|29
|j|Kyotoshi
|choice|switch 2|move protect
|
|switch|p1a: Flygon|Flygon, M|247\/301 tox
|move|p2a: Alomomola|Protect|p2a: Alomomola
|-fail|p2a: Alomomola
|
|-heal|p2a: Alomomola|361\/501 brn|[from] move: Wish|[wisher] Alomomola
|-heal|p2a: Alomomola|392\/501 brn|[from] item: Leftovers
|-damage|p1a: Flygon|229\/301 tox|[from] psn
|-damage|p2a: Alomomola|330\/501 brn|[from] brn
|upkeep
|turn|30
|choice|move uturn|move protect
|
|move|p2a: Alomomola|Protect|p2a: Alomomola
|-singleturn|p2a: Alomomola|Protect
|move|p1a: Flygon|U-turn|p2a: Alomomola
|-activate|p2a: Alomomola|move: Protect
|
|-heal|p2a: Alomomola|361\/501 brn|[from] item: Leftovers
|-damage|p1a: Flygon|193\/301 tox|[from] psn
|-damage|p2a: Alomomola|299\/501 brn|[from] brn
|upkeep
|turn|31
|j|Shatoss
|choice|move uturn|move wish
|
|move|p1a: Flygon|U-turn|p2a: Alomomola
|-damage|p2a: Alomomola|232\/501 brn
|choice|switch 2|
|
|switch|p1a: Venusaur|Venusaur, F|301\/301
|move|p2a: Alomomola|Wish|p2a: Alomomola
|
|-heal|p2a: Alomomola|263\/501 brn|[from] item: Leftovers
|-damage|p2a: Alomomola|201\/501 brn|[from] brn
|upkeep
|turn|32
|choice|move leafstorm|move protect
|
|move|p2a: Alomomola|Protect|p2a: Alomomola
|-singleturn|p2a: Alomomola|Protect
|move|p1a: Venusaur|Leaf Storm|p2a: Alomomola
|-activate|p2a: Alomomola|move: Protect
|
|-heal|p2a: Alomomola|451\/501 brn|[from] move: Wish|[wisher] Alomomola
|-heal|p2a: Alomomola|482\/501 brn|[from] item: Leftovers
|-damage|p2a: Alomomola|420\/501 brn|[from] brn
|upkeep
|turn|33
|l|PhDiglett
|j|Roolando
|choice|switch 3|switch 3
|
|switch|p1a: Blastoise|Blastoise, M|259\/362
|switch|p2a: Registeel|Registeel|356\/356 slp
|-damage|p2a: Registeel|334\/356 slp|[from] Stealth Rock
|
|-heal|p1a: Blastoise|281\/362|[from] item: Leftovers
|-heal|p2a: Registeel|356\/356 slp|[from] item: Leftovers
|upkeep
|turn|34
|choice|move scald|move seismictoss
|
|move|p1a: Blastoise|Scald|p2a: Registeel
|-damage|p2a: Registeel|311\/356 slp
|cant|p2a: Registeel|slp
|
|-heal|p1a: Blastoise|303\/362|[from] item: Leftovers
|-heal|p2a: Registeel|333\/356 slp|[from] item: Leftovers
|upkeep
|turn|35
|choice|move scald|move seismictoss
|
|move|p1a: Blastoise|Scald|p2a: Registeel
|-damage|p2a: Registeel|288\/356 slp
|cant|p2a: Registeel|slp
|
|-heal|p1a: Blastoise|325\/362|[from] item: Leftovers
|-heal|p2a: Registeel|310\/356 slp|[from] item: Leftovers
|upkeep
|turn|36
|choice|move scald|move toxic
|
|move|p1a: Blastoise|Scald|p2a: Registeel
|-damage|p2a: Registeel|265\/356 slp
|-curestatus|p2a: Registeel|slp|[msg]
|move|p2a: Registeel|Toxic|p1a: Blastoise
|-status|p1a: Blastoise|tox
|
|-heal|p1a: Blastoise|347\/362 tox|[from] item: Leftovers
|-heal|p2a: Registeel|287\/356|[from] item: Leftovers
|-damage|p1a: Blastoise|325\/362 tox|[from] psn
|upkeep
|turn|37
|choice|move refresh|move stealthrock
|
|move|p1a: Blastoise|Refresh|p1a: Blastoise
|-curestatus|p1a: Blastoise|tox|[msg]
|move|p2a: Registeel|Stealth Rock|p1a: Blastoise
|-sidestart|p1: salt x_x|move: Stealth Rock
|
|-heal|p1a: Blastoise|347\/362|[from] item: Leftovers
|-heal|p2a: Registeel|309\/356|[from] item: Leftovers
|upkeep
|turn|38
|choice|move rapidspin|move toxic
|
|move|p1a: Blastoise|Rapid Spin|p2a: Registeel
|-resisted|p2a: Registeel
|-damage|p2a: Registeel|305\/356
|-sideend|p1: salt x_x|Stealth Rock|[from] move: Rapid Spin|[of] p1a: Blastoise
|move|p2a: Registeel|Toxic|p1a: Blastoise
|-status|p1a: Blastoise|tox
|
|-heal|p1a: Blastoise|362\/362 tox|[from] item: Leftovers
|-heal|p2a: Registeel|327\/356|[from] item: Leftovers
|-damage|p1a: Blastoise|340\/362 tox|[from] psn
|upkeep
|turn|39
|choice|move scald|move thunderbolt
|
|move|p1a: Blastoise|Scald|p2a: Registeel
|-damage|p2a: Registeel|282\/356
|-status|p2a: Registeel|brn
|move|p2a: Registeel|Thunderbolt|p1a: Blastoise
|-supereffective|p1a: Blastoise
|-damage|p1a: Blastoise|226\/362 tox
|
|-heal|p1a: Blastoise|248\/362 tox|[from] item: Leftovers
|-heal|p2a: Registeel|304\/356 brn|[from] item: Leftovers
|-damage|p1a: Blastoise|204\/362 tox|[from] psn
|-damage|p2a: Registeel|260\/356 brn|[from] brn
|upkeep
|turn|40
|choice|switch 2|move seismictoss
|
|switch|p1a: Flygon|Flygon, M|193\/301 tox
|move|p2a: Registeel|Seismic Toss|p1a: Flygon
|-damage|p1a: Flygon|93\/301 tox
|
|-heal|p2a: Registeel|282\/356 brn|[from] item: Leftovers
|-damage|p1a: Flygon|75\/301 tox|[from] psn
|-damage|p2a: Registeel|238\/356 brn|[from] brn
|upkeep
|turn|41
|choice|move uturn|switch 3
|
|switch|p2a: Alomomola|Alomomola, F|501\/501 brn
|-damage|p2a: Alomomola|439\/501 brn|[from] Stealth Rock
|move|p1a: Flygon|U-turn|p2a: Alomomola
|-damage|p2a: Alomomola|368\/501 brn
|choice|switch 3|
|
|switch|p1a: Venusaur|Venusaur, F|301\/301
|
|-heal|p2a: Alomomola|399\/501 brn|[from] item: Leftovers
|-damage|p2a: Alomomola|337\/501 brn|[from] brn
|upkeep
|turn|42
|choice|move sludgebomb|switch 4
|
|switch|p2a: Altaria|Altaria, F|342\/342
|-damage|p2a: Altaria|257\/342|[from] Stealth Rock
|move|p1a: Venusaur|Sludge Bomb|p2a: Altaria
|-damage|p2a: Altaria|111\/342
|-damage|p1a: Venusaur|271\/301|[from] item: Life Orb
|
|-heal|p2a: Altaria|132\/342|[from] item: Leftovers
|upkeep
|turn|43
|choice|move sludgebomb|switch 3
|
|switch|p2a: Registeel|Registeel|238\/356 brn
|-damage|p2a: Registeel|216\/356 brn|[from] Stealth Rock
|move|p1a: Venusaur|Sludge Bomb|p2a: Registeel
|-immune|p2a: Registeel|[msg]
|
|-heal|p2a: Registeel|238\/356 brn|[from] item: Leftovers
|-damage|p2a: Registeel|194\/356 brn|[from] brn
|upkeep
|turn|44
|j|finna climb
|c| Phares|how is this still going on
|c| Phares|44 turns and one pokemon down jesus christ
|choice|switch 3|move stealthrock
|
|switch|p1a: Flygon|Flygon, M|75\/301 tox
|move|p2a: Registeel|Stealth Rock|p1a: Flygon
|-sidestart|p1: salt x_x|move: Stealth Rock
|
|-heal|p2a: Registeel|216\/356 brn|[from] item: Leftovers
|-damage|p1a: Flygon|57\/301 tox|[from] psn
|-damage|p2a: Registeel|172\/356 brn|[from] brn
|upkeep
|turn|45
|choice|move uturn|switch 4
|
|switch|p2a: Alomomola|Alomomola, F|501\/501 brn
|-damage|p2a: Alomomola|439\/501 brn|[from] Stealth Rock
|move|p1a: Flygon|U-turn|p2a: Alomomola
|-damage|p2a: Alomomola|370\/501 brn
|l|Spitfire Arcanine➹
|choice|switch 3|
|
|switch|p1a: Venusaur|Venusaur, F|271\/301
|-damage|p1a: Venusaur|234\/301|[from] Stealth Rock
|
|-heal|p2a: Alomomola|401\/501 brn|[from] item: Leftovers
|-damage|p2a: Alomomola|339\/501 brn|[from] brn
|upkeep
|turn|46
|choice|move leafstorm|switch 4
|
|switch|p2a: Registeel|Registeel|172\/356 brn
|-damage|p2a: Registeel|150\/356 brn|[from] Stealth Rock
|move|p1a: Venusaur|Leaf Storm|p2a: Registeel|[miss]
|-miss|p1a: Venusaur|p2a: Registeel
|
|-heal|p2a: Registeel|172\/356 brn|[from] item: Leftovers
|-damage|p2a: Registeel|128\/356 brn|[from] brn
|upkeep
|turn|47
|l|Daoei
|choice|move leafstorm|move seismictoss
|
|move|p1a: Venusaur|Leaf Storm|p2a: Registeel
|-resisted|p2a: Registeel
|-damage|p2a: Registeel|66\/356 brn
|-unboost|p1a: Venusaur|spa|2
|-damage|p1a: Venusaur|204\/301|[from] item: Life Orb
|move|p2a: Registeel|Seismic Toss|p1a: Venusaur
|-damage|p1a: Venusaur|104\/301
|
|-heal|p2a: Registeel|88\/356 brn|[from] item: Leftovers
|-damage|p2a: Registeel|44\/356 brn|[from] brn
|upkeep
|turn|48
|l|in the spirits
|choice|move synthesis|switch 6
|
|switch|p2a: Flygon|Flygon, M|283\/301
|-damage|p2a: Flygon|265\/301|[from] Stealth Rock
|move|p1a: Venusaur|Synthesis|p1a: Venusaur
|-heal|p1a: Venusaur|254\/301
|
|upkeep
|turn|49
|choice|move sleeppowder|move uturn
|
|move|p2a: Flygon|U-turn|p1a: Venusaur
|-damage|p1a: Venusaur|129\/301
|c| KCstar|jeran might lose
|choice||switch 6
|
|switch|p2a: Registeel|Registeel|44\/356 brn
|-damage|p2a: Registeel|22\/356 brn|[from] Stealth Rock
|move|p1a: Venusaur|Sleep Powder|p2a: Registeel
|-fail|p2a: Registeel
|
|-heal|p2a: Registeel|44\/356 brn|[from] item: Leftovers
|-damage|p2a: Registeel|0 fnt|[from] brn
|upkeep
|faint|p2a: Registeel
|choice||switch 6
|
|switch|p2a: Flygon|Flygon, M|265\/301
|-damage|p2a: Flygon|247\/301|[from] Stealth Rock
|turn|50
|c| Phares|he's on a pretty big losing streak
|choice|switch 2|move earthquake
|
|switch|p1a: Blastoise|Blastoise, M|204\/362 tox
|-damage|p1a: Blastoise|159\/362 tox|[from] Stealth Rock
|move|p2a: Flygon|Earthquake|p1a: Blastoise
|-damage|p1a: Blastoise|3\/362 tox
|
|-heal|p1a: Blastoise|25\/362 tox|[from] item: Leftovers
|-damage|p1a: Blastoise|3\/362 tox|[from] psn
|upkeep
|turn|51
|c| Phares|Jeran __loses 3 finals in tournaments over 10 days and wins about 90__
|choice|move rapidspin|move earthquake
|
|move|p2a: Flygon|Earthquake|p1a: Blastoise
|-damage|p1a: Blastoise|0 fnt
|faint|p1a: Blastoise
|
|upkeep
|l|Phares
|choice|switch 3|
|
|switch|p1a: Flygon|Flygon, M|57\/301 tox
|-damage|p1a: Flygon|39\/301 tox|[from] Stealth Rock
|turn|52
|choice|move outrage|switch 4
|
|switch|p2a: Alomomola|Alomomola, F|501\/501 brn
|-damage|p2a: Alomomola|439\/501 brn|[from] Stealth Rock
|move|p1a: Flygon|Outrage|p2a: Alomomola
|-crit|p2a: Alomomola
|-damage|p2a: Alomomola|163\/501 brn
|
|-heal|p2a: Alomomola|194\/501 brn|[from] item: Leftovers
|-damage|p1a: Flygon|21\/301 tox|[from] psn
|-damage|p2a: Alomomola|132\/501 brn|[from] brn
|upkeep
|turn|53
|choice|move outrage|switch 3
|
|switch|p2a: Altaria|Altaria, F|132\/342
|-damage|p2a: Altaria|47\/342|[from] Stealth Rock
|move|p1a: Flygon|Outrage|p2a: Altaria|[from]lockedmove
|-supereffective|p2a: Altaria
|-damage|p2a: Altaria|0 fnt
|-start|p1a: Flygon|confusion|[fatigue]
|faint|p2a: Altaria
|
|-damage|p1a: Flygon|0 fnt|[from] psn
|upkeep
|faint|p1a: Flygon
|choice|switch 6|switch 5
|
|switch|p2a: Drapion|Drapion, M|246\/281
|switch|p1a: Diancie|Diancie|304\/304
|-damage|p2a: Drapion|211\/281|[from] Stealth Rock
|-damage|p1a: Diancie|266\/304|[from] Stealth Rock
|turn|54
|choice|move moonblast|move poisonjab
|
|move|p2a: Drapion|Poison Jab|p1a: Diancie
|-damage|p1a: Diancie|191\/304
|move|p1a: Diancie|Moonblast|p2a: Drapion
|-damage|p2a: Drapion|67\/281
|
|-heal|p1a: Diancie|210\/304|[from] item: Leftovers
|upkeep
|turn|55
|l|Almighty Meloetta
|choice|move moonblast|move poisonjab
|
|move|p2a: Drapion|Poison Jab|p1a: Diancie
|-damage|p1a: Diancie|137\/304
|-status|p1a: Diancie|psn
|move|p1a: Diancie|Moonblast|p2a: Drapion
|-damage|p2a: Drapion|0 fnt
|faint|p2a: Drapion
|
|-heal|p1a: Diancie|156\/304 psn|[from] item: Leftovers
|-damage|p1a: Diancie|118\/304 psn|[from] psn
|upkeep
|choice||switch 4
|
|switch|p2a: Flygon|Flygon, M|247\/301
|-damage|p2a: Flygon|229\/301|[from] Stealth Rock
|turn|56
|choice|move moonblast|move earthquake
|
|move|p2a: Flygon|Earthquake|p1a: Diancie
|-supereffective|p1a: Diancie
|-damage|p1a: Diancie|0 fnt
|faint|p1a: Diancie
|
|upkeep
|c| TsunamithePony|jeez
|choice|switch 4|
|
|switch|p1a: Spiritomb|Spiritomb, F|294\/294
|-damage|p1a: Spiritomb|258\/294|[from] Stealth Rock
|turn|57
|l|slammus
|choice|move willowisp|switch 3
|
|switch|p2a: Alomomola|Alomomola, F|299\/501 brn
|-damage|p2a: Alomomola|237\/501 brn|[from] Stealth Rock
|move|p1a: Spiritomb|Will-O-Wisp|p2a: Alomomola
|-fail|p2a: Alomomola|brn
|
|-heal|p2a: Alomomola|268\/501 brn|[from] item: Leftovers
|-damage|p2a: Alomomola|206\/501 brn|[from] brn
|upkeep
|turn|58
|j|Alolan Tanktanium
|l|Female Landorus
|choice|switch 2|switch 3
|
|switch|p2a: Flygon|Flygon, M|229\/301
|-damage|p2a: Flygon|211\/301|[from] Stealth Rock
|switch|p1a: Venusaur|Venusaur, F|129\/301
|-damage|p1a: Venusaur|92\/301|[from] Stealth Rock
|
|upkeep
|turn|59
|j|00cheese
|choice|switch 2|move earthquake
|
|switch|p1a: Spiritomb|Spiritomb, F|258\/294
|-damage|p1a: Spiritomb|222\/294|[from] Stealth Rock
|move|p2a: Flygon|Earthquake|p1a: Spiritomb
|-damage|p1a: Spiritomb|30\/294
|
|upkeep
|turn|60
|choice|move suckerpunch|move earthquake
|
|move|p1a: Spiritomb|Sucker Punch|p2a: Flygon
|-damage|p2a: Flygon|24\/301
|move|p2a: Flygon|Earthquake|p1a: Spiritomb
|-damage|p1a: Spiritomb|0 fnt
|faint|p1a: Spiritomb
|
|upkeep
|c| II_Sentiment_II|:'(
|c|★salt x_x|wp
|c| KCstar|nvm
|choice|switch 2|
|
|switch|p1a: Venusaur|Venusaur, F|92\/301
|-damage|p1a: Venusaur|55\/301|[from] Stealth Rock
|turn|61
|choice|move sludgebomb|move earthquake
|
|move|p2a: Flygon|Earthquake|p1a: Venusaur
|-damage|p1a: Venusaur|0 fnt
|faint|p1a: Venusaur
|
|win|Jeran
|player|p1
|player|p2
|l|David53
|l|Alolan Tanktanium
|l|Big Fat Jellyfish
|l|squaredgeorgie
|l|Midnight.Cresent
|l|A Hidey Hole
|l|salt x_x
|l|mov
|l|thevertex
|l|II_Sentiment_II
|l|KCstar
|l|00cheese
|l|Red721
|l|Kyotoshi
|l|TsunamithePony
|l|PlatinumAbsol
|l|xuixos
|l|Lustamine❤
|l|The Rarest Candy</script>
</div>
<div class="battle-log battle-log-inline"><div class="inner"><div class="battle-options"></div><div class="inner"><div class="chat"><small>salt x_x joined.</small></div><div class="chat"><small>Jeran joined.</small></div><div class="chat"><small>Stats Bot joined.</small></div><div class=""><small>Format:</small> <br><strong>RU</strong></div><div class=""><small><em>Sleep Clause Mod:</em> Limit one foe put to sleep</small></div><div class=""><small><em>Species Clause:</em> Limit one of each Pokémon</small></div><div class=""><small><em>OHKO Clause:</em> OHKO moves are banned</small></div><div class=""><small><em>Moody Clause:</em> Moody is banned</small></div><div class=""><small><em>Evasion Moves Clause:</em> Evasion moves are banned</small></div><div class=""><small><em>Endless Battle Clause:</em> Forcing endless battles is banned</small></div><div class=""><small><em>HP Percentage Mod:</em> HP is shown in percentages</small></div><div class=""><small><em>Swagger Clause:</em> Swagger is banned</small></div><div class=""><small><em>Baton Pass Clause:</em> Limit one Baton Passer, can't pass Spe and other stats simultaneously</small></div><div class="chat battle-history"><strong>salt x_x's team:</strong> <em style="color:#445566;display:block;">Flygon / Diancie / Blastoise / Spiritomb / Medicham / Venusaur</em></div><div class="chat battle-history"><strong>Jeran's team:</strong> <em style="color:#445566;display:block;">Registeel / Drapion / Alomomola / Flygon / Altaria / Granbull</em></div><div class="chat"><small>Stats Bot left.</small></div><div class="chat"><small>A Hidey Hole joined.</small></div><div class="chat"><small>Spitfire Arcanine joined.</small></div><div class="chat"><small>squaredgeorgie joined.</small></div><div class="chat"><small>hjkjflfylyf joined.</small></div><div class="chat"><small>NathanDevious joined.</small></div><div class="chat"><small>Majin Booooo✞ joined.</small></div><div class="chat"><small>Female Landorus joined.</small></div><div class="chat"><small>PlatinumAbsol joined.</small></div><div class="chat"><small>Big Fat Jellyfish joined.</small></div><div class="chat"><small>finna climb joined.</small></div><div class="chat"><small>AmourShip Or Die joined.</small></div><div class="chat"><small>in the spirits joined.</small></div><div class="chat"><small>Aguy710A2 joined.</small></div><div class="chat"><small>Phares joined.</small></div><div class="chat"><small>Female Landorus left.</small></div><div class="chat"><small>Midnight.Cresent joined.</small></div><div class="chat"><small>DonT joined.</small></div><div class="chat"><small>kory2600 joined.</small></div><div class="chat"><small>II_Sentiment_II joined.</small></div><div class="chat"><small>Lustamine❤ joined.</small></div><div class="chat chatmessage-phares"><strong style="color:hsl(306,67%,45.170591227309586%)"><small> </small><span class="username" data-name="Phares">Phares</span>:</strong> <em>the salt is real</em></div><div class="chat"><small>jasprose❄ joined.</small></div><div class="chat"><small>Jahim joined.</small></div><div class="chat"><small>Djk618 joined.</small></div><div class="chat chatmessage-spitfirearcanine"><strong style="color:hsl(37,73%,35.87885081020673%)"><small> </small><span class="username" data-name="Spitfire Arcanine">Spitfire Arcanine</span>:</strong> <em>:)</em></div><div class="chat"><small>thevertex joined.</small></div><div class="chat"><small>notawalnut joined.</small></div><div class="chat chatmessage-finnaclimb"><strong style="color:hsl(67,62%,37.38918687027659%)"><small> </small><span class="username" data-name="finna climb">finna climb</span>:</strong> <em>phares shhh</em></div><div class="chat"><small>MegaChuckNorris joined.</small></div><div class="chat chatmessage-phares"><strong style="color:hsl(306,67%,45.170591227309586%)"><small> </small><span class="username" data-name="Phares">Phares</span>:</strong> <em>sup finna L</em></div><div class="chat chatmessage-nathandevious"><strong style="color:hsl(118,87%,31.479491411646514%)"><small> </small><span class="username" data-name="NathanDevious">NathanDevious</span>:</strong> <em>salt, did you make jrdn quit?</em></div><div class="chat"><small>DougSwellows joined.</small></div><div class="chat chatmessage-phares"><strong style="color:hsl(306,67%,45.170591227309586%)"><small> </small><span class="username" data-name="Phares">Phares</span>:</strong> <em>why would you use flygon he sucks</em></div><div class="spacer battle-history"><br></div><div class="battle-history">Battle started between salt x_x and Jeran!<br></div><div class="spacer battle-history"><br></div><div class="battle-history">Go! <strong>Medicham</strong>!<br></div><div class="spacer battle-history"><br></div><div class="battle-history">Jeran sent out <strong>Flygon</strong>!<br></div><div class="spacer battle-history"><br></div><h2 class="battle-history">Turn 1</h2><div class="chat"><small>notawalnut left.</small></div><div class="chat"><small>Warren Beanstalk joined.</small></div><div class="spacer battle-history"><br></div><div class="battle-history">Jeran withdrew Flygon!<br></div><div class="battle-history">Jeran sent out <strong>Granbull</strong>!<br></div><div class="battle-history"><small>[The opposing Granbull's Intimidate]</small><br></div><div class="battle-history"><small>Medicham's Attack fell!</small><br></div><div class="spacer battle-history"><br></div><div class="battle-history">Medicham, come back!<br></div><div class="battle-history">Go! <strong>Blastoise</strong>!<br></div><div class="spacer battle-history"><br></div><h2 class="battle-history">Turn 2</h2><div class="chat chatmessage-aguy710a2"><strong style="color:hsl(254,45%,57.505765749717256%)"><small> </small><span class="username" data-name="Aguy710A2">Aguy710A2</span>:</strong> <em>How dare you Phares</em></div><div class="chat"><small>NathanDevious left.</small></div><div class="spacer battle-history"><br></div><div class="battle-history">Jeran withdrew Granbull!<br></div><div class="battle-history">Jeran sent out <strong>Registeel</strong>!<br></div><div class="spacer battle-history"><br></div><div class="battle-history">Blastoise used <strong>Scald</strong>!<br></div><div class="battle-history"><small>(The opposing Registeel lost <abbr title="−46/356">12.9%</abbr> of its health!)</small><br></div><div class="battle-history"><small>The opposing Registeel was burned!</small><br></div><div class="spacer battle-history"><br></div><div class="battle-history"><small>The opposing Registeel restored a little HP using its Leftovers!</small><br></div><div class="battle-history"><small>The opposing Registeel was hurt by its burn!</small><br></div><div class="spacer battle-history"><br></div><h2 class="battle-history">Turn 3</h2><div class="chat chatmessage-aguy710a2"><strong style="color:hsl(254,45%,57.505765749717256%)"><small> </small><span class="username" data-name="Aguy710A2">Aguy710A2</span>:</strong> <em>flygon isUBERSWORTHY</em></div><div class="chat"><small>meinthefuture1 joined.</small></div><div class="chat chatmessage-inthespirits"><strong style="color:hsl(180,81%,36%)"><small> </small><span class="username" data-name="in the spirits">in the spirits</span>:</strong> <em>band</em></div><div class="chat chatmessage-phares"><strong style="color:hsl(306,67%,45.170591227309586%)"><small> </small><span class="username" data-name="Phares">Phares</span>:</strong> <em>flygon sucks</em></div><div class="chat"><small>jgyfjdtyjydt joined.</small></div><div class="chat"><small>MegaChuckNorris left.</small></div><div class="chat chatmessage-inthespirits"><strong style="color:hsl(180,81%,36%)"><small> </small><span class="username" data-name="in the spirits">in the spirits</span>:</strong> <em>u suck</em></div><div class="spacer battle-history"><br></div><div class="battle-history">Blastoise used <strong>Scald</strong>!<br></div><div class="battle-history"><small>(The opposing Registeel lost <abbr title="−49/356">13.8%</abbr> of its health!)</small><br></div><div class="spacer battle-history"><br></div><div class="battle-history">The opposing Registeel used <strong>Stealth Rock</strong>!<br></div><div class="battle-history"><small>Pointed stones float in the air around your team!</small><br></div><div class="spacer battle-history"><br></div><div class="battle-history"><small>The opposing Registeel restored a little HP using its Leftovers!</small><br></div><div class="battle-history"><small>The opposing Registeel was hurt by its burn!</small><br></div><div class="spacer battle-history"><br></div><h2 class="battle-history">Turn 4</h2><div class="chat"><small>xuixos joined.</small></div><div class="chat"><small>DonT left.</small></div><div class="spacer battle-history"><br></div><div class="battle-history">Blastoise used <strong>Rapid Spin</strong>!<br></div><div class="battle-history"><small>It's not very effective...</small><br></div><div class="battle-history"><small>(The opposing Registeel lost <abbr title="−4/356">1.1%</abbr> of its health!)</small><br></div><div class="battle-history"><small>The pointed stones disappeared from around your team!</small><br></div><div class="spacer battle-history"><br></div><div class="battle-history">The opposing Registeel used <strong>Toxic</strong>!<br></div><div class="battle-history"><small>Blastoise avoided the attack!</small><br></div><div class="spacer battle-history"><br></div><div class="battle-history"><small>The opposing Registeel restored a little HP using its Leftovers!</small><br></div><div class="battle-history"><small>The opposing Registeel was hurt by its burn!</small><br></div><div class="spacer battle-history"><br></div><h2 class="battle-history">Turn 5</h2><div class="chat"><small>TsunamithePony joined.</small></div><div class="chat chatmessage-jgyfjdtyjydt"><strong style="color:hsl(203,80%,43%)"><small> </small><span class="username" data-name="jgyfjdtyjydt">jgyfjdtyjydt</span>:</strong> <em>gegeggegege</em></div><div class="chat"><small>mov joined.</small></div><div class="spacer battle-history"><br></div><div class="battle-history">Jeran withdrew Registeel!<br></div><div class="battle-history">Jeran sent out <strong>Granbull</strong>!<br></div><div class="battle-history"><small>[The opposing Granbull's Intimidate]</small><br></div><div class="battle-history"><small>Blastoise's Attack fell!</small><br></div><div class="spacer battle-history"><br></div><div class="battle-history">Blastoise used <strong>Scald</strong>!<br></div><div class="battle-history"><small>(The opposing Granbull lost <abbr title="−123/383">32.1%</abbr> of its health!)</small><br></div><div class="battle-history"><small>The opposing Granbull was burned!</small><br></div><div class="spacer battle-history"><br></div><div class="battle-history"><small>The opposing Granbull restored a little HP using its Leftovers!</small><br></div><div class="battle-history"><small>The opposing Granbull was hurt by its burn!</small><br></div><div class="spacer battle-history"><br></div><h2 class="battle-history">Turn 6</h2><div class="chat chatmessage-djk618"><strong style="color:hsl(161,40%,34%)"><small> </small><span class="username" data-name="Djk618">Djk618</span>:</strong> <em>ooo</em></div><div class="chat"><small>cL 2ne1 joined.</small></div><div class="chat chatmessage-mov"><strong style="color:hsl(150,54%,32.61194743020002%)"><small> </small><span class="username" data-name="mov">mov</span>:</strong> <em>go jeran!</em></div><div class="chat"><small>slammus joined.</small></div><div class="chat chatmessage-jgyfjdtyjydt"><strong style="color:hsl(203,80%,43%)"><small> </small><span class="username" data-name="jgyfjdtyjydt">jgyfjdtyjydt</span>:</strong> <em>gegeggegege</em></div><div class="chat"><small>Almighty Meloetta joined.</small></div><div class="spacer battle-history"><br></div><div class="battle-history">Blastoise used <strong>Scald</strong>!<br></div><div class="battle-history"><small>(The opposing Granbull lost <abbr title="−135/383">35.2%</abbr> of its health!)</small><br></div><div class="spacer battle-history"><br></div><div class="battle-history">The opposing Granbull used <strong>Heal Bell</strong>!<br></div><div class="battle-history"><small>A bell chimed!</small><br></div><div class="battle-history"><small>The opposing Granbull's burn was healed.</small><br></div><div class="battle-history"><small>The opposing Registeel's burn was healed.</small><br></div><div class="spacer battle-history"><br></div><div class="battle-history"><small>The opposing Granbull restored a little HP using its Leftovers!</small><br></div><div class="spacer battle-history"><br></div><h2 class="battle-history">Turn 7</h2><div class="spacer battle-history"><br></div><div class="battle-history">Jeran withdrew Granbull!<br></div><div class="battle-history">Jeran sent out <strong>Alomomola</strong>!<br></div><div class="spacer battle-history"><br></div><div class="battle-history">Blastoise used <strong>Scald</strong>!<br></div><div class="battle-history"><small>It's not very effective...</small><br></div><div class="battle-history"><small>(The opposing Alomomola lost <abbr title="−47/501">9.4%</abbr> of its health!)</small><br></div><div class="battle-history"><small>The opposing Alomomola was burned!</small><br></div><div class="spacer battle-history"><br></div><div class="battle-history"><small>The opposing Alomomola restored a little HP using its Leftovers!</small><br></div><div class="battle-history"><small>The opposing Alomomola was hurt by its burn!</small><br></div><div class="spacer battle-history"><br></div><h2 class="battle-history">Turn 8</h2><div class="chat chatmessage-jgyfjdtyjydt"><strong style="color:hsl(203,80%,43%)"><small> </small><span class="username" data-name="jgyfjdtyjydt">jgyfjdtyjydt</span>:</strong> <em>gegeggegege</em></div><div class="chat"><small>KCstar joined.</small></div><div class="spacer battle-history"><br></div><div class="battle-history">Blastoise, come back!<br></div><div class="battle-history">Go! <strong>Venusaur</strong>!<br></div><div class="spacer battle-history"><br></div><div class="battle-history">The opposing Alomomola used <strong>Wish</strong>!<br></div><div class="spacer battle-history"><br></div><div class="battle-history"><small>The opposing Alomomola restored a little HP using its Leftovers!</small><br></div><div class="battle-history"><small>The opposing Alomomola was hurt by its burn!</small><br></div><div class="spacer battle-history"><br></div><h2 class="battle-history">Turn 9</h2><div class="chat"><small>DougSwellows left.</small></div><div class="spacer battle-history"><br></div><div class="battle-history">Jeran withdrew Alomomola!<br></div><div class="battle-history">Jeran sent out <strong>Registeel</strong>!<br></div><div class="spacer battle-history"><br></div><div class="battle-history">Venusaur used <strong>Sleep Powder</strong>!<br></div><div class="battle-history"><small>The opposing Registeel fell asleep!</small><br></div><div class="spacer battle-history"><br></div><div class="battle-history"><small>Alomomola's wish came true!</small><br></div><div class="spacer battle-history"><br></div><h2 class="battle-history">Turn 10</h2><div class="chat"><small>The Rarest Candy joined.</small></div><div class="spacer battle-history"><br></div><div class="battle-history">Venusaur, come back!<br></div><div class="battle-history">Go! <strong>Medicham</strong>!<br></div><div class="spacer battle-history"><br></div><div class="battle-history">Jeran withdrew Registeel!<br></div><div class="battle-history">Jeran sent out <strong>Altaria</strong>!<br></div><div class="spacer battle-history"><br></div><h2 class="battle-history">Turn 11</h2><div class="chat"><small>LJB04 joined.</small></div><div class="chat chatmessage-thevertex"><strong style="color:hsl(34,61%,36%)"><small> </small><span class="username" data-name="thevertex">thevertex</span>:</strong> <em>ice punch</em></div><div class="spacer battle-history"><br></div><div class="battle-history">Medicham, come back!<br></div><div class="battle-history">Go! <strong>Diancie</strong>!<br></div><div class="spacer battle-history"><br></div><div class="battle-history">Jeran withdrew Altaria!<br></div><div class="battle-history">Jeran sent out <strong>Alomomola</strong>!<br></div><div class="spacer battle-history"><br></div><div class="battle-history"><small>The opposing Alomomola was hurt by its burn!</small><br></div><div class="spacer battle-history"><br></div><h2 class="battle-history">Turn 12</h2><div class="chat chatmessage-slammus"><strong style="color:hsl(226,81%,56.84322121031752%)"><small> </small><span class="username" data-name="slammus">slammus</span>:</strong> <em>rollout around at the speed of sound</em></div><div class="chat chatmessage-thevertex"><strong style="color:hsl(34,61%,36%)"><small> </small><span class="username" data-name="thevertex">thevertex</span>:</strong> <em>o</em></div><div class="spacer battle-history"><br></div><div class="battle-history">The opposing Alomomola used <strong>Wish</strong>!<br></div><div class="spacer battle-history"><br></div><div class="battle-history">Diancie used <strong>Stealth Rock</strong>!<br></div><div class="battle-history"><small>Pointed stones float in the air around the opposing team!</small><br></div><div class="spacer battle-history"><br></div><div class="battle-history"><small>The opposing Alomomola restored a little HP using its Leftovers!</small><br></div><div class="battle-history"><small>The opposing Alomomola was hurt by its burn!</small><br></div><div class="spacer battle-history"><br></div><h2 class="battle-history">Turn 13</h2><div class="spacer battle-history"><br></div><div class="battle-history">Jeran withdrew Alomomola!<br></div><div class="battle-history">Jeran sent out <strong>Drapion</strong>!<br></div><div class="battle-history"><small>Pointed stones dug into the opposing Drapion!</small><br></div><div class="spacer battle-history"><br></div><div class="battle-history">Diancie used <strong>Moonblast</strong>!<br></div><div class="battle-history"><small>(The opposing Drapion lost <abbr title="−145/281">51.6%</abbr> of its health!)</small><br></div><div class="spacer battle-history"><br></div><div class="battle-history"><small>Alomomola's wish came true!</small><br></div><div class="spacer battle-history"><br></div><h2 class="battle-history">Turn 14</h2><div class="chat"><small>David53 joined.</small></div><div class="spacer battle-history"><br></div><div class="battle-history">Diancie, come back!<br></div><div class="battle-history">Go! <strong>Blastoise</strong>!<br></div><div class="spacer battle-history"><br></div><div class="battle-history">The opposing Drapion used <strong>Poison Jab</strong>!<br></div><div class="battle-history"><small>(Blastoise lost <abbr title="−75/362">20.7%</abbr> of its health!)</small><br></div><div class="spacer battle-history"><br></div><div class="battle-history"><small>Blastoise restored a little HP using its Leftovers!</small><br></div><div class="spacer battle-history"><br></div><h2 class="battle-history">Turn 15</h2><div class="chat"><small>Sjir-sama joined.</small></div><div class="chat"><small>Female Landorus joined.</small></div><div class="spacer battle-history"><br></div><div class="battle-history">Jeran withdrew Drapion!<br></div><div class="battle-history">Jeran sent out <strong>Alomomola</strong>!<br></div><div class="battle-history"><small>Pointed stones dug into the opposing Alomomola!</small><br></div><div class="spacer battle-history"><br></div><div class="battle-history">Blastoise used <strong>Scald</strong>!<br></div><div class="battle-history"><small>It's not very effective...</small><br></div><div class="battle-history"><small>(The opposing Alomomola lost <abbr title="−49/501">9.8%</abbr> of its health!)</small><br></div><div class="spacer battle-history"><br></div><div class="battle-history"><small>Blastoise restored a little HP using its Leftovers!</small><br></div><div class="battle-history"><small>The opposing Alomomola restored a little HP using its Leftovers!</small><br></div><div class="battle-history"><small>The opposing Alomomola was hurt by its burn!</small><br></div><div class="spacer battle-history"><br></div><h2 class="battle-history">Turn 16</h2><div class="chat"><small>Djk618 left.</small></div><div class="spacer battle-history"><br></div><div class="battle-history">Blastoise, come back!<br></div><div class="battle-history">Go! <strong>Venusaur</strong>!<br></div><div class="spacer battle-history"><br></div><div class="battle-history">The opposing Alomomola used <strong>Wish</strong>!<br></div><div class="spacer battle-history"><br></div><div class="battle-history"><small>The opposing Alomomola restored a little HP using its Leftovers!</small><br></div><div class="battle-history"><small>The opposing Alomomola was hurt by its burn!</small><br></div><div class="spacer battle-history"><br></div><h2 class="battle-history">Turn 17</h2><div class="spacer battle-history"><br></div><div class="battle-history">Venusaur, come back!<br></div><div class="battle-history">Go! <strong>Medicham</strong>!<br></div><div class="spacer battle-history"><br></div><div class="battle-history">Jeran withdrew Alomomola!<br></div><div class="battle-history">Jeran sent out <strong>Altaria</strong>!<br></div><div class="battle-history"><small>Pointed stones dug into the opposing Altaria!</small><br></div><div class="spacer battle-history"><br></div><div class="battle-history"><small>Alomomola's wish came true!</small><br></div><div class="spacer battle-history"><br></div><h2 class="battle-history">Turn 18</h2><div class="chat"><small>chrisbucketz joined.</small></div><div class="chat"><small>Glaceon for Ubers joined.</small></div><div class="spacer battle-history"><br></div><div class="battle-history">Medicham, come back!<br></div><div class="battle-history">Go! <strong>Blastoise</strong>!<br></div><div class="spacer battle-history"><br></div><div class="battle-history">Jeran withdrew Altaria!<br></div><div class="battle-history">Jeran sent out <strong>Alomomola</strong>!<br></div><div class="battle-history"><small>Pointed stones dug into the opposing Alomomola!</small><br></div><div class="spacer battle-history"><br></div><div class="battle-history"><small>Blastoise restored a little HP using its Leftovers!</small><br></div><div class="battle-history"><small>The opposing Alomomola restored a little HP using its Leftovers!</small><br></div><div class="battle-history"><small>The opposing Alomomola was hurt by its burn!</small><br></div><div class="spacer battle-history"><br></div><h2 class="battle-history">Turn 19</h2><div class="chat chatmessage-ljb04"><strong style="color:hsl(353,49%,49.33705795606994%)"><small> </small><span class="username" data-name="LJB04">LJB04</span>:</strong> <em>noone watch this match</em></div><div class="chat chatmessage-ljb04"><strong style="color:hsl(353,49%,49.33705795606994%)"><small> </small><span class="username" data-name="LJB04">LJB04</span>:</strong> <em>its boring</em></div><div class="chat"><small>Red721 joined.</small></div><div class="spacer battle-history"><br></div><div class="battle-history">Blastoise, come back!<br></div><div class="battle-history">Go! <strong>Venusaur</strong>!<br></div><div class="spacer battle-history"><br></div><div class="battle-history">The opposing Alomomola used <strong>Toxic</strong>!<br></div><div class="battle-history"><small>It doesn't affect Venusaur...</small><br></div><div class="spacer battle-history"><br></div><div class="battle-history"><small>The opposing Alomomola restored a little HP using its Leftovers!</small><br></div><div class="battle-history"><small>The opposing Alomomola was hurt by its burn!</small><br></div><div class="spacer battle-history"><br></div><h2 class="battle-history">Turn 20</h2><div class="chat"><small>Daoei joined.</small></div><div class="chat"><small>Glaceon for Ubers left.</small></div><div class="spacer battle-history"><br></div><div class="battle-history">Jeran withdrew Alomomola!<br></div><div class="battle-history">Jeran sent out <strong>Registeel</strong>!<br></div><div class="battle-history"><small>Pointed stones dug into the opposing Registeel!</small><br></div><div class="spacer battle-history"><br></div><div class="battle-history">Venusaur used <strong>Sludge Bomb</strong>!<br></div><div class="battle-history"><small>It doesn't affect the opposing Registeel...</small><br></div><div class="spacer battle-history"><br></div><div class="battle-history"><small>The opposing Registeel restored a little HP using its Leftovers!</small><br></div><div class="spacer battle-history"><br></div><h2 class="battle-history">Turn 21</h2><div class="chat"><small>tiru joined.</small></div><div class="chat"><small>PhDiglett joined.</small></div><div class="spacer battle-history"><br></div><div class="battle-history">Venusaur, come back!<br></div><div class="battle-history">Go! <strong>Medicham</strong>!<br></div><div class="spacer battle-history"><br></div><div class="battle-history">The opposing Registeel is fast asleep.<br></div><div class="spacer battle-history"><br></div><h2 class="battle-history">Turn 22</h2><div class="chat"><small>LJB04 left.</small></div><div class="chat chatmessage-jgyfjdtyjydt"><strong style="color:hsl(203,80%,43%)"><small> </small><span class="username" data-name="jgyfjdtyjydt">jgyfjdtyjydt</span>:</strong> <em>this is going to be another 100+ turn game</em></div><div class="chat chatmessage-hjkjflfylyf"><strong style="color:hsl(302,86%,40%)"><small> </small><span class="username" data-name="hjkjflfylyf">hjkjflfylyf</span>:</strong> <em>gl jeran i gtg</em></div><div class="chat"><small>hjkjflfylyf left.</small></div><div class="spacer battle-history"><br></div><div class="battle-history">Jeran withdrew Registeel!<br></div><div class="battle-history">Jeran sent out <strong>Granbull</strong>!<br></div><div class="battle-history"><small>Pointed stones dug into the opposing Granbull!</small><br></div><div class="battle-history"><small>[The opposing Granbull's Intimidate]</small><br></div><div class="battle-history"><small>Medicham's Attack fell!</small><br></div><div class="spacer battle-history"><br></div><div class="battle-history">Medicham used <strong>High Jump Kick</strong>!<br></div><div class="battle-history"><small>It's not very effective...</small><br></div><div class="battle-history"><small>(The opposing Granbull lost <abbr title="−77/383">20.1%</abbr> of its health!)</small><br></div><div class="battle-history"><small>Medicham lost some of its HP!</small><br></div><div class="spacer battle-history"><br></div><div class="battle-history">The opposing Granbull fainted!<br></div><div class="spacer battle-history"><br></div><div class="battle-history">Jeran sent out <strong>Drapion</strong>!<br></div><div class="battle-history"><small>Pointed stones dug into the opposing Drapion!</small><br></div><div class="spacer battle-history"><br></div><h2 class="battle-history">Turn 23</h2><div class="chat"><small>jasprose❄ left.</small></div><div class="spacer battle-history"><br></div><div class="battle-history"><small>(Medicham is being withdrawn...)</small><br></div><div class="spacer battle-history"><br></div><div class="battle-history">The opposing Drapion used <strong>Pursuit</strong>!<br></div><div class="battle-history"><small>A critical hit!</small><br></div><div class="battle-history"><small>(Medicham lost <abbr title="−235/261">90.0%</abbr> of its health!)</small><br></div><div class="spacer battle-history"><br></div><div class="battle-history">Medicham fainted!<br></div><div class="chat"><small>hjkjflfylyf joined.</small></div><div class="spacer battle-history"><br></div><div class="battle-history">Go! <strong>Flygon</strong>!<br></div><div class="spacer battle-history"><br></div><h2 class="battle-history">Turn 24</h2><div class="chat"><small>hjkjflfylyf left.</small></div><div class="spacer battle-history"><br></div><div class="battle-history">Jeran withdrew Drapion!<br></div><div class="battle-history">Jeran sent out <strong>Alomomola</strong>!<br></div><div class="battle-history"><small>Pointed stones dug into the opposing Alomomola!</small><br></div><div class="spacer battle-history"><br></div><div class="battle-history">Flygon used <strong>Earthquake</strong>!<br></div><div class="battle-history"><small>(The opposing Alomomola lost <abbr title="−150/501">29.9%</abbr> of its health!)</small><br></div><div class="spacer battle-history"><br></div><div class="battle-history"><small>The opposing Alomomola restored a little HP using its Leftovers!</small><br></div><div class="battle-history"><small>The opposing Alomomola was hurt by its burn!</small><br></div><div class="spacer battle-history"><br></div><h2 class="battle-history">Turn 25</h2><div class="chat"><small>jgyfjdtyjydt left.</small></div><div class="chat"><small>Pajamatsu joined.</small></div><div class="chat"><small>finna climb left.</small></div><div class="spacer battle-history"><br></div><div class="battle-history">Flygon used <strong>Earthquake</strong>!<br></div><div class="battle-history"><small>(The opposing Alomomola lost <abbr title="−159/501">31.7%</abbr> of its health!)</small><br></div><div class="spacer battle-history"><br></div><div class="battle-history">The opposing Alomomola used <strong>Toxic</strong>!<br></div><div class="battle-history"><small>Flygon was badly poisoned!</small><br></div><div class="spacer battle-history"><br></div><div class="battle-history"><small>The opposing Alomomola restored a little HP using its Leftovers!</small><br></div><div class="battle-history"><small>Flygon was hurt by poison!</small><br></div><div class="battle-history"><small>The opposing Alomomola was hurt by its burn!</small><br></div><div class="spacer battle-history"><br></div><h2 class="battle-history">Turn 26</h2><div class="spacer battle-history"><br></div><div class="battle-history">Jeran withdrew Alomomola!<br></div><div class="battle-history">Jeran sent out <strong>Flygon</strong>!<br></div><div class="battle-history"><small>Pointed stones dug into the opposing Flygon!</small><br></div><div class="spacer battle-history"><br></div><div class="battle-history">Flygon used <strong>Earthquake</strong>!<br></div><div class="battle-history"><small>[The opposing Flygon's Levitate]</small><br><small>It doesn't affect the opposing Flygon...</small><br></div><div class="spacer battle-history"><br></div><div class="battle-history"><small>Flygon was hurt by poison!</small><br></div><div class="spacer battle-history"><br></div><h2 class="battle-history">Turn 27</h2><div class="spacer battle-history"><br></div><div class="battle-history">Flygon, come back!<br></div><div class="battle-history">Go! <strong>Blastoise</strong>!<br></div><div class="spacer battle-history"><br></div><div class="battle-history">The opposing Flygon used <strong>U-turn</strong>!<br></div><div class="battle-history"><small>A critical hit!</small><br></div><div class="battle-history"><small>(Blastoise lost <abbr title="−116/362">32.0%</abbr> of its health!)</small><br></div><div class="chat"><small>cernuschi joined.</small></div><div class="spacer battle-history"><br></div><div class="battle-history">The opposing Flygon went back to Jeran!<br></div><div class="battle-history">Jeran sent out <strong>Alomomola</strong>!<br></div><div class="battle-history"><small>Pointed stones dug into the opposing Alomomola!</small><br></div><div class="spacer battle-history"><br></div><div class="battle-history"><small>Blastoise restored a little HP using its Leftovers!</small><br></div><div class="battle-history"><small>The opposing Alomomola restored a little HP using its Leftovers!</small><br></div><div class="battle-history"><small>The opposing Alomomola was hurt by its burn!</small><br></div><div class="spacer battle-history"><br></div><h2 class="battle-history">Turn 28</h2><div class="chat"><small>cernuschi left.</small></div><div class="spacer battle-history"><br></div><div class="battle-history">Blastoise, come back!<br></div><div class="battle-history">Go! <strong>Venusaur</strong>!<br></div><div class="spacer battle-history"><br></div><div class="battle-history">The opposing Alomomola used <strong>Wish</strong>!<br></div><div class="spacer battle-history"><br></div><div class="battle-history"><small>The opposing Alomomola restored a little HP using its Leftovers!</small><br></div><div class="battle-history"><small>The opposing Alomomola was hurt by its burn!</small><br></div><div class="spacer battle-history"><br></div><h2 class="battle-history">Turn 29</h2><div class="chat"><small>Kyotoshi joined.</small></div><div class="spacer battle-history"><br></div><div class="battle-history">Venusaur, come back!<br></div><div class="battle-history">Go! <strong>Flygon</strong>!<br></div><div class="spacer battle-history"><br></div><div class="battle-history">The opposing Alomomola used <strong>Protect</strong>!<br></div><div class="battle-history"><small>But it failed!</small><br></div><div class="spacer battle-history"><br></div><div class="battle-history"><small>Alomomola's wish came true!</small><br></div><div class="battle-history"><small>The opposing Alomomola restored a little HP using its Leftovers!</small><br></div><div class="battle-history"><small>Flygon was hurt by poison!</small><br></div><div class="battle-history"><small>The opposing Alomomola was hurt by its burn!</small><br></div><div class="spacer battle-history"><br></div><h2 class="battle-history">Turn 30</h2><div class="spacer battle-history"><br></div><div class="battle-history">The opposing Alomomola used <strong>Protect</strong>!<br></div><div class="battle-history"><small>The opposing Alomomola protected itself!</small><br></div><div class="spacer battle-history"><br></div><div class="battle-history">Flygon used <strong>U-turn</strong>!<br></div><div class="battle-history"><small>The opposing Alomomola protected itself!</small><br></div><div class="spacer battle-history"><br></div><div class="battle-history"><small>The opposing Alomomola restored a little HP using its Leftovers!</small><br></div><div class="battle-history"><small>Flygon was hurt by poison!</small><br></div><div class="battle-history"><small>The opposing Alomomola was hurt by its burn!</small><br></div><div class="spacer battle-history"><br></div><h2 class="battle-history">Turn 31</h2><div class="chat"><small>Shatoss joined.</small></div><div class="spacer battle-history"><br></div><div class="battle-history">Flygon used <strong>U-turn</strong>!<br></div><div class="battle-history"><small>(The opposing Alomomola lost <abbr title="−67/501">13.4%</abbr> of its health!)</small><br></div><div class="spacer battle-history"><br></div><div class="battle-history">Flygon went back to salt x_x!<br></div><div class="battle-history">Go! <strong>Venusaur</strong>!<br></div><div class="spacer battle-history"><br></div><div class="battle-history">The opposing Alomomola used <strong>Wish</strong>!<br></div><div class="spacer battle-history"><br></div><div class="battle-history"><small>The opposing Alomomola restored a little HP using its Leftovers!</small><br></div><div class="battle-history"><small>The opposing Alomomola was hurt by its burn!</small><br></div><div class="spacer battle-history"><br></div><h2 class="battle-history">Turn 32</h2><div class="spacer battle-history"><br></div><div class="battle-history">The opposing Alomomola used <strong>Protect</strong>!<br></div><div class="battle-history"><small>The opposing Alomomola protected itself!</small><br></div><div class="spacer battle-history"><br></div><div class="battle-history">Venusaur used <strong>Leaf Storm</strong>!<br></div><div class="battle-history"><small>The opposing Alomomola protected itself!</small><br></div><div class="spacer battle-history"><br></div><div class="battle-history"><small>Alomomola's wish came true!</small><br></div><div class="battle-history"><small>The opposing Alomomola restored a little HP using its Leftovers!</small><br></div><div class="battle-history"><small>The opposing Alomomola was hurt by its burn!</small><br></div><div class="spacer battle-history"><br></div><h2 class="battle-history">Turn 33</h2><div class="chat"><small>PhDiglett left.</small></div><div class="chat"><small>Roolando joined.</small></div><div class="spacer battle-history"><br></div><div class="battle-history">Venusaur, come back!<br></div><div class="battle-history">Go! <strong>Blastoise</strong>!<br></div><div class="spacer battle-history"><br></div><div class="battle-history">Jeran withdrew Alomomola!<br></div><div class="battle-history">Jeran sent out <strong>Registeel</strong>!<br></div><div class="battle-history"><small>Pointed stones dug into the opposing Registeel!</small><br></div><div class="spacer battle-history"><br></div><div class="battle-history"><small>Blastoise restored a little HP using its Leftovers!</small><br></div><div class="battle-history"><small>The opposing Registeel restored a little HP using its Leftovers!</small><br></div><div class="spacer battle-history"><br></div><h2 class="battle-history">Turn 34</h2><div class="spacer battle-history"><br></div><div class="battle-history">Blastoise used <strong>Scald</strong>!<br></div><div class="battle-history"><small>(The opposing Registeel lost <abbr title="−45/356">12.6%</abbr> of its health!)</small><br></div><div class="spacer battle-history"><br></div><div class="battle-history">The opposing Registeel is fast asleep.<br></div><div class="spacer battle-history"><br></div><div class="battle-history"><small>Blastoise restored a little HP using its Leftovers!</small><br></div><div class="battle-history"><small>The opposing Registeel restored a little HP using its Leftovers!</small><br></div><div class="spacer battle-history"><br></div><h2 class="battle-history">Turn 35</h2><div class="spacer battle-history"><br></div><div class="battle-history">Blastoise used <strong>Scald</strong>!<br></div><div class="battle-history"><small>(The opposing Registeel lost <abbr title="−45/356">12.6%</abbr> of its health!)</small><br></div><div class="spacer battle-history"><br></div><div class="battle-history">The opposing Registeel is fast asleep.<br></div><div class="spacer battle-history"><br></div><div class="battle-history"><small>Blastoise restored a little HP using its Leftovers!</small><br></div><div class="battle-history"><small>The opposing Registeel restored a little HP using its Leftovers!</small><br></div><div class="spacer battle-history"><br></div><h2 class="battle-history">Turn 36</h2><div class="spacer battle-history"><br></div><div class="battle-history">Blastoise used <strong>Scald</strong>!<br></div><div class="battle-history"><small>(The opposing Registeel lost <abbr title="−45/356">12.6%</abbr> of its health!)</small><br></div><div class="battle-history"><small>The opposing Registeel woke up!</small><br></div><div class="spacer battle-history"><br></div><div class="battle-history">The opposing Registeel used <strong>Toxic</strong>!<br></div><div class="battle-history"><small>Blastoise was badly poisoned!</small><br></div><div class="spacer battle-history"><br></div><div class="battle-history"><small>Blastoise restored a little HP using its Leftovers!</small><br></div><div class="battle-history"><small>The opposing Registeel restored a little HP using its Leftovers!</small><br></div><div class="battle-history"><small>Blastoise was hurt by poison!</small><br></div><div class="spacer battle-history"><br></div><h2 class="battle-history">Turn 37</h2><div class="spacer battle-history"><br></div><div class="battle-history">Blastoise used <strong>Refresh</strong>!<br></div><div class="battle-history"><small>Blastoise was cured of its poisoning.</small><br></div><div class="spacer battle-history"><br></div><div class="battle-history">The opposing Registeel used <strong>Stealth Rock</strong>!<br></div><div class="battle-history"><small>Pointed stones float in the air around your team!</small><br></div><div class="spacer battle-history"><br></div><div class="battle-history"><small>Blastoise restored a little HP using its Leftovers!</small><br></div><div class="battle-history"><small>The opposing Registeel restored a little HP using its Leftovers!</small><br></div><div class="spacer battle-history"><br></div><h2 class="battle-history">Turn 38</h2><div class="spacer battle-history"><br></div><div class="battle-history">Blastoise used <strong>Rapid Spin</strong>!<br></div><div class="battle-history"><small>It's not very effective...</small><br></div><div class="battle-history"><small>(The opposing Registeel lost <abbr title="−4/356">1.1%</abbr> of its health!)</small><br></div><div class="battle-history"><small>The pointed stones disappeared from around your team!</small><br></div><div class="spacer battle-history"><br></div><div class="battle-history">The opposing Registeel used <strong>Toxic</strong>!<br></div><div class="battle-history"><small>Blastoise was badly poisoned!</small><br></div><div class="spacer battle-history"><br></div><div class="battle-history"><small>Blastoise restored a little HP using its Leftovers!</small><br></div><div class="battle-history"><small>The opposing Registeel restored a little HP using its Leftovers!</small><br></div><div class="battle-history"><small>Blastoise was hurt by poison!</small><br></div><div class="spacer battle-history"><br></div><h2 class="battle-history">Turn 39</h2><div class="spacer battle-history"><br></div><div class="battle-history">Blastoise used <strong>Scald</strong>!<br></div><div class="battle-history"><small>(The opposing Registeel lost <abbr title="−45/356">12.6%</abbr> of its health!)</small><br></div><div class="battle-history"><small>The opposing Registeel was burned!</small><br></div><div class="spacer battle-history"><br></div><div class="battle-history">The opposing Registeel used <strong>Thunderbolt</strong>!<br></div><div class="battle-history"><small>It's super effective!</small><br></div><div class="battle-history"><small>(Blastoise lost <abbr title="−114/362">31.5%</abbr> of its health!)</small><br></div><div class="spacer battle-history"><br></div><div class="battle-history"><small>Blastoise restored a little HP using its Leftovers!</small><br></div><div class="battle-history"><small>The opposing Registeel restored a little HP using its Leftovers!</small><br></div><div class="battle-history"><small>Blastoise was hurt by poison!</small><br></div><div class="battle-history"><small>The opposing Registeel was hurt by its burn!</small><br></div><div class="spacer battle-history"><br></div><h2 class="battle-history">Turn 40</h2><div class="spacer battle-history"><br></div><div class="battle-history">Blastoise, come back!<br></div><div class="battle-history">Go! <strong>Flygon</strong>!<br></div><div class="spacer battle-history"><br></div><div class="battle-history">The opposing Registeel used <strong>Seismic Toss</strong>!<br></div><div class="battle-history"><small>(Flygon lost <abbr title="−100/301">33.2%</abbr> of its health!)</small><br></div><div class="spacer battle-history"><br></div><div class="battle-history"><small>The opposing Registeel restored a little HP using its Leftovers!</small><br></div><div class="battle-history"><small>Flygon was hurt by poison!</small><br></div><div class="battle-history"><small>The opposing Registeel was hurt by its burn!</small><br></div><div class="spacer battle-history"><br></div><h2 class="battle-history">Turn 41</h2><div class="spacer battle-history"><br></div><div class="battle-history">Jeran withdrew Registeel!<br></div><div class="battle-history">Jeran sent out <strong>Alomomola</strong>!<br></div><div class="battle-history"><small>Pointed stones dug into the opposing Alomomola!</small><br></div><div class="spacer battle-history"><br></div><div class="battle-history">Flygon used <strong>U-turn</strong>!<br></div><div class="battle-history"><small>(The opposing Alomomola lost <abbr title="−71/501">14.2%</abbr> of its health!)</small><br></div><div class="spacer battle-history"><br></div><div class="battle-history">Flygon went back to salt x_x!<br></div><div class="battle-history">Go! <strong>Venusaur</strong>!<br></div><div class="spacer battle-history"><br></div><div class="battle-history"><small>The opposing Alomomola restored a little HP using its Leftovers!</small><br></div><div class="battle-history"><small>The opposing Alomomola was hurt by its burn!</small><br></div><div class="spacer battle-history"><br></div><h2 class="battle-history">Turn 42</h2><div class="spacer battle-history"><br></div><div class="battle-history">Jeran withdrew Alomomola!<br></div><div class="battle-history">Jeran sent out <strong>Altaria</strong>!<br></div><div class="battle-history"><small>Pointed stones dug into the opposing Altaria!</small><br></div><div class="spacer battle-history"><br></div><div class="battle-history">Venusaur used <strong>Sludge Bomb</strong>!<br></div><div class="battle-history"><small>(The opposing Altaria lost <abbr title="−146/342">42.7%</abbr> of its health!)</small><br></div><div class="battle-history"><small>Venusaur lost some of its HP!</small><br></div><div class="spacer battle-history"><br></div><div class="battle-history"><small>The opposing Altaria restored a little HP using its Leftovers!</small><br></div><div class="spacer battle-history"><br></div><h2 class="battle-history">Turn 43</h2><div class="spacer battle-history"><br></div><div class="battle-history">Jeran withdrew Altaria!<br></div><div class="battle-history">Jeran sent out <strong>Registeel</strong>!<br></div><div class="battle-history"><small>Pointed stones dug into the opposing Registeel!</small><br></div><div class="spacer battle-history"><br></div><div class="battle-history">Venusaur used <strong>Sludge Bomb</strong>!<br></div><div class="battle-history"><small>It doesn't affect the opposing Registeel...</small><br></div><div class="spacer battle-history"><br></div><div class="battle-history"><small>The opposing Registeel restored a little HP using its Leftovers!</small><br></div><div class="battle-history"><small>The opposing Registeel was hurt by its burn!</small><br></div><div class="spacer battle-history"><br></div><h2 class="battle-history">Turn 44</h2><div class="chat"><small>finna climb joined.</small></div><div class="chat chatmessage-phares"><strong style="color:hsl(306,67%,45.170591227309586%)"><small> </small><span class="username" data-name="Phares">Phares</span>:</strong> <em>how is this still going on</em></div><div class="chat chatmessage-phares"><strong style="color:hsl(306,67%,45.170591227309586%)"><small> </small><span class="username" data-name="Phares">Phares</span>:</strong> <em>44 turns and one pokemon down jesus christ</em></div><div class="spacer battle-history"><br></div><div class="battle-history">Venusaur, come back!<br></div><div class="battle-history">Go! <strong>Flygon</strong>!<br></div><div class="spacer battle-history"><br></div><div class="battle-history">The opposing Registeel used <strong>Stealth Rock</strong>!<br></div><div class="battle-history"><small>Pointed stones float in the air around your team!</small><br></div><div class="spacer battle-history"><br></div><div class="battle-history"><small>The opposing Registeel restored a little HP using its Leftovers!</small><br></div><div class="battle-history"><small>Flygon was hurt by poison!</small><br></div><div class="battle-history"><small>The opposing Registeel was hurt by its burn!</small><br></div><div class="spacer battle-history"><br></div><h2 class="battle-history">Turn 45</h2><div class="spacer battle-history"><br></div><div class="battle-history">Jeran withdrew Registeel!<br></div><div class="battle-history">Jeran sent out <strong>Alomomola</strong>!<br></div><div class="battle-history"><small>Pointed stones dug into the opposing Alomomola!</small><br></div><div class="spacer battle-history"><br></div><div class="battle-history">Flygon used <strong>U-turn</strong>!<br></div><div class="battle-history"><small>(The opposing Alomomola lost <abbr title="−69/501">13.8%</abbr> of its health!)</small><br></div><div class="chat"><small>Spitfire Arcanine➹ left.</small></div><div class="spacer battle-history"><br></div><div class="battle-history">Flygon went back to salt x_x!<br></div><div class="battle-history">Go! <strong>Venusaur</strong>!<br></div><div class="battle-history"><small>Pointed stones dug into Venusaur!</small><br></div><div class="spacer battle-history"><br></div><div class="battle-history"><small>The opposing Alomomola restored a little HP using its Leftovers!</small><br></div><div class="battle-history"><small>The opposing Alomomola was hurt by its burn!</small><br></div><div class="spacer battle-history"><br></div><h2 class="battle-history">Turn 46</h2><div class="spacer battle-history"><br></div><div class="battle-history">Jeran withdrew Alomomola!<br></div><div class="battle-history">Jeran sent out <strong>Registeel</strong>!<br></div><div class="battle-history"><small>Pointed stones dug into the opposing Registeel!</small><br></div><div class="spacer battle-history"><br></div><div class="battle-history">Venusaur used <strong>Leaf Storm</strong>!<br></div><div class="battle-history"><small>The opposing Registeel avoided the attack!</small><br></div><div class="spacer battle-history"><br></div><div class="battle-history"><small>The opposing Registeel restored a little HP using its Leftovers!</small><br></div><div class="battle-history"><small>The opposing Registeel was hurt by its burn!</small><br></div><div class="spacer battle-history"><br></div><h2 class="battle-history">Turn 47</h2><div class="chat"><small>Daoei left.</small></div><div class="spacer battle-history"><br></div><div class="battle-history">Venusaur used <strong>Leaf Storm</strong>!<br></div><div class="battle-history"><small>It's not very effective...</small><br></div><div class="battle-history"><small>(The opposing Registeel lost <abbr title="−62/356">17.4%</abbr> of its health!)</small><br></div><div class="battle-history"><small>Venusaur's Special Attack fell harshly!</small><br></div><div class="battle-history"><small>Venusaur lost some of its HP!</small><br></div><div class="spacer battle-history"><br></div><div class="battle-history">The opposing Registeel used <strong>Seismic Toss</strong>!<br></div><div class="battle-history"><small>(Venusaur lost <abbr title="−100/301">33.2%</abbr> of its health!)</small><br></div><div class="spacer battle-history"><br></div><div class="battle-history"><small>The opposing Registeel restored a little HP using its Leftovers!</small><br></div><div class="battle-history"><small>The opposing Registeel was hurt by its burn!</small><br></div><div class="spacer battle-history"><br></div><h2 class="battle-history">Turn 48</h2><div class="chat"><small>in the spirits left.</small></div><div class="spacer battle-history"><br></div><div class="battle-history">Jeran withdrew Registeel!<br></div><div class="battle-history">Jeran sent out <strong>Flygon</strong>!<br></div><div class="battle-history"><small>Pointed stones dug into the opposing Flygon!</small><br></div><div class="spacer battle-history"><br></div><div class="battle-history">Venusaur used <strong>Synthesis</strong>!<br></div><div class="battle-history"><small>Venusaur restored its HP.</small><br></div><div class="spacer battle-history"><br></div><h2 class="battle-history">Turn 49</h2><div class="spacer battle-history"><br></div><div class="battle-history">The opposing Flygon used <strong>U-turn</strong>!<br></div><div class="battle-history"><small>(Venusaur lost <abbr title="−125/301">41.5%</abbr> of its health!)</small><br></div><div class="chat chatmessage-kcstar"><strong style="color:hsl(176,55%,44.867718150423784%)"><small> </small><span class="username" data-name="KCstar">KCstar</span>:</strong> <em>jeran might lose</em></div><div class="spacer battle-history"><br></div><div class="battle-history">The opposing Flygon went back to Jeran!<br></div><div class="battle-history">Jeran sent out <strong>Registeel</strong>!<br></div><div class="battle-history"><small>Pointed stones dug into the opposing Registeel!</small><br></div><div class="spacer battle-history"><br></div><div class="battle-history">Venusaur used <strong>Sleep Powder</strong>!<br></div><div class="battle-history"><small>But it failed!</small><br></div><div class="spacer battle-history"><br></div><div class="battle-history"><small>The opposing Registeel restored a little HP using its Leftovers!</small><br></div><div class="battle-history"><small>The opposing Registeel was hurt by its burn!</small><br></div><div class="spacer battle-history"><br></div><div class="battle-history">The opposing Registeel fainted!<br></div><div class="spacer battle-history"><br></div><div class="battle-history">Jeran sent out <strong>Flygon</strong>!<br></div><div class="battle-history"><small>Pointed stones dug into the opposing Flygon!</small><br></div><div class="spacer battle-history"><br></div><h2 class="battle-history">Turn 50</h2><div class="chat chatmessage-phares"><strong style="color:hsl(306,67%,45.170591227309586%)"><small> </small><span class="username" data-name="Phares">Phares</span>:</strong> <em>he's on a pretty big losing streak</em></div><div class="spacer battle-history"><br></div><div class="battle-history">Venusaur, come back!<br></div><div class="battle-history">Go! <strong>Blastoise</strong>!<br></div><div class="battle-history"><small>Pointed stones dug into Blastoise!</small><br></div><div class="spacer battle-history"><br></div><div class="battle-history">The opposing Flygon used <strong>Earthquake</strong>!<br></div><div class="battle-history"><small>(Blastoise lost <abbr title="−156/362">43.1%</abbr> of its health!)</small><br></div><div class="spacer battle-history"><br></div><div class="battle-history"><small>Blastoise restored a little HP using its Leftovers!</small><br></div><div class="battle-history"><small>Blastoise was hurt by poison!</small><br></div><div class="spacer battle-history"><br></div><h2 class="battle-history">Turn 51</h2><div class="chat chatmessage-phares"><strong style="color:hsl(306,67%,45.170591227309586%)"><small> </small><span class="username" data-name="Phares">Phares</span>:</strong> <em>Jeran <i>loses 3 finals in tournaments over 10 days and wins about 90</i></em></div><div class="spacer battle-history"><br></div><div class="battle-history">The opposing Flygon used <strong>Earthquake</strong>!<br></div><div class="battle-history"><small>(Blastoise lost <abbr title="−3/362">0.8%</abbr> of its health!)</small><br></div><div class="spacer battle-history"><br></div><div class="battle-history">Blastoise fainted!<br></div><div class="chat"><small>Phares left.</small></div><div class="spacer battle-history"><br></div><div class="battle-history">Go! <strong>Flygon</strong>!<br></div><div class="battle-history"><small>Pointed stones dug into Flygon!</small><br></div><div class="spacer battle-history"><br></div><h2 class="battle-history">Turn 52</h2><div class="spacer battle-history"><br></div><div class="battle-history">Jeran withdrew Flygon!<br></div><div class="battle-history">Jeran sent out <strong>Alomomola</strong>!<br></div><div class="battle-history"><small>Pointed stones dug into the opposing Alomomola!</small><br></div><div class="spacer battle-history"><br></div><div class="battle-history">Flygon used <strong>Outrage</strong>!<br></div><div class="battle-history"><small>A critical hit!</small><br></div><div class="battle-history"><small>(The opposing Alomomola lost <abbr title="−276/501">55.1%</abbr> of its health!)</small><br></div><div class="spacer battle-history"><br></div><div class="battle-history"><small>The opposing Alomomola restored a little HP using its Leftovers!</small><br></div><div class="battle-history"><small>Flygon was hurt by poison!</small><br></div><div class="battle-history"><small>The opposing Alomomola was hurt by its burn!</small><br></div><div class="spacer battle-history"><br></div><h2 class="battle-history">Turn 53</h2><div class="spacer battle-history"><br></div><div class="battle-history">Jeran withdrew Alomomola!<br></div><div class="battle-history">Jeran sent out <strong>Altaria</strong>!<br></div><div class="battle-history"><small>Pointed stones dug into the opposing Altaria!</small><br></div><div class="spacer battle-history"><br></div><div class="battle-history">Flygon used <strong>Outrage</strong>!<br></div><div class="battle-history"><small>It's super effective!</small><br></div><div class="battle-history"><small>(The opposing Altaria lost <abbr title="−47/342">13.7%</abbr> of its health!)</small><br></div><div class="battle-history"><small>Flygon became confused due to fatigue!</small><br></div><div class="spacer battle-history"><br></div><div class="battle-history">The opposing Altaria fainted!<br></div><div class="spacer battle-history"><br></div><div class="battle-history"><small>Flygon was hurt by poison!</small><br></div><div class="spacer battle-history"><br></div><div class="battle-history">Flygon fainted!<br></div><div class="spacer battle-history"><br></div><div class="battle-history">Jeran sent out <strong>Drapion</strong>!<br></div><div class="spacer battle-history"><br></div><div class="battle-history">Go! <strong>Diancie</strong>!<br></div><div class="battle-history"><small>Pointed stones dug into the opposing Drapion!</small><br></div><div class="battle-history"><small>Pointed stones dug into Diancie!</small><br></div><div class="spacer battle-history"><br></div><h2 class="battle-history">Turn 54</h2><div class="spacer battle-history"><br></div><div class="battle-history">The opposing Drapion used <strong>Poison Jab</strong>!<br></div><div class="battle-history"><small>(Diancie lost <abbr title="−75/304">24.7%</abbr> of its health!)</small><br></div><div class="spacer battle-history"><br></div><div class="battle-history">Diancie used <strong>Moonblast</strong>!<br></div><div class="battle-history"><small>(The opposing Drapion lost <abbr title="−144/281">51.2%</abbr> of its health!)</small><br></div><div class="spacer battle-history"><br></div><div class="battle-history"><small>Diancie restored a little HP using its Leftovers!</small><br></div><div class="spacer battle-history"><br></div><h2 class="battle-history">Turn 55</h2><div class="chat"><small>Almighty Meloetta left.</small></div><div class="spacer battle-history"><br></div><div class="battle-history">The opposing Drapion used <strong>Poison Jab</strong>!<br></div><div class="battle-history"><small>(Diancie lost <abbr title="−73/304">24.0%</abbr> of its health!)</small><br></div><div class="battle-history"><small>Diancie was poisoned!</small><br></div><div class="spacer battle-history"><br></div><div class="battle-history">Diancie used <strong>Moonblast</strong>!<br></div><div class="battle-history"><small>(The opposing Drapion lost <abbr title="−67/281">23.8%</abbr> of its health!)</small><br></div><div class="spacer battle-history"><br></div><div class="battle-history">The opposing Drapion fainted!<br></div><div class="spacer battle-history"><br></div><div class="battle-history"><small>Diancie restored a little HP using its Leftovers!</small><br></div><div class="battle-history"><small>Diancie was hurt by poison!</small><br></div><div class="spacer battle-history"><br></div><div class="battle-history">Jeran sent out <strong>Flygon</strong>!<br></div><div class="battle-history"><small>Pointed stones dug into the opposing Flygon!</small><br></div><div class="spacer battle-history"><br></div><h2 class="battle-history">Turn 56</h2><div class="spacer battle-history"><br></div><div class="battle-history">The opposing Flygon used <strong>Earthquake</strong>!<br></div><div class="battle-history"><small>It's super effective!</small><br></div><div class="battle-history"><small>(Diancie lost <abbr title="−118/304">38.8%</abbr> of its health!)</small><br></div><div class="spacer battle-history"><br></div><div class="battle-history">Diancie fainted!<br></div><div class="chat chatmessage-tsunamithepony"><strong style="color:hsl(248,44%,60.3308242714827%)"><small> </small><span class="username" data-name="TsunamithePony">TsunamithePony</span>:</strong> <em>jeez</em></div><div class="spacer battle-history"><br></div><div class="battle-history">Go! <strong>Spiritomb</strong>!<br></div><div class="battle-history"><small>Pointed stones dug into Spiritomb!</small><br></div><div class="spacer battle-history"><br></div><h2 class="battle-history">Turn 57</h2><div class="chat"><small>slammus left.</small></div><div class="spacer battle-history"><br></div><div class="battle-history">Jeran withdrew Flygon!<br></div><div class="battle-history">Jeran sent out <strong>Alomomola</strong>!<br></div><div class="battle-history"><small>Pointed stones dug into the opposing Alomomola!</small><br></div><div class="spacer battle-history"><br></div><div class="battle-history">Spiritomb used <strong>Will-O-Wisp</strong>!<br></div><div class="battle-history"><small>The opposing Alomomola already has a burn.</small><br></div><div class="spacer battle-history"><br></div><div class="battle-history"><small>The opposing Alomomola restored a little HP using its Leftovers!</small><br></div><div class="battle-history"><small>The opposing Alomomola was hurt by its burn!</small><br></div><div class="spacer battle-history"><br></div><h2 class="battle-history">Turn 58</h2><div class="chat"><small>Alolan Tanktanium joined.</small></div><div class="chat"><small>Female Landorus left.</small></div><div class="spacer battle-history"><br></div><div class="battle-history">Jeran withdrew Alomomola!<br></div><div class="battle-history">Jeran sent out <strong>Flygon</strong>!<br></div><div class="battle-history"><small>Pointed stones dug into the opposing Flygon!</small><br></div><div class="spacer battle-history"><br></div><div class="battle-history">Spiritomb, come back!<br></div><div class="battle-history">Go! <strong>Venusaur</strong>!<br></div><div class="battle-history"><small>Pointed stones dug into Venusaur!</small><br></div><div class="spacer battle-history"><br></div><h2 class="battle-history">Turn 59</h2><div class="chat"><small>00cheese joined.</small></div><div class="spacer battle-history"><br></div><div class="battle-history">Venusaur, come back!<br></div><div class="battle-history">Go! <strong>Spiritomb</strong>!<br></div><div class="battle-history"><small>Pointed stones dug into Spiritomb!</small><br></div><div class="spacer battle-history"><br></div><div class="battle-history">The opposing Flygon used <strong>Earthquake</strong>!<br></div><div class="battle-history"><small>(Spiritomb lost <abbr title="−192/294">65.3%</abbr> of its health!)</small><br></div><div class="spacer battle-history"><br></div><h2 class="battle-history">Turn 60</h2><div class="spacer battle-history"><br></div><div class="battle-history">Spiritomb used <strong>Sucker Punch</strong>!<br></div><div class="battle-history"><small>(The opposing Flygon lost <abbr title="−187/301">62.1%</abbr> of its health!)</small><br></div><div class="spacer battle-history"><br></div><div class="battle-history">The opposing Flygon used <strong>Earthquake</strong>!<br></div><div class="battle-history"><small>(Spiritomb lost <abbr title="−30/294">10.2%</abbr> of its health!)</small><br></div><div class="spacer battle-history"><br></div><div class="battle-history">Spiritomb fainted!<br></div><div class="chat chatmessage-iisentimentii"><strong style="color:hsl(214,40%,51.46004492306774%)"><small> </small><span class="username" data-name="II_Sentiment_II">II_Sentiment_II</span>:</strong> <em>:'(</em></div><div class="chat chatmessage-saltxx"><strong style="color:hsl(199,58%,46%)"><small>★</small><span class="username" data-name="salt x_x">salt x_x</span>:</strong> <em>wp</em></div><div class="chat chatmessage-kcstar"><strong style="color:hsl(176,55%,44.867718150423784%)"><small> </small><span class="username" data-name="KCstar">KCstar</span>:</strong> <em>nvm</em></div><div class="spacer battle-history"><br></div><div class="battle-history">Go! <strong>Venusaur</strong>!<br></div><div class="battle-history"><small>Pointed stones dug into Venusaur!</small><br></div><div class="spacer battle-history"><br></div><h2 class="battle-history">Turn 61</h2><div class="spacer battle-history"><br></div><div class="battle-history">The opposing Flygon used <strong>Earthquake</strong>!<br></div><div class="battle-history"><small>(Venusaur lost <abbr title="−55/301">18.3%</abbr> of its health!)</small><br></div><div class="spacer battle-history"><br></div><div class="battle-history">Venusaur fainted!<br></div><div class="spacer battle-history"><br></div><div class="battle-history"><strong>Jeran</strong> won the battle!<br></div><div class="chat"><small>David53 left.</small></div><div class="chat"><small>Alolan Tanktanium left.</small></div><div class="chat"><small>Big Fat Jellyfish left.</small></div><div class="chat"><small>squaredgeorgie left.</small></div><div class="chat"><small>Midnight.Cresent left.</small></div><div class="chat"><small>A Hidey Hole left.</small></div><div class="chat"><small>salt x_x left.</small></div><div class="chat"><small>mov left.</small></div><div class="chat"><small>thevertex left.</small></div><div class="chat"><small>II_Sentiment_II left.</small></div><div class="chat"><small>KCstar left.</small></div><div class="chat"><small>00cheese left.</small></div><div class="chat"><small>Red721 left.</small></div><div class="chat"><small>Kyotoshi left.</small></div><div class="chat"><small>TsunamithePony left.</small></div><div class="chat"><small>PlatinumAbsol left.</small></div><div class="chat"><small>xuixos left.</small></div><div class="chat"><small>Lustamine❤ left.</small></div><div class="chat"><small>The Rarest Candy left.</small></div></div><div class="inner-preempt"></div></div></div>
</div>
<script>
let daily = Math.floor(Date.now()/1000/60/60/24);document.write('<script src="https://play.pokemonshowdown.com/js/replay-embed.js?version'+daily+'"></'+'script>');
</script>
