<!DOCTYPE html>
<meta charset="utf-8" />
<!-- version 1 -->
<title>RU replay: Swind vs. Homiedino</title>
<style>
html,body {font-family:Verdana, sans-serif;font-size:10pt;margin:0;padding:0;}body{padding:12px 0;} .battle-log {font-family:Verdana, sans-serif;font-size:10pt;} .battle-log-inline {border:1px solid #AAAAAA;background:#EEF2F5;color:black;max-width:640px;margin:0 auto 80px;padding-bottom:5px;} .battle-log .inner {padding:4px 8px 0px 8px;} .battle-log .inner-preempt {padding:0 8px 4px 8px;} .battle-log .inner-after {margin-top:0.5em;} .battle-log h2 {margin:0.5em -8px;padding:4px 8px;border:1px solid #AAAAAA;background:#E0E7EA;border-left:0;border-right:0;font-family:Verdana, sans-serif;font-size:13pt;} .battle-log .chat {vertical-align:middle;padding:3px 0 3px 0;font-size:8pt;} .battle-log .chat strong {color:#40576A;} .battle-log .chat em {padding:1px 4px 1px 3px;color:#000000;font-style:normal;} .chat.mine {background:rgba(0,0,0,0.05);margin-left:-8px;margin-right:-8px;padding-left:8px;padding-right:8px;} .spoiler {color:#BBBBBB;background:#BBBBBB;padding:0px 3px;} .spoiler:hover, .spoiler:active, .spoiler-shown {color:#000000;background:#E2E2E2;padding:0px 3px;} .spoiler a {color:#BBBBBB;} .spoiler:hover a, .spoiler:active a, .spoiler-shown a {color:#2288CC;} .chat code, .chat .spoiler:hover code, .chat .spoiler:active code, .chat .spoiler-shown code {border:1px solid #C0C0C0;background:#EEEEEE;color:black;padding:0 2px;} .chat .spoiler code {border:1px solid #CCCCCC;background:#CCCCCC;color:#CCCCCC;} .battle-log .rated {padding:3px 4px;} .battle-log .rated strong {color:white;background:#89A;padding:1px 4px;border-radius:4px;} .spacer {margin-top:0.5em;} .message-announce {background:#6688AA;color:white;padding:1px 4px 2px;} .message-announce a, .broadcast-green a, .broadcast-blue a, .broadcast-red a {color:#DDEEFF;} .broadcast-green {background-color:#559955;color:white;padding:2px 4px;} .broadcast-blue {background-color:#6688AA;color:white;padding:2px 4px;} .infobox {border:1px solid #6688AA;padding:2px 4px;} .infobox-limited {max-height:200px;overflow:auto;overflow-x:hidden;} .broadcast-red {background-color:#AA5544;color:white;padding:2px 4px;} .message-learn-canlearn {font-weight:bold;color:#228822;text-decoration:underline;} .message-learn-cannotlearn {font-weight:bold;color:#CC2222;text-decoration:underline;} .message-effect-weak {font-weight:bold;color:#CC2222;} .message-effect-resist {font-weight:bold;color:#6688AA;} .message-effect-immune {font-weight:bold;color:#666666;} .message-learn-list {margin-top:0;margin-bottom:0;} .message-throttle-notice, .message-error {color:#992222;} .message-overflow, .chat small.message-overflow {font-size:0pt;} .message-overflow::before {font-size:9pt;content:'...';} .subtle {color:#3A4A66;}
</style>
<div class="wrapper replay-wrapper" style="max-width:1180px;margin:0 auto">
<input type="hidden" name="replayid" value="ru-497972348" />
<div class="battle"></div><div class="battle-log"></div><div class="replay-controls"></div><div class="replay-controls-2"></div>
<h1 style="font-weight:normal;text-align:center"><strong>RU</strong><br /><a href="http://pokemonshowdown.com/users/swind" class="subtle" target="_blank">Swind</a> vs. <a href="http://pokemonshowdown.com/users/homiedino" class="subtle" target="_blank">Homiedino</a></h1>
<script type="text/plain" class="battle-log-data">|j|Swind
|j|Homiedino
|player|p1|Swind|169
|player|p2|Homiedino|293
|gametype|singles
|gen|6
|tier|RU
|rated
|seed|15229,14729,1914,8689
|rule|Sleep Clause Mod: Limit one foe put to sleep
|rule|Species Clause: Limit one of each Pokémon
|rule|OHKO Clause: OHKO moves are banned
|rule|Moody Clause: Moody is banned
|rule|Evasion Moves Clause: Evasion moves are banned
|rule|Endless Battle Clause: Forcing endless battles is banned
|rule|HP Percentage Mod: HP is shown in percentages
|clearpoke
|poke|p1|Sawk, M|item
|poke|p1|Sneasel, F|item
|poke|p1|Venusaur, F|item
|poke|p1|Diancie, shiny|item
|poke|p1|Flygon, M|item
|poke|p1|Slowking, F|item
|poke|p2|Marowak, F|item
|poke|p2|Sneasel, F|item
|poke|p2|Sigilyph, F|item
|poke|p2|Blastoise, M|item
|poke|p2|Diancie|item
|poke|p2|Sawsbuck-Autumn, F|item
|rule|Swagger Clause: Swagger is banned
|rule|Baton Pass Clause: Limit one Baton Passer, can't pass Spe and other stats simultaneously
|teampreview
|choice|team 5, team 2, team 3, team 4, team 1, team 6|team 1, team 2, team 3, team 4, team 5, team 6
|
|start
|switch|p1a: Flygon|Flygon, M|301\/301
|switch|p2a: Marowak|Marowak, F|261\/261
|turn|1
|choice|move uturn|move doubleedge
|
|move|p1a: Flygon|U-turn|p2a: Marowak
|-damage|p2a: Marowak|153\/261
|choice|switch 5|
|
|switch|p1a: Sawk|Sawk, M|291\/291
|move|p2a: Marowak|Double-Edge|p1a: Sawk
|-ability|p1a: Sawk|Sturdy
|-damage|p1a: Sawk|1\/291
|
|upkeep
|turn|2
|choice|move knockoff|switch 4
|
|switch|p2a: Blastoise|Blastoise, M|361\/361
|move|p1a: Sawk|Knock Off|p2a: Blastoise
|-damage|p2a: Blastoise|219\/361
|-enditem|p2a: Blastoise|Leftovers|[from] move: Knock Off|[of] p1a: Sawk
|
|upkeep
|turn|3
|choice|switch 3|move scald
|
|switch|p1a: Venusaur|Venusaur, F|301\/301
|move|p2a: Blastoise|Scald|p1a: Venusaur
|-resisted|p1a: Venusaur
|-damage|p1a: Venusaur|259\/301
|
|-heal|p1a: Venusaur|277\/301|[from] item: Black Sludge
|upkeep
|turn|4
|choice|move knockoff|switch 3
|
|switch|p2a: Sigilyph|Sigilyph, F|285\/285
|move|p1a: Venusaur|Knock Off|p2a: Sigilyph
|-supereffective|p2a: Sigilyph
|-damage|p2a: Sigilyph|137\/285
|-enditem|p2a: Sigilyph|Life Orb|[from] move: Knock Off|[of] p1a: Venusaur
|
|-heal|p1a: Venusaur|295\/301|[from] item: Black Sludge
|upkeep
|turn|5
|choice|switch 4|move heatwave
|
|switch|p1a: Diancie|Diancie, shiny|303\/303
|move|p2a: Sigilyph|Heat Wave|p1a: Diancie
|-resisted|p1a: Diancie
|-damage|p1a: Diancie|276\/303
|
|-heal|p1a: Diancie|294\/303|[from] item: Leftovers
|upkeep
|turn|6
|choice|move stealthrock|move roost
|
|move|p2a: Sigilyph|Roost|p2a: Sigilyph
|-heal|p2a: Sigilyph|280\/285
|move|p1a: Diancie|Stealth Rock|p2a: Sigilyph
|-sidestart|p2: Homiedino|move: Stealth Rock
|
|-heal|p1a: Diancie|303\/303|[from] item: Leftovers
|upkeep
|turn|7
|choice|move diamondstorm|switch 5
|
|switch|p2a: Diancie|Diancie|303\/303
|-damage|p2a: Diancie|266\/303|[from] Stealth Rock
|move|p1a: Diancie|Diamond Storm|p2a: Diancie
|-damage|p2a: Diancie|188\/303
|
|-heal|p2a: Diancie|206\/303|[from] item: Leftovers
|upkeep
|turn|8
|choice|switch 4|move stealthrock
|
|switch|p1a: Venusaur|Venusaur, F|295\/301
|move|p2a: Diancie|Stealth Rock|p1a: Venusaur
|-sidestart|p1: Swind|move: Stealth Rock
|
|-heal|p1a: Venusaur|301\/301|[from] item: Black Sludge
|-heal|p2a: Diancie|224\/303|[from] item: Leftovers
|upkeep
|turn|9
|choice|move sludgebomb|switch 5
|
|switch|p2a: Sigilyph|Sigilyph, F|280\/285
|move|p1a: Venusaur|Sludge Bomb|p2a: Sigilyph
|-damage|p2a: Sigilyph|114\/285
|
|upkeep
|turn|10
|choice|switch 3|move psychic
|
|switch|p1a: Sawk|Sawk, M|1\/291
|-damage|p1a: Sawk|0 fnt|[from] Stealth Rock
|faint|p1a: Sawk
|move|p2a: Sigilyph|Psychic|p1: Sawk|[notarget]
|-notarget
|
|upkeep
|choice|switch 2|
|
|switch|p1a: Sneasel|Sneasel, F|251\/251
|-damage|p1a: Sneasel|189\/251|[from] Stealth Rock
|turn|11
|choice|move pursuit|switch 3
|
|-activate|p2a: Sigilyph|move: Pursuit
|move|p1a: Sneasel|Pursuit|p2a: Sigilyph|[from]Pursuit
|-supereffective|p2a: Sigilyph
|-damage|p2a: Sigilyph|0 fnt
|-damage|p1a: Sneasel|164\/251|[from] item: Life Orb
|faint|p2a: Sigilyph
|
|upkeep
|choice||switch 3
|
|switch|p2a: Blastoise|Blastoise, M|219\/361
|-damage|p2a: Blastoise|174\/361|[from] Stealth Rock
|turn|12
|choice|move knockoff|move rapidspin
|
|move|p1a: Sneasel|Knock Off|p2a: Blastoise
|-damage|p2a: Blastoise|77\/361
|-damage|p1a: Sneasel|139\/251|[from] item: Life Orb
|move|p2a: Blastoise|Rapid Spin|p1a: Sneasel
|-damage|p1a: Sneasel|123\/251
|-sideend|p2: Homiedino|Stealth Rock|[from] move: Rapid Spin|[of] p2a: Blastoise
|
|upkeep
|turn|13
|choice|move knockoff|switch 5
|
|switch|p2a: Diancie|Diancie|224\/303
|move|p1a: Sneasel|Knock Off|p2a: Diancie
|-resisted|p2a: Diancie
|-crit|p2a: Diancie
|-damage|p2a: Diancie|119\/303
|-enditem|p2a: Diancie|Leftovers|[from] move: Knock Off|[of] p1a: Sneasel
|-damage|p1a: Sneasel|98\/251|[from] item: Life Orb
|
|upkeep
|turn|14
|choice|switch 6|move moonblast
|
|switch|p1a: Slowking|Slowking, F|394\/394
|-damage|p1a: Slowking|345\/394|[from] Stealth Rock
|move|p2a: Diancie|Moonblast|p1a: Slowking
|-damage|p1a: Slowking|240\/394
|
|-heal|p1a: Slowking|264\/394|[from] item: Leftovers
|upkeep
|turn|15
|choice|move scald|move diamondstorm
|
|move|p2a: Diancie|Diamond Storm|p1a: Slowking
|-damage|p1a: Slowking|156\/394
|move|p1a: Slowking|Scald|p2a: Diancie
|-supereffective|p2a: Diancie
|-damage|p2a: Diancie|15\/303
|-status|p2a: Diancie|brn
|
|-heal|p1a: Slowking|180\/394|[from] item: Leftovers
|-damage|p2a: Diancie|0 fnt|[from] brn
|upkeep
|faint|p2a: Diancie
|choice||switch 4
|
|switch|p2a: Marowak|Marowak, F|153\/261
|turn|16
|choice|move scald|move knockoff
|
|move|p2a: Marowak|Knock Off|p1a: Slowking
|-supereffective|p1a: Slowking
|-damage|p1a: Slowking|0 fnt
|-enditem|p1a: Slowking|Leftovers|[from] move: Knock Off|[of] p2a: Marowak
|faint|p1a: Slowking
|
|upkeep
|choice|switch 5|
|
|switch|p1a: Flygon|Flygon, M|301\/301
|-damage|p1a: Flygon|283\/301|[from] Stealth Rock
|turn|17
|choice|move earthquake|switch 6
|
|switch|p2a: Sawsbuck|Sawsbuck-Autumn, F|301\/301
|move|p1a: Flygon|Earthquake|p2a: Sawsbuck
|-resisted|p2a: Sawsbuck
|-damage|p2a: Sawsbuck|127\/301
|
|upkeep
|turn|18
|c|★Homiedino|ouch
|choice|move earthquake|move hornleech
|
|move|p2a: Sawsbuck|Horn Leech|p1a: Flygon
|-damage|p1a: Flygon|133\/301
|-heal|p2a: Sawsbuck|202\/301|[from] drain|[of] p1a: Flygon
|move|p1a: Flygon|Earthquake|p2a: Sawsbuck
|-resisted|p2a: Sawsbuck
|-damage|p2a: Sawsbuck|28\/301
|
|upkeep
|turn|19
|choice|switch 3|move hornleech
|
|switch|p1a: Venusaur|Venusaur, F|301\/301
|-damage|p1a: Venusaur|264\/301|[from] Stealth Rock
|move|p2a: Sawsbuck|Horn Leech|p1a: Venusaur
|-resisted|p1a: Venusaur
|-damage|p1a: Venusaur|226\/301
|-heal|p2a: Sawsbuck|47\/301|[from] drain|[of] p1a: Venusaur
|
|-heal|p1a: Venusaur|244\/301|[from] item: Black Sludge
|upkeep
|turn|20
|choice|move sludgebomb|move hornleech
|
|move|p2a: Sawsbuck|Horn Leech|p1a: Venusaur
|-resisted|p1a: Venusaur
|-crit|p1a: Venusaur
|-damage|p1a: Venusaur|193\/301
|-heal|p2a: Sawsbuck|73\/301|[from] drain|[of] p1a: Venusaur
|move|p1a: Venusaur|Sludge Bomb|p2a: Sawsbuck
|-supereffective|p2a: Sawsbuck
|-damage|p2a: Sawsbuck|0 fnt
|faint|p2a: Sawsbuck
|
|-heal|p1a: Venusaur|211\/301|[from] item: Black Sludge
|upkeep
|choice||switch 2
|
|switch|p2a: Sneasel|Sneasel, F|251\/251
|turn|21
|choice|switch 4|move iciclecrash
|
|switch|p1a: Diancie|Diancie, shiny|303\/303
|-damage|p1a: Diancie|266\/303|[from] Stealth Rock
|move|p2a: Sneasel|Icicle Crash|p1a: Diancie|[miss]
|-miss|p2a: Sneasel|p1a: Diancie
|
|-heal|p1a: Diancie|284\/303|[from] item: Leftovers
|upkeep
|turn|22
|choice|move moonblast|switch 6
|
|switch|p2a: Marowak|Marowak, F|153\/261
|move|p1a: Diancie|Moonblast|p2a: Marowak
|-damage|p2a: Marowak|29\/261
|
|-heal|p1a: Diancie|302\/303|[from] item: Leftovers
|upkeep
|turn|23
|choice|switch 6|move knockoff
|
|switch|p1a: Sneasel|Sneasel, F|98\/251
|-damage|p1a: Sneasel|36\/251|[from] Stealth Rock
|move|p2a: Marowak|Knock Off|p1a: Sneasel
|-resisted|p1a: Sneasel
|-damage|p1a: Sneasel|0 fnt
|-enditem|p1a: Sneasel|Life Orb|[from] move: Knock Off|[of] p2a: Marowak
|faint|p1a: Sneasel
|
|upkeep
|choice|switch 3|
|
|switch|p1a: Flygon|Flygon, M|133\/301
|-damage|p1a: Flygon|115\/301|[from] Stealth Rock
|turn|24
|choice|move uturn|move knockoff
|
|move|p1a: Flygon|U-turn|p2a: Marowak
|-damage|p2a: Marowak|0 fnt
|faint|p2a: Marowak
|choice|switch 6|
|
|switch|p1a: Diancie|Diancie, shiny|302\/303
|-damage|p1a: Diancie|265\/303|[from] Stealth Rock
|
|-heal|p1a: Diancie|283\/303|[from] item: Leftovers
|upkeep
|choice||switch 5
|
|switch|p2a: Blastoise|Blastoise, M|77\/361
|turn|25
|choice|switch 6|move scald
|
|switch|p1a: Flygon|Flygon, M|115\/301
|-damage|p1a: Flygon|97\/301|[from] Stealth Rock
|move|p2a: Blastoise|Scald|p1a: Flygon
|-damage|p1a: Flygon|0 fnt
|faint|p1a: Flygon
|
|upkeep
|choice|switch 4|
|
|switch|p1a: Venusaur|Venusaur, F|211\/301
|-damage|p1a: Venusaur|174\/301|[from] Stealth Rock
|turn|26
|choice|move leafstorm|switch 6
|
|switch|p2a: Sneasel|Sneasel, F|251\/251
|move|p1a: Venusaur|Leaf Storm|p2a: Sneasel
|-damage|p2a: Sneasel|11\/251
|-unboost|p1a: Venusaur|spa|2
|
|-heal|p1a: Venusaur|192\/301|[from] item: Black Sludge
|upkeep
|turn|27
|choice|switch 6|move pursuit
|
|-activate|p1a: Venusaur|move: Pursuit
|move|p2a: Sneasel|Pursuit|p1a: Venusaur|[from]Pursuit
|-crit|p1a: Venusaur
|-damage|p1a: Venusaur|0 fnt
|-damage|p2a: Sneasel|0 fnt|[from] item: Life Orb
|faint|p1a: Venusaur
|faint|p2a: Sneasel
|
|upkeep
|choice|switch 6|switch 6
|
|switch|p2a: Blastoise|Blastoise, M|77\/361
|switch|p1a: Diancie|Diancie, shiny|283\/303
|-damage|p1a: Diancie|246\/303|[from] Stealth Rock
|turn|28
|choice|move moonblast|move scald
|
|move|p2a: Blastoise|Scald|p1a: Diancie
|-supereffective|p1a: Diancie
|-damage|p1a: Diancie|114\/303
|-status|p1a: Diancie|brn
|move|p1a: Diancie|Moonblast|p2a: Blastoise
|-damage|p2a: Blastoise|0 fnt
|faint|p2a: Blastoise
|
|win|Swind
|player|p1
|player|p2
|c|★Homiedino|gg
|l|Homiedino</script>
</div>
<div class="battle-log battle-log-inline"><div class="inner"><div class="battle-options"></div><div class="inner"><div class="chat"><small>Swind joined.</small></div><div class="chat"><small>Homiedino joined.</small></div><div class=""><small>Format:</small> <br><strong>RU</strong></div><div class="rated"><strong>Rated battle</strong></div><div class=""><small><em>Sleep Clause Mod:</em> Limit one foe put to sleep</small></div><div class=""><small><em>Species Clause:</em> Limit one of each Pokémon</small></div><div class=""><small><em>OHKO Clause:</em> OHKO moves are banned</small></div><div class=""><small><em>Moody Clause:</em> Moody is banned</small></div><div class=""><small><em>Evasion Moves Clause:</em> Evasion moves are banned</small></div><div class=""><small><em>Endless Battle Clause:</em> Forcing endless battles is banned</small></div><div class=""><small><em>HP Percentage Mod:</em> HP is shown in percentages</small></div><div class=""><small><em>Swagger Clause:</em> Swagger is banned</small></div><div class=""><small><em>Baton Pass Clause:</em> Limit one Baton Passer, can't pass Spe and other stats simultaneously</small></div><div class="chat battle-history"><strong>Swind's team:</strong> <em style="color:#445566;display:block;">Sawk / Sneasel / Venusaur / Diancie / Flygon / Slowking</em></div><div class="chat battle-history"><strong>Homiedino's team:</strong> <em style="color:#445566;display:block;">Marowak / Sneasel / Sigilyph / Blastoise / Diancie / Sawsbuck-Autumn</em></div><div class="spacer battle-history"><br></div><div class="battle-history">Battle started between Swind and Homiedino!<br></div><div class="spacer battle-history"><br></div><div class="battle-history">Go! <strong>Flygon</strong>!<br></div><div class="spacer battle-history"><br></div><div class="battle-history">Homiedino sent out <strong>Marowak</strong>!<br></div><div class="spacer battle-history"><br></div><h2 class="battle-history">Turn 1</h2><div class="spacer battle-history"><br></div><div class="battle-history">Flygon used <strong>U-turn</strong>!<br></div><div class="battle-history"><small>(The opposing Marowak lost <abbr title="−108/261">41.4%</abbr> of its health!)</small><br></div><div class="spacer battle-history"><br></div><div class="battle-history">Flygon went back to Swind!<br></div><div class="battle-history">Go! <strong>Sawk</strong>!<br></div><div class="spacer battle-history"><br></div><div class="battle-history">The opposing Marowak used <strong>Double-Edge</strong>!<br></div><div class="battle-history"><small>[Sawk's Sturdy]</small><br><small>Sawk endured the hit!</small><br></div><div class="battle-history"><small>(Sawk lost <abbr title="−290/291">99.7%</abbr> of its health!)</small><br></div><div class="spacer battle-history"><br></div><h2 class="battle-history">Turn 2</h2><div class="spacer battle-history"><br></div><div class="battle-history">Homiedino withdrew Marowak!<br></div><div class="battle-history">Homiedino sent out <strong>Blastoise</strong>!<br></div><div class="spacer battle-history"><br></div><div class="battle-history">Sawk used <strong>Knock Off</strong>!<br></div><div class="battle-history"><small>(The opposing Blastoise lost <abbr title="−142/361">39.3%</abbr> of its health!)</small><br></div><div class="battle-history"><small>Sawk knocked off the opposing Blastoise's Leftovers!</small><br></div><div class="spacer battle-history"><br></div><h2 class="battle-history">Turn 3</h2><div class="spacer battle-history"><br></div><div class="battle-history">Sawk, come back!<br></div><div class="battle-history">Go! <strong>Venusaur</strong>!<br></div><div class="spacer battle-history"><br></div><div class="battle-history">The opposing Blastoise used <strong>Scald</strong>!<br></div><div class="battle-history"><small>It's not very effective...</small><br></div><div class="battle-history"><small>(Venusaur lost <abbr title="−42/301">14.0%</abbr> of its health!)</small><br></div><div class="spacer battle-history"><br></div><div class="battle-history"><small>Venusaur restored a little HP using its Black Sludge!</small><br></div><div class="spacer battle-history"><br></div><h2 class="battle-history">Turn 4</h2><div class="spacer battle-history"><br></div><div class="battle-history">Homiedino withdrew Blastoise!<br></div><div class="battle-history">Homiedino sent out <strong>Sigilyph</strong>!<br></div><div class="spacer battle-history"><br></div><div class="battle-history">Venusaur used <strong>Knock Off</strong>!<br></div><div class="battle-history"><small>It's super effective!</small><br></div><div class="battle-history"><small>(The opposing Sigilyph lost <abbr title="−148/285">51.9%</abbr> of its health!)</small><br></div><div class="battle-history"><small>Venusaur knocked off the opposing Sigilyph's Life Orb!</small><br></div><div class="spacer battle-history"><br></div><div class="battle-history"><small>Venusaur restored a little HP using its Black Sludge!</small><br></div><div class="spacer battle-history"><br></div><h2 class="battle-history">Turn 5</h2><div class="spacer battle-history"><br></div><div class="battle-history">Venusaur, come back!<br></div><div class="battle-history">Go! <strong>Diancie</strong>!<br></div><div class="spacer battle-history"><br></div><div class="battle-history">The opposing Sigilyph used <strong>Heat Wave</strong>!<br></div><div class="battle-history"><small>It's not very effective...</small><br></div><div class="battle-history"><small>(Diancie lost <abbr title="−27/303">8.9%</abbr> of its health!)</small><br></div><div class="spacer battle-history"><br></div><div class="battle-history"><small>Diancie restored a little HP using its Leftovers!</small><br></div><div class="spacer battle-history"><br></div><h2 class="battle-history">Turn 6</h2><div class="spacer battle-history"><br></div><div class="battle-history">The opposing Sigilyph used <strong>Roost</strong>!<br></div><div class="battle-history"><small>The opposing Sigilyph restored its HP.</small><br></div><div class="spacer battle-history"><br></div><div class="battle-history">Diancie used <strong>Stealth Rock</strong>!<br></div><div class="battle-history"><small>Pointed stones float in the air around the opposing team!</small><br></div><div class="spacer battle-history"><br></div><div class="battle-history"><small>Diancie restored a little HP using its Leftovers!</small><br></div><div class="spacer battle-history"><br></div><h2 class="battle-history">Turn 7</h2><div class="spacer battle-history"><br></div><div class="battle-history">Homiedino withdrew Sigilyph!<br></div><div class="battle-history">Homiedino sent out <strong>Diancie</strong>!<br></div><div class="battle-history"><small>Pointed stones dug into the opposing Diancie!</small><br></div><div class="spacer battle-history"><br></div><div class="battle-history">Diancie used <strong>Diamond Storm</strong>!<br></div><div class="battle-history"><small>(The opposing Diancie lost <abbr title="−78/303">25.7%</abbr> of its health!)</small><br></div><div class="spacer battle-history"><br></div><div class="battle-history"><small>The opposing Diancie restored a little HP using its Leftovers!</small><br></div><div class="spacer battle-history"><br></div><h2 class="battle-history">Turn 8</h2><div class="spacer battle-history"><br></div><div class="battle-history">Diancie, come back!<br></div><div class="battle-history">Go! <strong>Venusaur</strong>!<br></div><div class="spacer battle-history"><br></div><div class="battle-history">The opposing Diancie used <strong>Stealth Rock</strong>!<br></div><div class="battle-history"><small>Pointed stones float in the air around your team!</small><br></div><div class="spacer battle-history"><br></div><div class="battle-history"><small>Venusaur restored a little HP using its Black Sludge!</small><br></div><div class="battle-history"><small>The opposing Diancie restored a little HP using its Leftovers!</small><br></div><div class="spacer battle-history"><br></div><h2 class="battle-history">Turn 9</h2><div class="spacer battle-history"><br></div><div class="battle-history">Homiedino withdrew Diancie!<br></div><div class="battle-history">Homiedino sent out <strong>Sigilyph</strong>!<br></div><div class="spacer battle-history"><br></div><div class="battle-history">Venusaur used <strong>Sludge Bomb</strong>!<br></div><div class="battle-history"><small>(The opposing Sigilyph lost <abbr title="−166/285">58.2%</abbr> of its health!)</small><br></div><div class="spacer battle-history"><br></div><h2 class="battle-history">Turn 10</h2><div class="spacer battle-history"><br></div><div class="battle-history">Venusaur, come back!<br></div><div class="battle-history">Go! <strong>Sawk</strong>!<br></div><div class="battle-history"><small>Pointed stones dug into Sawk!</small><br></div><div class="spacer battle-history"><br></div><div class="battle-history">Sawk fainted!<br></div><div class="battle-history">The opposing Sigilyph used <strong>Psychic</strong>!<br></div><div class="battle-history"><small>But there was no target...</small><br></div><div class="spacer battle-history"><br></div><div class="battle-history">Go! <strong>Sneasel</strong>!<br></div><div class="battle-history"><small>Pointed stones dug into Sneasel!</small><br></div><div class="spacer battle-history"><br></div><h2 class="battle-history">Turn 11</h2><div class="spacer battle-history"><br></div><div class="battle-history"><small>(The opposing Sigilyph is being withdrawn...)</small><br></div><div class="spacer battle-history"><br></div><div class="battle-history">Sneasel used <strong>Pursuit</strong>!<br></div><div class="battle-history"><small>It's super effective!</small><br></div><div class="battle-history"><small>(The opposing Sigilyph lost <abbr title="−114/285">40%</abbr> of its health!)</small><br></div><div class="battle-history"><small>Sneasel lost some of its HP!</small><br></div><div class="spacer battle-history"><br></div><div class="battle-history">The opposing Sigilyph fainted!<br></div><div class="spacer battle-history"><br></div><div class="battle-history">Homiedino sent out <strong>Blastoise</strong>!<br></div><div class="battle-history"><small>Pointed stones dug into the opposing Blastoise!</small><br></div><div class="spacer battle-history"><br></div><h2 class="battle-history">Turn 12</h2><div class="spacer battle-history"><br></div><div class="battle-history">Sneasel used <strong>Knock Off</strong>!<br></div><div class="battle-history"><small>(The opposing Blastoise lost <abbr title="−97/361">26.9%</abbr> of its health!)</small><br></div><div class="battle-history"><small>Sneasel lost some of its HP!</small><br></div><div class="spacer battle-history"><br></div><div class="battle-history">The opposing Blastoise used <strong>Rapid Spin</strong>!<br></div><div class="battle-history"><small>(Sneasel lost <abbr title="−16/251">6.4%</abbr> of its health!)</small><br></div><div class="battle-history"><small>The pointed stones disappeared from around the opposing team!</small><br></div><div class="spacer battle-history"><br></div><h2 class="battle-history">Turn 13</h2><div class="spacer battle-history"><br></div><div class="battle-history">Homiedino withdrew Blastoise!<br></div><div class="battle-history">Homiedino sent out <strong>Diancie</strong>!<br></div><div class="spacer battle-history"><br></div><div class="battle-history">Sneasel used <strong>Knock Off</strong>!<br></div><div class="battle-history"><small>It's not very effective...</small><br></div><div class="battle-history"><small>A critical hit!</small><br></div><div class="battle-history"><small>(The opposing Diancie lost <abbr title="−105/303">34.7%</abbr> of its health!)</small><br></div><div class="battle-history"><small>Sneasel knocked off the opposing Diancie's Leftovers!</small><br></div><div class="battle-history"><small>Sneasel lost some of its HP!</small><br></div><div class="spacer battle-history"><br></div><h2 class="battle-history">Turn 14</h2><div class="spacer battle-history"><br></div><div class="battle-history">Sneasel, come back!<br></div><div class="battle-history">Go! <strong>Slowking</strong>!<br></div><div class="battle-history"><small>Pointed stones dug into Slowking!</small><br></div><div class="spacer battle-history"><br></div><div class="battle-history">The opposing Diancie used <strong>Moonblast</strong>!<br></div><div class="battle-history"><small>(Slowking lost <abbr title="−105/394">26.6%</abbr> of its health!)</small><br></div><div class="spacer battle-history"><br></div><div class="battle-history"><small>Slowking restored a little HP using its Leftovers!</small><br></div><div class="spacer battle-history"><br></div><h2 class="battle-history">Turn 15</h2><div class="spacer battle-history"><br></div><div class="battle-history">The opposing Diancie used <strong>Diamond Storm</strong>!<br></div><div class="battle-history"><small>(Slowking lost <abbr title="−108/394">27.4%</abbr> of its health!)</small><br></div><div class="spacer battle-history"><br></div><div class="battle-history">Slowking used <strong>Scald</strong>!<br></div><div class="battle-history"><small>It's super effective!</small><br></div><div class="battle-history"><small>(The opposing Diancie lost <abbr title="−104/303">34.3%</abbr> of its health!)</small><br></div><div class="battle-history"><small>The opposing Diancie was burned!</small><br></div><div class="spacer battle-history"><br></div><div class="battle-history"><small>Slowking restored a little HP using its Leftovers!</small><br></div><div class="battle-history"><small>The opposing Diancie was hurt by its burn!</small><br></div><div class="spacer battle-history"><br></div><div class="battle-history">The opposing Diancie fainted!<br></div><div class="spacer battle-history"><br></div><div class="battle-history">Homiedino sent out <strong>Marowak</strong>!<br></div><div class="spacer battle-history"><br></div><h2 class="battle-history">Turn 16</h2><div class="spacer battle-history"><br></div><div class="battle-history">The opposing Marowak used <strong>Knock Off</strong>!<br></div><div class="battle-history"><small>It's super effective!</small><br></div><div class="battle-history"><small>(Slowking lost <abbr title="−180/394">45.7%</abbr> of its health!)</small><br></div><div class="battle-history"><small>The opposing Marowak knocked off Slowking's Leftovers!</small><br></div><div class="spacer battle-history"><br></div><div class="battle-history">Slowking fainted!<br></div><div class="spacer battle-history"><br></div><div class="battle-history">Go! <strong>Flygon</strong>!<br></div><div class="battle-history"><small>Pointed stones dug into Flygon!</small><br></div><div class="spacer battle-history"><br></div><h2 class="battle-history">Turn 17</h2><div class="spacer battle-history"><br></div><div class="battle-history">Homiedino withdrew Marowak!<br></div><div class="battle-history">Homiedino sent out Sawsbuck (<strong>Sawsbuck-Autumn</strong>)!<br></div><div class="spacer battle-history"><br></div><div class="battle-history">Flygon used <strong>Earthquake</strong>!<br></div><div class="battle-history"><small>It's not very effective...</small><br></div><div class="battle-history"><small>(The opposing Sawsbuck lost <abbr title="−174/301">57.8%</abbr> of its health!)</small><br></div><div class="spacer battle-history"><br></div><h2 class="battle-history">Turn 18</h2><div class="chat chatmessage-homiedino"><strong style="color:hsl(218,89%,47.491755678343644%)"><small>★</small><span class="username" data-name="Homiedino">Homiedino</span>:</strong> <em>ouch</em></div><div class="spacer battle-history"><br></div><div class="battle-history">The opposing Sawsbuck used <strong>Horn Leech</strong>!<br></div><div class="battle-history"><small>(Flygon lost <abbr title="−150/301">49.8%</abbr> of its health!)</small><br></div><div class="battle-history"><small>Flygon had its energy drained!</small><br></div><div class="spacer battle-history"><br></div><div class="battle-history">Flygon used <strong>Earthquake</strong>!<br></div><div class="battle-history"><small>It's not very effective...</small><br></div><div class="battle-history"><small>(The opposing Sawsbuck lost <abbr title="−174/301">57.8%</abbr> of its health!)</small><br></div><div class="spacer battle-history"><br></div><h2 class="battle-history">Turn 19</h2><div class="spacer battle-history"><br></div><div class="battle-history">Flygon, come back!<br></div><div class="battle-history">Go! <strong>Venusaur</strong>!<br></div><div class="battle-history"><small>Pointed stones dug into Venusaur!</small><br></div><div class="spacer battle-history"><br></div><div class="battle-history">The opposing Sawsbuck used <strong>Horn Leech</strong>!<br></div><div class="battle-history"><small>It's not very effective...</small><br></div><div class="battle-history"><small>(Venusaur lost <abbr title="−38/301">12.6%</abbr> of its health!)</small><br></div><div class="battle-history"><small>Venusaur had its energy drained!</small><br></div><div class="spacer battle-history"><br></div><div class="battle-history"><small>Venusaur restored a little HP using its Black Sludge!</small><br></div><div class="spacer battle-history"><br></div><h2 class="battle-history">Turn 20</h2><div class="spacer battle-history"><br></div><div class="battle-history">The opposing Sawsbuck used <strong>Horn Leech</strong>!<br></div><div class="battle-history"><small>It's not very effective...</small><br></div><div class="battle-history"><small>A critical hit!</small><br></div><div class="battle-history"><small>(Venusaur lost <abbr title="−51/301">16.9%</abbr> of its health!)</small><br></div><div class="battle-history"><small>Venusaur had its energy drained!</small><br></div><div class="spacer battle-history"><br></div><div class="battle-history">Venusaur used <strong>Sludge Bomb</strong>!<br></div><div class="battle-history"><small>It's super effective!</small><br></div><div class="battle-history"><small>(The opposing Sawsbuck lost <abbr title="−73/301">24.3%</abbr> of its health!)</small><br></div><div class="spacer battle-history"><br></div><div class="battle-history">The opposing Sawsbuck fainted!<br></div><div class="spacer battle-history"><br></div><div class="battle-history"><small>Venusaur restored a little HP using its Black Sludge!</small><br></div><div class="spacer battle-history"><br></div><div class="battle-history">Homiedino sent out <strong>Sneasel</strong>!<br></div><div class="spacer battle-history"><br></div><h2 class="battle-history">Turn 21</h2><div class="spacer battle-history"><br></div><div class="battle-history">Venusaur, come back!<br></div><div class="battle-history">Go! <strong>Diancie</strong>!<br></div><div class="battle-history"><small>Pointed stones dug into Diancie!</small><br></div><div class="spacer battle-history"><br></div><div class="battle-history">The opposing Sneasel used <strong>Icicle Crash</strong>!<br></div><div class="battle-history"><small>Diancie avoided the attack!</small><br></div><div class="spacer battle-history"><br></div><div class="battle-history"><small>Diancie restored a little HP using its Leftovers!</small><br></div><div class="spacer battle-history"><br></div><h2 class="battle-history">Turn 22</h2><div class="spacer battle-history"><br></div><div class="battle-history">Homiedino withdrew Sneasel!<br></div><div class="battle-history">Homiedino sent out <strong>Marowak</strong>!<br></div><div class="spacer battle-history"><br></div><div class="battle-history">Diancie used <strong>Moonblast</strong>!<br></div><div class="battle-history"><small>(The opposing Marowak lost <abbr title="−124/261">47.5%</abbr> of its health!)</small><br></div><div class="spacer battle-history"><br></div><div class="battle-history"><small>Diancie restored a little HP using its Leftovers!</small><br></div><div class="spacer battle-history"><br></div><h2 class="battle-history">Turn 23</h2><div class="spacer battle-history"><br></div><div class="battle-history">Diancie, come back!<br></div><div class="battle-history">Go! <strong>Sneasel</strong>!<br></div><div class="battle-history"><small>Pointed stones dug into Sneasel!</small><br></div><div class="spacer battle-history"><br></div><div class="battle-history">The opposing Marowak used <strong>Knock Off</strong>!<br></div><div class="battle-history"><small>It's not very effective...</small><br></div><div class="battle-history"><small>(Sneasel lost <abbr title="−36/251">14.3%</abbr> of its health!)</small><br></div><div class="battle-history"><small>The opposing Marowak knocked off Sneasel's Life Orb!</small><br></div><div class="spacer battle-history"><br></div><div class="battle-history">Sneasel fainted!<br></div><div class="spacer battle-history"><br></div><div class="battle-history">Go! <strong>Flygon</strong>!<br></div><div class="battle-history"><small>Pointed stones dug into Flygon!</small><br></div><div class="spacer battle-history"><br></div><h2 class="battle-history">Turn 24</h2><div class="spacer battle-history"><br></div><div class="battle-history">Flygon used <strong>U-turn</strong>!<br></div><div class="battle-history"><small>(The opposing Marowak lost <abbr title="−29/261">11.1%</abbr> of its health!)</small><br></div><div class="spacer battle-history"><br></div><div class="battle-history">The opposing Marowak fainted!<br></div><div class="spacer battle-history"><br></div><div class="battle-history">Flygon went back to Swind!<br></div><div class="battle-history">Go! <strong>Diancie</strong>!<br></div><div class="battle-history"><small>Pointed stones dug into Diancie!</small><br></div><div class="spacer battle-history"><br></div><div class="battle-history"><small>Diancie restored a little HP using its Leftovers!</small><br></div><div class="spacer battle-history"><br></div><div class="battle-history">Homiedino sent out <strong>Blastoise</strong>!<br></div><div class="spacer battle-history"><br></div><h2 class="battle-history">Turn 25</h2><div class="spacer battle-history"><br></div><div class="battle-history">Diancie, come back!<br></div><div class="battle-history">Go! <strong>Flygon</strong>!<br></div><div class="battle-history"><small>Pointed stones dug into Flygon!</small><br></div><div class="spacer battle-history"><br></div><div class="battle-history">The opposing Blastoise used <strong>Scald</strong>!<br></div><div class="battle-history"><small>(Flygon lost <abbr title="−97/301">32.2%</abbr> of its health!)</small><br></div><div class="spacer battle-history"><br></div><div class="battle-history">Flygon fainted!<br></div><div class="spacer battle-history"><br></div><div class="battle-history">Go! <strong>Venusaur</strong>!<br></div><div class="battle-history"><small>Pointed stones dug into Venusaur!</small><br></div><div class="spacer battle-history"><br></div><h2 class="battle-history">Turn 26</h2><div class="spacer battle-history"><br></div><div class="battle-history">Homiedino withdrew Blastoise!<br></div><div class="battle-history">Homiedino sent out <strong>Sneasel</strong>!<br></div><div class="spacer battle-history"><br></div><div class="battle-history">Venusaur used <strong>Leaf Storm</strong>!<br></div><div class="battle-history"><small>(The opposing Sneasel lost <abbr title="−240/251">95.6%</abbr> of its health!)</small><br></div><div class="battle-history"><small>Venusaur's Special Attack fell harshly!</small><br></div><div class="spacer battle-history"><br></div><div class="battle-history"><small>Venusaur restored a little HP using its Black Sludge!</small><br></div><div class="spacer battle-history"><br></div><h2 class="battle-history">Turn 27</h2><div class="spacer battle-history"><br></div><div class="battle-history"><small>(Venusaur is being withdrawn...)</small><br></div><div class="spacer battle-history"><br></div><div class="battle-history">The opposing Sneasel used <strong>Pursuit</strong>!<br></div><div class="battle-history"><small>A critical hit!</small><br></div><div class="battle-history"><small>(Venusaur lost <abbr title="−192/301">63.8%</abbr> of its health!)</small><br></div><div class="battle-history"><small>The opposing Sneasel lost some of its HP!</small><br></div><div class="spacer battle-history"><br></div><div class="battle-history">Venusaur fainted!<br></div><div class="battle-history">The opposing Sneasel fainted!<br></div><div class="spacer battle-history"><br></div><div class="battle-history">Homiedino sent out <strong>Blastoise</strong>!<br></div><div class="spacer battle-history"><br></div><div class="battle-history">Go! <strong>Diancie</strong>!<br></div><div class="battle-history"><small>Pointed stones dug into Diancie!</small><br></div><div class="spacer battle-history"><br></div><h2 class="battle-history">Turn 28</h2><div class="spacer battle-history"><br></div><div class="battle-history">The opposing Blastoise used <strong>Scald</strong>!<br></div><div class="battle-history"><small>It's super effective!</small><br></div><div class="battle-history"><small>(Diancie lost <abbr title="−132/303">43.6%</abbr> of its health!)</small><br></div><div class="battle-history"><small>Diancie was burned!</small><br></div><div class="spacer battle-history"><br></div><div class="battle-history">Diancie used <strong>Moonblast</strong>!<br></div><div class="battle-history"><small>(The opposing Blastoise lost <abbr title="−77/361">21.3%</abbr> of its health!)</small><br></div><div class="spacer battle-history"><br></div><div class="battle-history">The opposing Blastoise fainted!<br></div><div class="spacer battle-history"><br></div><div class="battle-history"><strong>Swind</strong> won the battle!<br></div><div class="chat chatmessage-homiedino"><strong style="color:hsl(218,89%,47.491755678343644%)"><small>★</small><span class="username" data-name="Homiedino">Homiedino</span>:</strong> <em>gg</em></div><div class="chat"><small>Homiedino left.</small></div></div><div class="inner-preempt"></div></div></div>
</div>
<script>
let daily = Math.floor(Date.now()/1000/60/60/24);document.write('<script src="https://play.pokemonshowdown.com/js/replay-embed.js?version'+daily+'"></'+'script>');
</script>
