<!DOCTYPE html>
<meta charset="utf-8" />
<!-- version 1 -->
<title>RU replay: rubix cubes vs. helreg2</title>
<style>
html,body {font-family:Verdana, sans-serif;font-size:10pt;margin:0;padding:0;}body{padding:12px 0;} .battle-log {font-family:Verdana, sans-serif;font-size:10pt;} .battle-log-inline {border:1px solid #AAAAAA;background:#EEF2F5;color:black;max-width:640px;margin:0 auto 80px;padding-bottom:5px;} .battle-log .inner {padding:4px 8px 0px 8px;} .battle-log .inner-preempt {padding:0 8px 4px 8px;} .battle-log .inner-after {margin-top:0.5em;} .battle-log h2 {margin:0.5em -8px;padding:4px 8px;border:1px solid #AAAAAA;background:#E0E7EA;border-left:0;border-right:0;font-family:Verdana, sans-serif;font-size:13pt;} .battle-log .chat {vertical-align:middle;padding:3px 0 3px 0;font-size:8pt;} .battle-log .chat strong {color:#40576A;} .battle-log .chat em {padding:1px 4px 1px 3px;color:#000000;font-style:normal;} .chat.mine {background:rgba(0,0,0,0.05);margin-left:-8px;margin-right:-8px;padding-left:8px;padding-right:8px;} .spoiler {color:#BBBBBB;background:#BBBBBB;padding:0px 3px;} .spoiler:hover, .spoiler:active, .spoiler-shown {color:#000000;background:#E2E2E2;padding:0px 3px;} .spoiler a {color:#BBBBBB;} .spoiler:hover a, .spoiler:active a, .spoiler-shown a {color:#2288CC;} .chat code, .chat .spoiler:hover code, .chat .spoiler:active code, .chat .spoiler-shown code {border:1px solid #C0C0C0;background:#EEEEEE;color:black;padding:0 2px;} .chat .spoiler code {border:1px solid #CCCCCC;background:#CCCCCC;color:#CCCCCC;} .battle-log .rated {padding:3px 4px;} .battle-log .rated strong {color:white;background:#89A;padding:1px 4px;border-radius:4px;} .spacer {margin-top:0.5em;} .message-announce {background:#6688AA;color:white;padding:1px 4px 2px;} .message-announce a, .broadcast-green a, .broadcast-blue a, .broadcast-red a {color:#DDEEFF;} .broadcast-green {background-color:#559955;color:white;padding:2px 4px;} .broadcast-blue {background-color:#6688AA;color:white;padding:2px 4px;} .infobox {border:1px solid #6688AA;padding:2px 4px;} .infobox-limited {max-height:200px;overflow:auto;overflow-x:hidden;} .broadcast-red {background-color:#AA5544;color:white;padding:2px 4px;} .message-learn-canlearn {font-weight:bold;color:#228822;text-decoration:underline;} .message-learn-cannotlearn {font-weight:bold;color:#CC2222;text-decoration:underline;} .message-effect-weak {font-weight:bold;color:#CC2222;} .message-effect-resist {font-weight:bold;color:#6688AA;} .message-effect-immune {font-weight:bold;color:#666666;} .message-learn-list {margin-top:0;margin-bottom:0;} .message-throttle-notice, .message-error {color:#992222;} .message-overflow, .chat small.message-overflow {font-size:0pt;} .message-overflow::before {font-size:9pt;content:'...';} .subtle {color:#3A4A66;}
</style>
<div class="wrapper replay-wrapper" style="max-width:1180px;margin:0 auto">
<input type="hidden" name="replayid" value="ru-489727223" />
<div class="battle"></div><div class="battle-log"></div><div class="replay-controls"></div><div class="replay-controls-2"></div>
<h1 style="font-weight:normal;text-align:center"><strong>RU</strong><br /><a href="http://pokemonshowdown.com/users/rubixcubes" class="subtle" target="_blank">rubix cubes</a> vs. <a href="http://pokemonshowdown.com/users/helreg2" class="subtle" target="_blank">helreg2</a></h1>
<script type="text/plain" class="battle-log-data">|j|rubix cubes
|j|helreg2
|player|p1|rubix cubes|1
|player|p2|helreg2|250
|gametype|singles
|gen|6
|tier|RU
|rated
|seed|6165,3743,2590,56057
|rule|Sleep Clause Mod: Limit one foe put to sleep
|rule|Species Clause: Limit one of each Pokémon
|rule|OHKO Clause: OHKO moves are banned
|rule|Moody Clause: Moody is banned
|rule|Evasion Moves Clause: Evasion moves are banned
|rule|Endless Battle Clause: Forcing endless battles is banned
|rule|HP Percentage Mod: HP is shown in percentages
|clearpoke
|poke|p1|Banette, F|item
|poke|p1|Omastar, M|item
|poke|p1|Ambipom, M|item
|poke|p1|Escavalier, F|item
|poke|p1|Braviary, M|item
|poke|p1|Uxie|item
|poke|p2|Eelektross, M, shiny|item
|poke|p2|Jellicent, F|item
|poke|p2|Registeel, shiny|item
|poke|p2|Hitmonlee, M|item
|poke|p2|Flygon, F|item
|poke|p2|Venusaur, F, shiny|item
|rule|Swagger Clause: Swagger is banned
|rule|Baton Pass Clause: Limit one Baton Passer, can't pass Spe and other stats simultaneously
|teampreview
|choice|team 2, team 1, team 3, team 4, team 5, team 6|team 1, team 2, team 3, team 4, team 5, team 6
|
|start
|switch|p1a: Omastar|Omastar, M|281\/281
|switch|p2a: Eelektross|Eelektross, M, shiny|374\/374
|turn|1
|choice|move stealthrock|move wildcharge
|
|move|p1a: Omastar|Stealth Rock|p2a: Eelektross
|-sidestart|p2: helreg2|move: Stealth Rock
|move|p2a: Eelektross|Wild Charge|p1a: Omastar
|-supereffective|p1a: Omastar
|-crit|p1a: Omastar
|-enditem|p1a: Omastar|Focus Sash
|-damage|p1a: Omastar|1\/281
|-ability|p1a: Omastar|Weak Armor|boost
|-unboost|p1a: Omastar|def|1
|-boost|p1a: Omastar|spe|1
|-damage|p2a: Eelektross|304\/374|[from] recoil|[of] p1a: Omastar
|
|turn|2
|choice|move spikes|move knockoff
|
|move|p1a: Omastar|Spikes|p2a: Eelektross
|-sidestart|p2: helreg2|Spikes
|move|p2a: Eelektross|Knock Off|p1a: Omastar
|-damage|p1a: Omastar|0 fnt
|faint|p1a: Omastar
|
|choice|switch 6|
|
|switch|p1a: Uxie|Uxie|354\/354
|turn|3
|choice|move psyshock|move knockoff
|
|move|p1a: Uxie|Psyshock|p2a: Eelektross
|-damage|p2a: Eelektross|208\/374
|move|p2a: Eelektross|Knock Off|p1a: Uxie
|-supereffective|p1a: Uxie
|-damage|p1a: Uxie|194\/354
|-enditem|p1a: Uxie|Leftovers|[from] move: Knock Off|[of] p2a: Eelektross
|
|turn|4
|choice|move knockoff|move uturn
|
|move|p1a: Uxie|Knock Off|p2a: Eelektross
|-damage|p2a: Eelektross|144\/374
|-enditem|p2a: Eelektross|Assault Vest|[from] move: Knock Off|[of] p1a: Uxie
|move|p2a: Eelektross|U-turn|p1a: Uxie
|-supereffective|p1a: Uxie
|-damage|p1a: Uxie|64\/354
|choice||switch 5
|
|switch|p2a: Flygon|Flygon, F|301\/301
|-damage|p2a: Flygon|283\/301|[from] Stealth Rock
|
|turn|5
|choice|move knockoff|move dragonpulse
|
|move|p2a: Flygon|Dragon Pulse|p1a: Uxie
|-damage|p1a: Uxie|0 fnt
|faint|p1a: Uxie
|
|choice|switch 4|
|
|switch|p1a: Escavalier|Escavalier, F|324\/324
|turn|6
|choice|move megahorn|switch 5
|
|switch|p2a: Eelektross|Eelektross, M, shiny|144\/374
|-damage|p2a: Eelektross|98\/374|[from] Stealth Rock
|move|p1a: Escavalier|Megahorn|p2a: Eelektross|[miss]
|-miss|p1a: Escavalier|p2a: Eelektross
|
|turn|7
|c|★rubix cubes|fuck
|c|★helreg2|ox
|choice|move megahorn|move knockoff
|
|move|p2a: Eelektross|Knock Off|p1a: Escavalier
|-damage|p1a: Escavalier|222\/324
|-enditem|p1a: Escavalier|Assault Vest|[from] move: Knock Off|[of] p2a: Eelektross
|move|p1a: Escavalier|Megahorn|p2a: Eelektross
|-damage|p2a: Eelektross|0 fnt
|faint|p2a: Eelektross
|
|c|★helreg2|soz
|choice||switch 4
|
|switch|p2a: Hitmonlee|Hitmonlee, M|241\/241
|-damage|p2a: Hitmonlee|211\/241|[from] Spikes
|-damage|p2a: Hitmonlee|196\/241|[from] Stealth Rock
|turn|8
|choice|move ironhead|move endure
|
|move|p2a: Hitmonlee|Endure|p2a: Hitmonlee
|-singleturn|p2a: Hitmonlee|move: Endure
|move|p1a: Escavalier|Iron Head|p2a: Hitmonlee
|-activate|p2a: Hitmonlee|move: Endure
|-damage|p2a: Hitmonlee|1\/241
|-enditem|p2a: Hitmonlee|Liechi Berry|[eat]
|-boost|p2a: Hitmonlee|atk|1
|
|turn|9
|choice|move ironhead|move blazekick
|
|move|p2a: Hitmonlee|Blaze Kick|p1a: Escavalier
|-supereffective|p1a: Escavalier
|-damage|p1a: Escavalier|0 fnt
|faint|p1a: Escavalier
|
|choice|switch 2|
|
|switch|p1a: dank shit|Banette, F|332\/332
|turn|10
|choice|move protect mega|move knockoff
|
|detailschange|p1a: dank shit|Banette-Mega, F
|-mega|p1a: dank shit|Banette|Banettite
|move|p1a: dank shit|Protect|p1a: dank shit
|-singleturn|p1a: dank shit|Protect
|move|p2a: Hitmonlee|Knock Off|p1a: dank shit
|-activate|p1a: dank shit|move: Protect
|
|turn|11
|choice|move disable|move knockoff
|
|move|p1a: dank shit|Disable|p2a: Hitmonlee
|-start|p2a: Hitmonlee|Disable|Knock Off
|cant|p2a: Hitmonlee|Disable|Knock Off
|
|turn|12
|c|★rubix cubes|does the meme work
|c|★rubix cubes|oh my god the meme works
|choice|move pursuit|move blazekick
|
|move|p2a: Hitmonlee|Blaze Kick|p1a: dank shit
|-damage|p1a: dank shit|119\/332
|move|p1a: dank shit|Pursuit|p2a: Hitmonlee
|-resisted|p2a: Hitmonlee
|-damage|p2a: Hitmonlee|0 fnt
|faint|p2a: Hitmonlee
|
|c|★helreg2|thhe meme dream
|choice||switch 5
|
|switch|p2a: Flygon|Flygon, F|283\/301
|-damage|p2a: Flygon|265\/301|[from] Stealth Rock
|turn|13
|choice|move protect|move dragonpulse
|
|move|p1a: dank shit|Protect|p1a: dank shit
|-singleturn|p1a: dank shit|Protect
|move|p2a: Flygon|Dragon Pulse|p1a: dank shit
|-activate|p1a: dank shit|move: Protect
|
|turn|14
|choice|move disable|move dragonpulse
|
|move|p1a: dank shit|Disable|p2a: Flygon
|-start|p2a: Flygon|Disable|Dragon Pulse
|cant|p2a: Flygon|Disable|Dragon Pulse
|
|turn|15
|choice|move shadowclaw|move struggle
|
|-activate|p2a: Flygon|move: Struggle
|move|p2a: Flygon|Struggle|p1a: dank shit
|-damage|p1a: dank shit|73\/332
|-damage|p2a: Flygon|190\/301|[from] recoil
|move|p1a: dank shit|Shadow Claw|p2a: Flygon
|-damage|p2a: Flygon|4\/301
|
|turn|16
|choice|move pursuit|move struggle
|
|-activate|p2a: Flygon|move: Struggle
|move|p2a: Flygon|Struggle|p1a: dank shit
|-damage|p1a: dank shit|25\/332
|-damage|p2a: Flygon|0 fnt|[from] recoil
|faint|p2a: Flygon
|move|p1a: dank shit|Pursuit|p2: Flygon|[notarget]
|-notarget
|
|c|★rubix cubes|that is some dank shit
|choice||switch 3
|
|switch|p2a: Registeel|Registeel, shiny|364\/364
|-damage|p2a: Registeel|319\/364|[from] Spikes
|-damage|p2a: Registeel|297\/364|[from] Stealth Rock
|turn|17
|c|★rubix cubes|and it works
|choice|move protect|move irondefense
|
|move|p1a: dank shit|Protect|p1a: dank shit
|-singleturn|p1a: dank shit|Protect
|move|p2a: Registeel|Iron Defense|p2a: Registeel
|-boost|p2a: Registeel|def|2
|
|-heal|p2a: Registeel|319\/364|[from] item: Leftovers
|turn|18
|c|★helreg2|i love disable bannette
|choice|move disable|move stealthrock
|
|move|p1a: dank shit|Disable|p2a: Registeel
|-start|p2a: Registeel|Disable|Iron Defense
|move|p2a: Registeel|Stealth Rock|p1a: dank shit
|-sidestart|p1: rubix cubes|move: Stealth Rock
|
|-heal|p2a: Registeel|341\/364|[from] item: Leftovers
|turn|19
|choice|move shadowclaw|move seismictoss
|
|move|p1a: dank shit|Shadow Claw|p2a: Registeel
|-damage|p2a: Registeel|278\/364
|move|p2a: Registeel|Seismic Toss|p1a: dank shit
|-immune|p1a: dank shit|[msg]
|
|-heal|p2a: Registeel|300\/364|[from] item: Leftovers
|turn|20
|c|★rubix cubes|it actually works
|c|★rubix cubes|you can't touch me can you?
|c|★helreg2|fuck
|choice|move shadowclaw|switch 6
|
|switch|p2a: Venusaur|Venusaur, F, shiny|363\/363
|-damage|p2a: Venusaur|318\/363|[from] Spikes
|-damage|p2a: Venusaur|273\/363|[from] Stealth Rock
|move|p1a: dank shit|Shadow Claw|p2a: Venusaur
|-crit|p2a: Venusaur
|-damage|p2a: Venusaur|0 fnt
|faint|p2a: Venusaur
|
|c|★rubix cubes|lol
|c|★rubix cubes|LOL
|c|★helreg2|omg
|choice||switch 2
|
|switch|p2a: Jellicent|Jellicent, F|404\/404
|-damage|p2a: Jellicent|354\/404|[from] Spikes
|-damage|p2a: Jellicent|304\/404|[from] Stealth Rock
|turn|21
|choice|move shadowclaw|move recover
|
|move|p1a: dank shit|Shadow Claw|p2a: Jellicent
|-supereffective|p2a: Jellicent
|-damage|p2a: Jellicent|0 fnt
|faint|p2a: Jellicent
|
|-message|helreg2 forfeited.
|l|helreg2
|c|★rubix cubes|not quite a sweep but still hilarious
|
|win|rubix cubes
|l|rubix cubes
|player|p2
|player|p1
|j|rubix cubes</script>
</div>
<div class="battle-log battle-log-inline"><div class="inner"><div class="battle-options"></div><div class="inner"><div class="chat"><small>rubix cubes joined.</small></div><div class="chat"><small>helreg2 joined.</small></div><div class=""><small>Format:</small> <br><strong>RU</strong></div><div class="rated"><strong>Rated battle</strong></div><div class=""><small><em>Sleep Clause Mod:</em> Limit one foe put to sleep</small></div><div class=""><small><em>Species Clause:</em> Limit one of each Pokémon</small></div><div class=""><small><em>OHKO Clause:</em> OHKO moves are banned</small></div><div class=""><small><em>Moody Clause:</em> Moody is banned</small></div><div class=""><small><em>Evasion Moves Clause:</em> Evasion moves are banned</small></div><div class=""><small><em>Endless Battle Clause:</em> Forcing endless battles is banned</small></div><div class=""><small><em>HP Percentage Mod:</em> HP is shown in percentages</small></div><div class=""><small><em>Swagger Clause:</em> Swagger is banned</small></div><div class=""><small><em>Baton Pass Clause:</em> Limit one Baton Passer, can't pass Spe and other stats simultaneously</small></div><div class="chat battle-history"><strong>rubix cubes's team:</strong> <em style="color:#445566;display:block;">Banette / Omastar / Ambipom / Escavalier / Braviary / Uxie</em></div><div class="chat battle-history"><strong>helreg2's team:</strong> <em style="color:#445566;display:block;">Eelektross / Jellicent / Registeel / Hitmonlee / Flygon / Venusaur</em></div><div class="spacer battle-history"><br></div><div class="battle-history">Battle started between rubix cubes and helreg2!<br></div><div class="spacer battle-history"><br></div><div class="battle-history">Go! <strong>Omastar</strong>!<br></div><div class="spacer battle-history"><br></div><div class="battle-history">helreg2 sent out <strong>Eelektross</strong>!<br></div><div class="spacer battle-history"><br></div><h2 class="battle-history">Turn 1</h2><div class="spacer battle-history"><br></div><div class="battle-history">Omastar used <strong>Stealth Rock</strong>!<br></div><div class="battle-history"><small>Pointed stones float in the air around the opposing team!</small><br></div><div class="spacer battle-history"><br></div><div class="battle-history">The opposing Eelektross used <strong>Wild Charge</strong>!<br></div><div class="battle-history"><small>It's super effective!</small><br></div><div class="battle-history"><small>A critical hit!</small><br></div><div class="battle-history"><small>Omastar hung on using its Focus Sash!</small><br></div><div class="battle-history"><small>(Omastar lost <abbr title="−280/281">99.6%</abbr> of its health!)</small><br></div><div class="battle-history"><small>[Omastar's Weak Armor]</small><br></div><div class="battle-history"><small>Omastar's Defense fell!</small><br></div><div class="battle-history"><small>Omastar's Speed rose!</small><br></div><div class="battle-history"><small>The opposing Eelektross is damaged by the recoil!</small><br></div><div class="spacer battle-history"><br></div><h2 class="battle-history">Turn 2</h2><div class="spacer battle-history"><br></div><div class="battle-history">Omastar used <strong>Spikes</strong>!<br></div><div class="battle-history"><small>Spikes were scattered on the ground all around the opposing team!</small><br></div><div class="spacer battle-history"><br></div><div class="battle-history">The opposing Eelektross used <strong>Knock Off</strong>!<br></div><div class="battle-history"><small>(Omastar lost <abbr title="−1/281">0.4%</abbr> of its health!)</small><br></div><div class="spacer battle-history"><br></div><div class="battle-history">Omastar fainted!<br></div><div class="spacer battle-history"><br></div><div class="battle-history">Go! <strong>Uxie</strong>!<br></div><div class="spacer battle-history"><br></div><h2 class="battle-history">Turn 3</h2><div class="spacer battle-history"><br></div><div class="battle-history">Uxie used <strong>Psyshock</strong>!<br></div><div class="battle-history"><small>(The opposing Eelektross lost <abbr title="−96/374">25.7%</abbr> of its health!)</small><br></div><div class="spacer battle-history"><br></div><div class="battle-history">The opposing Eelektross used <strong>Knock Off</strong>!<br></div><div class="battle-history"><small>It's super effective!</small><br></div><div class="battle-history"><small>(Uxie lost <abbr title="−160/354">45.2%</abbr> of its health!)</small><br></div><div class="battle-history"><small>The opposing Eelektross knocked off Uxie's Leftovers!</small><br></div><div class="spacer battle-history"><br></div><h2 class="battle-history">Turn 4</h2><div class="spacer battle-history"><br></div><div class="battle-history">Uxie used <strong>Knock Off</strong>!<br></div><div class="battle-history"><small>(The opposing Eelektross lost <abbr title="−64/374">17.1%</abbr> of its health!)</small><br></div><div class="battle-history"><small>Uxie knocked off the opposing Eelektross's Assault Vest!</small><br></div><div class="spacer battle-history"><br></div><div class="battle-history">The opposing Eelektross used <strong>U-turn</strong>!<br></div><div class="battle-history"><small>It's super effective!</small><br></div><div class="battle-history"><small>(Uxie lost <abbr title="−130/354">36.7%</abbr> of its health!)</small><br></div><div class="spacer battle-history"><br></div><div class="battle-history">The opposing Eelektross went back to helreg2!<br></div><div class="battle-history">helreg2 sent out <strong>Flygon</strong>!<br></div><div class="battle-history"><small>Pointed stones dug into the opposing Flygon!</small><br></div><div class="spacer battle-history"><br></div><h2 class="battle-history">Turn 5</h2><div class="spacer battle-history"><br></div><div class="battle-history">The opposing Flygon used <strong>Dragon Pulse</strong>!<br></div><div class="battle-history"><small>(Uxie lost <abbr title="−64/354">18.1%</abbr> of its health!)</small><br></div><div class="spacer battle-history"><br></div><div class="battle-history">Uxie fainted!<br></div><div class="spacer battle-history"><br></div><div class="battle-history">Go! <strong>Escavalier</strong>!<br></div><div class="spacer battle-history"><br></div><h2 class="battle-history">Turn 6</h2><div class="spacer battle-history"><br></div><div class="battle-history">helreg2 withdrew Flygon!<br></div><div class="battle-history">helreg2 sent out <strong>Eelektross</strong>!<br></div><div class="battle-history"><small>Pointed stones dug into the opposing Eelektross!</small><br></div><div class="spacer battle-history"><br></div><div class="battle-history">Escavalier used <strong>Megahorn</strong>!<br></div><div class="battle-history"><small>The opposing Eelektross avoided the attack!</small><br></div><div class="spacer battle-history"><br></div><h2 class="battle-history">Turn 7</h2><div class="chat chatmessage-rubixcubes"><strong style="color:hsl(42,63%,34%)"><small>★</small><span class="username" data-name="rubix cubes">rubix cubes</span>:</strong> <em>fuck</em></div><div class="chat chatmessage-helreg2"><strong style="color:hsl(240,69%,65.63300241328535%)"><small>★</small><span class="username" data-name="helreg2">helreg2</span>:</strong> <em>ox</em></div><div class="spacer battle-history"><br></div><div class="battle-history">The opposing Eelektross used <strong>Knock Off</strong>!<br></div><div class="battle-history"><small>(Escavalier lost <abbr title="−102/324">31.5%</abbr> of its health!)</small><br></div><div class="battle-history"><small>The opposing Eelektross knocked off Escavalier's Assault Vest!</small><br></div><div class="spacer battle-history"><br></div><div class="battle-history">Escavalier used <strong>Megahorn</strong>!<br></div><div class="battle-history"><small>(The opposing Eelektross lost <abbr title="−98/374">26.2%</abbr> of its health!)</small><br></div><div class="spacer battle-history"><br></div><div class="battle-history">The opposing Eelektross fainted!<br></div><div class="chat chatmessage-helreg2"><strong style="color:hsl(240,69%,65.63300241328535%)"><small>★</small><span class="username" data-name="helreg2">helreg2</span>:</strong> <em>soz</em></div><div class="spacer battle-history"><br></div><div class="battle-history">helreg2 sent out <strong>Hitmonlee</strong>!<br></div><div class="battle-history"><small>The opposing Hitmonlee is hurt by the spikes!</small><br></div><div class="battle-history"><small>Pointed stones dug into the opposing Hitmonlee!</small><br></div><div class="spacer battle-history"><br></div><h2 class="battle-history">Turn 8</h2><div class="spacer battle-history"><br></div><div class="battle-history">The opposing Hitmonlee used <strong>Endure</strong>!<br></div><div class="battle-history"><small>The opposing Hitmonlee braced itself!</small><br></div><div class="spacer battle-history"><br></div><div class="battle-history">Escavalier used <strong>Iron Head</strong>!<br></div><div class="battle-history"><small>The opposing Hitmonlee endured the hit!</small><br></div><div class="battle-history"><small>(The opposing Hitmonlee lost <abbr title="−195/241">80.9%</abbr> of its health!)</small><br></div><div class="battle-history"><small>The opposing Hitmonlee ate its Liechi Berry!</small><br></div><div class="battle-history"><small>The opposing Hitmonlee's Attack rose!</small><br></div><div class="spacer battle-history"><br></div><h2 class="battle-history">Turn 9</h2><div class="spacer battle-history"><br></div><div class="battle-history">The opposing Hitmonlee used <strong>Blaze Kick</strong>!<br></div><div class="battle-history"><small>It's super effective!</small><br></div><div class="battle-history"><small>(Escavalier lost <abbr title="−222/324">68.5%</abbr> of its health!)</small><br></div><div class="spacer battle-history"><br></div><div class="battle-history">Escavalier fainted!<br></div><div class="spacer battle-history"><br></div><div class="battle-history">Go! dank shit (<strong>Banette</strong>)!<br></div><div class="spacer battle-history"><br></div><h2 class="battle-history">Turn 10</h2><div class="spacer battle-history"><br></div><div class="battle-history"><small>dank shit's Banettite is reacting to rubix cubes's Mega Bracelet!</small><br>dank shit has Mega Evolved into Mega Banette!<br></div><div class="spacer battle-history"><br></div><div class="battle-history">dank shit used <strong>Protect</strong>!<br></div><div class="battle-history"><small>dank shit protected itself!</small><br></div><div class="spacer battle-history"><br></div><div class="battle-history">The opposing Hitmonlee used <strong>Knock Off</strong>!<br></div><div class="battle-history"><small>dank shit protected itself!</small><br></div><div class="spacer battle-history"><br></div><h2 class="battle-history">Turn 11</h2><div class="spacer battle-history"><br></div><div class="battle-history">dank shit used <strong>Disable</strong>!<br></div><div class="battle-history"><small>The opposing Hitmonlee's Knock Off was disabled!</small><br></div><div class="spacer battle-history"><br></div><div class="battle-history">The opposing Hitmonlee can't use Knock Off!<br></div><div class="spacer battle-history"><br></div><h2 class="battle-history">Turn 12</h2><div class="chat chatmessage-rubixcubes"><strong style="color:hsl(42,63%,34%)"><small>★</small><span class="username" data-name="rubix cubes">rubix cubes</span>:</strong> <em>does the meme work</em></div><div class="chat chatmessage-rubixcubes"><strong style="color:hsl(42,63%,34%)"><small>★</small><span class="username" data-name="rubix cubes">rubix cubes</span>:</strong> <em>oh my god the meme works</em></div><div class="spacer battle-history"><br></div><div class="battle-history">The opposing Hitmonlee used <strong>Blaze Kick</strong>!<br></div><div class="battle-history"><small>(dank shit lost <abbr title="−213/332">64.2%</abbr> of its health!)</small><br></div><div class="spacer battle-history"><br></div><div class="battle-history">dank shit used <strong>Pursuit</strong>!<br></div><div class="battle-history"><small>It's not very effective...</small><br></div><div class="battle-history"><small>(The opposing Hitmonlee lost <abbr title="−1/241">0.4%</abbr> of its health!)</small><br></div><div class="spacer battle-history"><br></div><div class="battle-history">The opposing Hitmonlee fainted!<br></div><div class="chat chatmessage-helreg2"><strong style="color:hsl(240,69%,65.63300241328535%)"><small>★</small><span class="username" data-name="helreg2">helreg2</span>:</strong> <em>thhe meme dream</em></div><div class="spacer battle-history"><br></div><div class="battle-history">helreg2 sent out <strong>Flygon</strong>!<br></div><div class="battle-history"><small>Pointed stones dug into the opposing Flygon!</small><br></div><div class="spacer battle-history"><br></div><h2 class="battle-history">Turn 13</h2><div class="spacer battle-history"><br></div><div class="battle-history">dank shit used <strong>Protect</strong>!<br></div><div class="battle-history"><small>dank shit protected itself!</small><br></div><div class="spacer battle-history"><br></div><div class="battle-history">The opposing Flygon used <strong>Dragon Pulse</strong>!<br></div><div class="battle-history"><small>dank shit protected itself!</small><br></div><div class="spacer battle-history"><br></div><h2 class="battle-history">Turn 14</h2><div class="spacer battle-history"><br></div><div class="battle-history">dank shit used <strong>Disable</strong>!<br></div><div class="battle-history"><small>The opposing Flygon's Dragon Pulse was disabled!</small><br></div><div class="spacer battle-history"><br></div><div class="battle-history">The opposing Flygon can't use Dragon Pulse!<br></div><div class="spacer battle-history"><br></div><h2 class="battle-history">Turn 15</h2><div class="spacer battle-history"><br></div><div class="battle-history"><small>The opposing Flygon has no moves left!</small><br></div><div class="spacer battle-history"><br></div><div class="battle-history">The opposing Flygon used <strong>Struggle</strong>!<br></div><div class="battle-history"><small>(dank shit lost <abbr title="−46/332">13.9%</abbr> of its health!)</small><br></div><div class="battle-history"><small>The opposing Flygon is damaged by the recoil!</small><br></div><div class="spacer battle-history"><br></div><div class="battle-history">dank shit used <strong>Shadow Claw</strong>!<br></div><div class="battle-history"><small>(The opposing Flygon lost <abbr title="−186/301">61.8%</abbr> of its health!)</small><br></div><div class="spacer battle-history"><br></div><h2 class="battle-history">Turn 16</h2><div class="spacer battle-history"><br></div><div class="battle-history"><small>The opposing Flygon has no moves left!</small><br></div><div class="spacer battle-history"><br></div><div class="battle-history">The opposing Flygon used <strong>Struggle</strong>!<br></div><div class="battle-history"><small>(dank shit lost <abbr title="−48/332">14.5%</abbr> of its health!)</small><br></div><div class="battle-history"><small>The opposing Flygon is damaged by the recoil!</small><br></div><div class="spacer battle-history"><br></div><div class="battle-history">The opposing Flygon fainted!<br></div><div class="battle-history">dank shit used <strong>Pursuit</strong>!<br></div><div class="battle-history"><small>But there was no target...</small><br></div><div class="chat chatmessage-rubixcubes"><strong style="color:hsl(42,63%,34%)"><small>★</small><span class="username" data-name="rubix cubes">rubix cubes</span>:</strong> <em>that is some dank shit</em></div><div class="spacer battle-history"><br></div><div class="battle-history">helreg2 sent out <strong>Registeel</strong>!<br></div><div class="battle-history"><small>The opposing Registeel is hurt by the spikes!</small><br></div><div class="battle-history"><small>Pointed stones dug into the opposing Registeel!</small><br></div><div class="spacer battle-history"><br></div><h2 class="battle-history">Turn 17</h2><div class="chat chatmessage-rubixcubes"><strong style="color:hsl(42,63%,34%)"><small>★</small><span class="username" data-name="rubix cubes">rubix cubes</span>:</strong> <em>and it works</em></div><div class="spacer battle-history"><br></div><div class="battle-history">dank shit used <strong>Protect</strong>!<br></div><div class="battle-history"><small>dank shit protected itself!</small><br></div><div class="spacer battle-history"><br></div><div class="battle-history">The opposing Registeel used <strong>Iron Defense</strong>!<br></div><div class="battle-history"><small>The opposing Registeel's Defense rose sharply!</small><br></div><div class="spacer battle-history"><br></div><div class="battle-history"><small>The opposing Registeel restored a little HP using its Leftovers!</small><br></div><div class="spacer battle-history"><br></div><h2 class="battle-history">Turn 18</h2><div class="chat chatmessage-helreg2"><strong style="color:hsl(240,69%,65.63300241328535%)"><small>★</small><span class="username" data-name="helreg2">helreg2</span>:</strong> <em>i love disable bannette</em></div><div class="spacer battle-history"><br></div><div class="battle-history">dank shit used <strong>Disable</strong>!<br></div><div class="battle-history"><small>The opposing Registeel's Iron Defense was disabled!</small><br></div><div class="spacer battle-history"><br></div><div class="battle-history">The opposing Registeel used <strong>Stealth Rock</strong>!<br></div><div class="battle-history"><small>Pointed stones float in the air around your team!</small><br></div><div class="spacer battle-history"><br></div><div class="battle-history"><small>The opposing Registeel restored a little HP using its Leftovers!</small><br></div><div class="spacer battle-history"><br></div><h2 class="battle-history">Turn 19</h2><div class="spacer battle-history"><br></div><div class="battle-history">dank shit used <strong>Shadow Claw</strong>!<br></div><div class="battle-history"><small>(The opposing Registeel lost <abbr title="−63/364">17.3%</abbr> of its health!)</small><br></div><div class="spacer battle-history"><br></div><div class="battle-history">The opposing Registeel used <strong>Seismic Toss</strong>!<br></div><div class="battle-history"><small>It doesn't affect dank shit...</small><br></div><div class="spacer battle-history"><br></div><div class="battle-history"><small>The opposing Registeel restored a little HP using its Leftovers!</small><br></div><div class="spacer battle-history"><br></div><h2 class="battle-history">Turn 20</h2><div class="chat chatmessage-rubixcubes"><strong style="color:hsl(42,63%,34%)"><small>★</small><span class="username" data-name="rubix cubes">rubix cubes</span>:</strong> <em>it actually works</em></div><div class="chat chatmessage-rubixcubes"><strong style="color:hsl(42,63%,34%)"><small>★</small><span class="username" data-name="rubix cubes">rubix cubes</span>:</strong> <em>you can't touch me can you?</em></div><div class="chat chatmessage-helreg2"><strong style="color:hsl(240,69%,65.63300241328535%)"><small>★</small><span class="username" data-name="helreg2">helreg2</span>:</strong> <em>fuck</em></div><div class="spacer battle-history"><br></div><div class="battle-history">helreg2 withdrew Registeel!<br></div><div class="battle-history">helreg2 sent out <strong>Venusaur</strong>!<br></div><div class="battle-history"><small>The opposing Venusaur is hurt by the spikes!</small><br></div><div class="battle-history"><small>Pointed stones dug into the opposing Venusaur!</small><br></div><div class="spacer battle-history"><br></div><div class="battle-history">dank shit used <strong>Shadow Claw</strong>!<br></div><div class="battle-history"><small>A critical hit!</small><br></div><div class="battle-history"><small>(The opposing Venusaur lost <abbr title="−273/363">75.2%</abbr> of its health!)</small><br></div><div class="spacer battle-history"><br></div><div class="battle-history">The opposing Venusaur fainted!<br></div><div class="chat chatmessage-rubixcubes"><strong style="color:hsl(42,63%,34%)"><small>★</small><span class="username" data-name="rubix cubes">rubix cubes</span>:</strong> <em>lol</em></div><div class="chat chatmessage-rubixcubes"><strong style="color:hsl(42,63%,34%)"><small>★</small><span class="username" data-name="rubix cubes">rubix cubes</span>:</strong> <em>LOL</em></div><div class="chat chatmessage-helreg2"><strong style="color:hsl(240,69%,65.63300241328535%)"><small>★</small><span class="username" data-name="helreg2">helreg2</span>:</strong> <em>omg</em></div><div class="spacer battle-history"><br></div><div class="battle-history">helreg2 sent out <strong>Jellicent</strong>!<br></div><div class="battle-history"><small>The opposing Jellicent is hurt by the spikes!</small><br></div><div class="battle-history"><small>Pointed stones dug into the opposing Jellicent!</small><br></div><div class="spacer battle-history"><br></div><h2 class="battle-history">Turn 21</h2><div class="spacer battle-history"><br></div><div class="battle-history">dank shit used <strong>Shadow Claw</strong>!<br></div><div class="battle-history"><small>It's super effective!</small><br></div><div class="battle-history"><small>(The opposing Jellicent lost <abbr title="−304/404">75.2%</abbr> of its health!)</small><br></div><div class="spacer battle-history"><br></div><div class="battle-history">The opposing Jellicent fainted!<br></div><div class="spacer battle-history"><br></div><div class="battle-history"><small>helreg2 forfeited.</small><br></div><div class="chat"><small>helreg2 left.</small></div><div class="chat chatmessage-rubixcubes"><strong style="color:hsl(42,63%,34%)"><small>★</small><span class="username" data-name="rubix cubes">rubix cubes</span>:</strong> <em>not quite a sweep but still hilarious</em></div><div class="spacer battle-history"><br></div><div class="battle-history"><strong>rubix cubes</strong> won the battle!<br></div><div class="chat"><small>rubix cubes left.</small></div><div class="chat"><small>rubix cubes joined.</small></div></div><div class="inner-preempt"></div></div></div>
</div>
<script>
let daily = Math.floor(Date.now()/1000/60/60/24);document.write('<script src="https://play.pokemonshowdown.com/js/replay-embed.js?version'+daily+'"></'+'script>');
</script>
