<!DOCTYPE html>
<meta charset="utf-8" />
<!-- version 1 -->
<title>RU replay: xxkazixx vs. LCezasfuck</title>
<style>
html,body {font-family:Verdana, sans-serif;font-size:10pt;margin:0;padding:0;}body{padding:12px 0;} .battle-log {font-family:Verdana, sans-serif;font-size:10pt;} .battle-log-inline {border:1px solid #AAAAAA;background:#EEF2F5;color:black;max-width:640px;margin:0 auto 80px;padding-bottom:5px;} .battle-log .inner {padding:4px 8px 0px 8px;} .battle-log .inner-preempt {padding:0 8px 4px 8px;} .battle-log .inner-after {margin-top:0.5em;} .battle-log h2 {margin:0.5em -8px;padding:4px 8px;border:1px solid #AAAAAA;background:#E0E7EA;border-left:0;border-right:0;font-family:Verdana, sans-serif;font-size:13pt;} .battle-log .chat {vertical-align:middle;padding:3px 0 3px 0;font-size:8pt;} .battle-log .chat strong {color:#40576A;} .battle-log .chat em {padding:1px 4px 1px 3px;color:#000000;font-style:normal;} .chat.mine {background:rgba(0,0,0,0.05);margin-left:-8px;margin-right:-8px;padding-left:8px;padding-right:8px;} .spoiler {color:#BBBBBB;background:#BBBBBB;padding:0px 3px;} .spoiler:hover, .spoiler:active, .spoiler-shown {color:#000000;background:#E2E2E2;padding:0px 3px;} .spoiler a {color:#BBBBBB;} .spoiler:hover a, .spoiler:active a, .spoiler-shown a {color:#2288CC;} .chat code, .chat .spoiler:hover code, .chat .spoiler:active code, .chat .spoiler-shown code {border:1px solid #C0C0C0;background:#EEEEEE;color:black;padding:0 2px;} .chat .spoiler code {border:1px solid #CCCCCC;background:#CCCCCC;color:#CCCCCC;} .battle-log .rated {padding:3px 4px;} .battle-log .rated strong {color:white;background:#89A;padding:1px 4px;border-radius:4px;} .spacer {margin-top:0.5em;} .message-announce {background:#6688AA;color:white;padding:1px 4px 2px;} .message-announce a, .broadcast-green a, .broadcast-blue a, .broadcast-red a {color:#DDEEFF;} .broadcast-green {background-color:#559955;color:white;padding:2px 4px;} .broadcast-blue {background-color:#6688AA;color:white;padding:2px 4px;} .infobox {border:1px solid #6688AA;padding:2px 4px;} .infobox-limited {max-height:200px;overflow:auto;overflow-x:hidden;} .broadcast-red {background-color:#AA5544;color:white;padding:2px 4px;} .message-learn-canlearn {font-weight:bold;color:#228822;text-decoration:underline;} .message-learn-cannotlearn {font-weight:bold;color:#CC2222;text-decoration:underline;} .message-effect-weak {font-weight:bold;color:#CC2222;} .message-effect-resist {font-weight:bold;color:#6688AA;} .message-effect-immune {font-weight:bold;color:#666666;} .message-learn-list {margin-top:0;margin-bottom:0;} .message-throttle-notice, .message-error {color:#992222;} .message-overflow, .chat small.message-overflow {font-size:0pt;} .message-overflow::before {font-size:9pt;content:'...';} .subtle {color:#3A4A66;}
</style>
<div class="wrapper replay-wrapper" style="max-width:1180px;margin:0 auto">
<input type="hidden" name="replayid" value="ru-528554361" />
<div class="battle"></div><div class="battle-log"></div><div class="replay-controls"></div><div class="replay-controls-2"></div>
<h1 style="font-weight:normal;text-align:center"><strong>RU</strong><br /><a href="http://pokemonshowdown.com/users/xxkazixx" class="subtle" target="_blank">xxkazixx</a> vs. <a href="http://pokemonshowdown.com/users/lcezasfuck" class="subtle" target="_blank">LCezasfuck</a></h1>
<script type="text/plain" class="battle-log-data">|j|xxkazixx
|j|LCezasfuck
|player|p1|xxkazixx|265
|player|p2|LCezasfuck|184
|gametype|singles
|gen|6
|tier|RU
|seed|60245,15686,36673,54419
|rule|Sleep Clause Mod: Limit one foe put to sleep
|rule|Species Clause: Limit one of each Pokémon
|rule|OHKO Clause: OHKO moves are banned
|rule|Moody Clause: Moody is banned
|rule|Evasion Moves Clause: Evasion moves are banned
|rule|Endless Battle Clause: Forcing endless battles is banned
|rule|HP Percentage Mod: HP is shown in percentages
|clearpoke
|poke|p1|Virizion|item
|poke|p1|Houndoom, M|item
|poke|p1|Escavalier, M|item
|poke|p1|Uxie|item
|poke|p1|Qwilfish, M|item
|poke|p1|Flygon, M|item
|poke|p2|Alomomola, M|item
|poke|p2|Togetic, F|item
|poke|p2|Bronzong|item
|poke|p2|Virizion|item
|poke|p2|Glalie, M|item
|poke|p2|Hitmontop, M|item
|rule|Swagger Clause: Swagger is banned
|rule|Baton Pass Clause: Limit one Baton Passer, can't pass Spe and other stats simultaneously
|teampreview
|j|hannesthemenace
|choice|team 5, team 2, team 3, team 4, team 1, team 6|team 1, team 2, team 3, team 4, team 5, team 6
|
|start
|switch|p1a: Qwilfish|Qwilfish, M|334\/334
|switch|p2a: Bored world|Alomomola, M|534\/534
|-ability|p1a: Qwilfish|Intimidate|boost
|-unboost|p2a: Bored world|atk|1
|turn|1
|choice|move thunderwave|move scald
|
|move|p1a: Qwilfish|Thunder Wave|p2a: Bored world
|-status|p2a: Bored world|par
|move|p2a: Bored world|Scald|p1a: Qwilfish
|-resisted|p1a: Qwilfish
|-crit|p1a: Qwilfish
|-damage|p1a: Qwilfish|280\/334
|-status|p1a: Qwilfish|brn
|
|-heal|p1a: Qwilfish|300\/334 brn|[from] item: Black Sludge
|-damage|p1a: Qwilfish|259\/334 brn|[from] brn
|upkeep
|turn|2
|choice|move taunt|switch 6
|
|switch|p2a: Bulk up sweep mach|Hitmontop, M|304\/304
|-ability|p2a: Bulk up sweep mach|Intimidate|boost
|-unboost|p1a: Qwilfish|atk|1
|move|p1a: Qwilfish|Taunt|p2a: Bulk up sweep mach
|-start|p2a: Bulk up sweep mach|move: Taunt
|
|-heal|p1a: Qwilfish|279\/334 brn|[from] item: Black Sludge
|-damage|p1a: Qwilfish|238\/334 brn|[from] brn
|upkeep
|turn|3
|choice|move thunderwave|move closecombat
|
|move|p1a: Qwilfish|Thunder Wave|p2a: Bulk up sweep mach
|-status|p2a: Bulk up sweep mach|par
|move|p2a: Bulk up sweep mach|Close Combat|p1a: Qwilfish
|-resisted|p1a: Qwilfish
|-damage|p1a: Qwilfish|176\/334 brn
|-unboost|p2a: Bulk up sweep mach|def|1
|-unboost|p2a: Bulk up sweep mach|spd|1
|
|-heal|p1a: Qwilfish|196\/334 brn|[from] item: Black Sludge
|-damage|p1a: Qwilfish|155\/334 brn|[from] brn
|upkeep
|turn|4
|choice|move scald|move rapidspin
|
|move|p1a: Qwilfish|Scald|p2a: Bulk up sweep mach
|-damage|p2a: Bulk up sweep mach|219\/304 par
|-enditem|p2a: Bulk up sweep mach|Red Card|[of] p1a: Qwilfish
|drag|p1a: Uxie|Uxie|291\/291
|cant|p2a: Bulk up sweep mach|par
|
|-end|p2a: Bulk up sweep mach|move: Taunt
|upkeep
|turn|5
|choice|move psychic|switch 2
|
|switch|p2a: I hate my life|Togetic, F|314\/314
|move|p1a: Uxie|Psychic|p2a: I hate my life
|-damage|p2a: I hate my life|256\/314
|-unboost|p2a: I hate my life|spd|1
|
|upkeep
|turn|6
|choice|move thunderwave|move healbell
|
|move|p1a: Uxie|Thunder Wave|p2a: I hate my life
|-status|p2a: I hate my life|par
|move|p2a: I hate my life|Heal Bell|p2a: I hate my life
|-activate|p2a: I hate my life|move: Heal Bell
|-curestatus|p2a: I hate my life|par|[msg]
|-curestatus|p2: Bulk up sweep mach|par|[msg]
|-curestatus|p2: Bored world|par|[msg]
|
|upkeep
|turn|7
|choice|move psychic|move flamethrower
|
|move|p1a: Uxie|Psychic|p2a: I hate my life
|-damage|p2a: I hate my life|169\/314
|move|p2a: I hate my life|Flamethrower|p1a: Uxie
|-damage|p1a: Uxie|248\/291
|-status|p1a: Uxie|brn
|
|-damage|p1a: Uxie|212\/291 brn|[from] brn
|upkeep
|turn|8
|choice|move stealthrock|move roost
|
|move|p1a: Uxie|Stealth Rock|p2a: I hate my life
|-sidestart|p2: LCezasfuck|move: Stealth Rock
|move|p2a: I hate my life|Roost|p2a: I hate my life
|-heal|p2a: I hate my life|314\/314
|
|-damage|p1a: Uxie|176\/291 brn|[from] brn
|upkeep
|turn|9
|choice|move thunderwave|move defog
|
|move|p1a: Uxie|Thunder Wave|p2a: I hate my life
|-status|p2a: I hate my life|par
|move|p2a: I hate my life|Defog|p1a: Uxie
|-unboost|p1a: Uxie|evasion|1
|-sideend|p2: LCezasfuck|Stealth Rock|[from] move: Defog|[of] p2a: I hate my life
|
|-damage|p1a: Uxie|140\/291 brn|[from] brn
|upkeep
|turn|10
|choice|move stealthrock|switch 3
|
|switch|p2a: U know my pain?|Bronzong|338\/338
|move|p1a: Uxie|Stealth Rock|p2a: U know my pain?
|-sidestart|p2: LCezasfuck|move: Stealth Rock
|
|-damage|p1a: Uxie|104\/291 brn|[from] brn
|upkeep
|turn|11
|choice|move thunderwave|move lightscreen
|
|move|p1a: Uxie|Thunder Wave|p2a: U know my pain?
|-status|p2a: U know my pain?|par
|move|p2a: U know my pain?|Light Screen|p2a: U know my pain?
|-sidestart|p2: LCezasfuck|move: Light Screen
|
|-damage|p1a: Uxie|68\/291 brn|[from] brn
|upkeep
|turn|12
|choice|switch 2|switch 3
|
|switch|p1a: Houndoom|Houndoom, M|291\/291
|switch|p2a: I hate my life|Togetic, F|314\/314 par
|-damage|p2a: I hate my life|236\/314 par|[from] Stealth Rock
|
|upkeep
|turn|13
|choice|move fireblast|move defog
|
|move|p1a: Houndoom|Fire Blast|p2a: I hate my life
|-damage|p2a: I hate my life|192\/314 par
|-damage|p1a: Houndoom|262\/291|[from] item: Life Orb
|move|p2a: I hate my life|Defog|p1a: Houndoom
|-unboost|p1a: Houndoom|evasion|1
|-sideend|p2: LCezasfuck|Stealth Rock|[from] move: Defog|[of] p2a: I hate my life
|
|upkeep
|turn|14
|choice|move fireblast|move healbell
|
|move|p1a: Houndoom|Fire Blast|p2a: I hate my life
|-damage|p2a: I hate my life|149\/314 par
|-damage|p1a: Houndoom|233\/291|[from] item: Life Orb
|cant|p2a: I hate my life|par
|
|upkeep
|turn|15
|choice|move fireblast|move roost
|
|move|p1a: Houndoom|Fire Blast|p2a: I hate my life
|-damage|p2a: I hate my life|104\/314 par
|-damage|p1a: Houndoom|204\/291|[from] item: Life Orb
|move|p2a: I hate my life|Roost|p2a: I hate my life
|-heal|p2a: I hate my life|261\/314 par
|
|-sideend|p2: LCezasfuck|move: Light Screen
|upkeep
|turn|16
|choice|move pursuit|move healbell
|
|move|p1a: Houndoom|Pursuit|p2a: I hate my life
|-resisted|p2a: I hate my life
|-damage|p2a: I hate my life|234\/314 par
|-damage|p1a: Houndoom|175\/291|[from] item: Life Orb
|move|p2a: I hate my life|Heal Bell|p2a: I hate my life
|-activate|p2a: I hate my life|move: Heal Bell
|-curestatus|p2a: I hate my life|par|[msg]
|-curestatus|p2: U know my pain?|par|[msg]
|
|upkeep
|turn|17
|choice|move pursuit|move roost
|
|move|p1a: Houndoom|Pursuit|p2a: I hate my life
|-resisted|p2a: I hate my life
|-damage|p2a: I hate my life|205\/314
|-damage|p1a: Houndoom|146\/291|[from] item: Life Orb
|move|p2a: I hate my life|Roost|p2a: I hate my life
|-heal|p2a: I hate my life|314\/314
|
|upkeep
|turn|18
|choice|switch 4|move roost
|
|switch|p1a: Qwilfish|Qwilfish, M|155\/334 brn
|-ability|p1a: Qwilfish|Intimidate|boost
|-unboost|p2a: I hate my life|atk|1
|move|p2a: I hate my life|Roost|p2a: I hate my life
|-fail|p2a: I hate my life
|
|-heal|p1a: Qwilfish|175\/334 brn|[from] item: Black Sludge
|-damage|p1a: Qwilfish|134\/334 brn|[from] brn
|upkeep
|turn|19
|choice|move taunt|switch 2
|
|switch|p2a: Bulk up sweep mach|Hitmontop, M|219\/304
|-ability|p2a: Bulk up sweep mach|Intimidate|boost
|-unboost|p1a: Qwilfish|atk|1
|move|p1a: Qwilfish|Taunt|p2a: Bulk up sweep mach
|-start|p2a: Bulk up sweep mach|move: Taunt
|
|-heal|p1a: Qwilfish|154\/334 brn|[from] item: Black Sludge
|-damage|p1a: Qwilfish|113\/334 brn|[from] brn
|upkeep
|turn|20
|choice|move scald|move suckerpunch
|
|move|p2a: Bulk up sweep mach|Sucker Punch|p1a: Qwilfish
|-damage|p1a: Qwilfish|57\/334 brn
|move|p1a: Qwilfish|Scald|p2a: Bulk up sweep mach
|-damage|p2a: Bulk up sweep mach|165\/304
|
|-heal|p1a: Qwilfish|77\/334 brn|[from] item: Black Sludge
|-damage|p1a: Qwilfish|36\/334 brn|[from] brn
|upkeep
|turn|21
|choice|move thunderwave|move closecombat
|
|move|p1a: Qwilfish|Thunder Wave|p2a: Bulk up sweep mach
|-status|p2a: Bulk up sweep mach|par
|move|p2a: Bulk up sweep mach|Close Combat|p1a: Qwilfish
|-resisted|p1a: Qwilfish
|-damage|p1a: Qwilfish|0 fnt
|-unboost|p2a: Bulk up sweep mach|def|1
|-unboost|p2a: Bulk up sweep mach|spd|1
|faint|p1a: Qwilfish
|
|-end|p2a: Bulk up sweep mach|move: Taunt
|upkeep
|choice|switch 6|
|
|switch|p1a: Flygon|Flygon, M|301\/301
|turn|22
|choice|move uturn|switch 6
|
|switch|p2a: Bored world|Alomomola, M|534\/534
|move|p1a: Flygon|U-turn|p2a: Bored world
|-damage|p2a: Bored world|475\/534
|-damage|p1a: Flygon|251\/301|[from] item: Rocky Helmet|[of] p2a: Bored world
|choice|switch 5|
|
|switch|p1a: Virizion|Virizion|323\/323
|
|upkeep
|turn|23
|choice|move leafblade|move toxic
|
|move|p1a: Virizion|Leaf Blade|p2a: Bored world
|-supereffective|p2a: Bored world
|-damage|p2a: Bored world|253\/534
|-damage|p1a: Virizion|270\/323|[from] item: Rocky Helmet|[of] p2a: Bored world
|move|p2a: Bored world|Toxic|p1a: Virizion
|-status|p1a: Virizion|tox
|-enditem|p1a: Virizion|Lum Berry|[eat]
|-curestatus|p1a: Virizion|tox|[msg]
|
|upkeep
|turn|24
|choice|switch 3|switch 3
|
|switch|p1a: Escavalier|Escavalier, M|324\/324
|switch|p2a: U know my pain?|Bronzong|338\/338
|
|upkeep
|turn|25
|choice|move knockoff|switch 3
|
|switch|p2a: Bored world|Alomomola, M|431\/534
|move|p1a: Escavalier|Knock Off|p2a: Bored world
|-damage|p2a: Bored world|275\/534
|-damage|p1a: Escavalier|270\/324|[from] item: Rocky Helmet|[of] p2a: Bored world
|-enditem|p2a: Bored world|Rocky Helmet|[from] move: Knock Off|[of] p1a: Escavalier
|
|upkeep
|turn|26
|choice|move knockoff|move wish
|
|move|p2a: Bored world|Wish|p2a: Bored world
|move|p1a: Escavalier|Knock Off|p2a: Bored world
|-damage|p2a: Bored world|166\/534
|
|upkeep
|turn|27
|choice|switch 5|move protect
|
|switch|p1a: Flygon|Flygon, M|251\/301
|move|p2a: Bored world|Protect|p2a: Bored world
|-fail|p2a: Bored world
|
|-heal|p2a: Bored world|433\/534|[from] move: Wish|[wisher] Bored world
|upkeep
|turn|28
|choice|move uturn|move protect
|
|move|p2a: Bored world|Protect|p2a: Bored world
|-singleturn|p2a: Bored world|Protect
|move|p1a: Flygon|U-turn|p2a: Bored world
|-activate|p2a: Bored world|move: Protect
|
|upkeep
|turn|29
|choice|move uturn|move wish
|
|move|p1a: Flygon|U-turn|p2a: Bored world
|-damage|p2a: Bored world|367\/534
|choice|switch 5|
|
|switch|p1a: Escavalier|Escavalier, M|270\/324
|move|p2a: Bored world|Wish|p2a: Bored world
|
|upkeep
|turn|30
|choice|move megahorn|move scald
|
|move|p2a: Bored world|Scald|p1a: Escavalier
|-damage|p1a: Escavalier|222\/324
|move|p1a: Escavalier|Megahorn|p2a: Bored world|[miss]
|-miss|p1a: Escavalier|p2a: Bored world
|
|-heal|p2a: Bored world|534\/534|[from] move: Wish|[wisher] Bored world
|upkeep
|turn|31
|choice|move megahorn|move wish
|
|move|p2a: Bored world|Wish|p2a: Bored world
|move|p1a: Escavalier|Megahorn|p2a: Bored world
|-damage|p2a: Bored world|258\/534
|
|upkeep
|turn|32
|choice|move megahorn|switch 6
|
|switch|p2a: Bulk up sweep mach|Hitmontop, M|165\/304 par
|-ability|p2a: Bulk up sweep mach|Intimidate|boost
|-unboost|p1a: Escavalier|atk|1
|move|p1a: Escavalier|Megahorn|p2a: Bulk up sweep mach
|-resisted|p2a: Bulk up sweep mach
|-damage|p2a: Bulk up sweep mach|71\/304 par
|
|-heal|p2a: Bulk up sweep mach|304\/304 par|[from] move: Wish|[wisher] Bored world
|upkeep
|turn|33
|choice|switch 2|move closecombat
|
|switch|p1a: Uxie|Uxie|68\/291 brn
|move|p2a: Bulk up sweep mach|Close Combat|p1a: Uxie
|-resisted|p1a: Uxie
|-damage|p1a: Uxie|23\/291 brn
|-unboost|p2a: Bulk up sweep mach|def|1
|-unboost|p2a: Bulk up sweep mach|spd|1
|
|-damage|p1a: Uxie|0 fnt|[from] brn
|upkeep
|faint|p1a: Uxie
|l|hannesthemenace
|choice|switch 3|
|
|switch|p1a: Virizion|Virizion|270\/323
|turn|34
|choice|move closecombat|move toxic
|
|move|p1a: Virizion|Close Combat|p2a: Bulk up sweep mach
|-damage|p2a: Bulk up sweep mach|124\/304 par
|-unboost|p1a: Virizion|def|1
|-unboost|p1a: Virizion|spd|1
|move|p2a: Bulk up sweep mach|Toxic|p1a: Virizion|[miss]
|-miss|p2a: Bulk up sweep mach|p1a: Virizion
|
|upkeep
|turn|35
|choice|move closecombat|switch 2
|
|switch|p2a: I hate my life|Togetic, F|314\/314
|move|p1a: Virizion|Close Combat|p2a: I hate my life
|-resisted|p2a: I hate my life
|-damage|p2a: I hate my life|284\/314
|-unboost|p1a: Virizion|def|1
|-unboost|p1a: Virizion|spd|1
|
|upkeep
|turn|36
|choice|switch 4|move healbell
|
|switch|p1a: Houndoom|Houndoom, M|146\/291
|move|p2a: I hate my life|Heal Bell|p2a: I hate my life
|-activate|p2a: I hate my life|move: Heal Bell
|-curestatus|p2: Bulk up sweep mach|par|[msg]
|
|upkeep
|turn|37
|choice|switch 5|move roost
|
|switch|p1a: Flygon|Flygon, M|251\/301
|move|p2a: I hate my life|Roost|p2a: I hate my life
|-heal|p2a: I hate my life|314\/314
|
|upkeep
|turn|38
|choice|move uturn|switch 6
|
|switch|p2a: Bored world|Alomomola, M|436\/534
|move|p1a: Flygon|U-turn|p2a: Bored world
|-damage|p2a: Bored world|371\/534
|choice|switch 4|
|
|switch|p1a: Virizion|Virizion|270\/323
|
|upkeep
|turn|39
|choice|move swordsdance|move toxic
|
|move|p1a: Virizion|Swords Dance|p1a: Virizion
|-boost|p1a: Virizion|atk|2
|move|p2a: Bored world|Toxic|p1a: Virizion
|-status|p1a: Virizion|tox
|
|-damage|p1a: Virizion|250\/323 tox|[from] psn
|upkeep
|turn|40
|choice|move swordsdance|move protect
|
|move|p2a: Bored world|Protect|p2a: Bored world
|-singleturn|p2a: Bored world|Protect
|move|p1a: Virizion|Swords Dance|p1a: Virizion
|-boost|p1a: Virizion|atk|2
|
|-damage|p1a: Virizion|210\/323 tox|[from] psn
|upkeep
|turn|41
|choice|move leafblade|switch 2
|
|switch|p2a: Bulk up sweep mach|Hitmontop, M|124\/304
|-ability|p2a: Bulk up sweep mach|Intimidate|boost
|-unboost|p1a: Virizion|atk|1
|move|p1a: Virizion|Leaf Blade|p2a: Bulk up sweep mach
|-damage|p2a: Bulk up sweep mach|0 fnt
|faint|p2a: Bulk up sweep mach
|
|-damage|p1a: Virizion|150\/323 tox|[from] psn
|upkeep
|choice||switch 5
|
|switch|p2a: StallBreaker|Glalie, M|301\/301
|turn|42
|choice|move closecombat|move iceshard mega
|
|detailschange|p2a: StallBreaker|Glalie-Mega, M
|-mega|p2a: StallBreaker|Glalie|Glalitite
|move|p2a: StallBreaker|Ice Shard|p1a: Virizion
|-supereffective|p1a: Virizion
|-damage|p1a: Virizion|0 fnt
|faint|p1a: Virizion
|
|upkeep
|choice|switch 5|
|
|switch|p1a: Houndoom|Houndoom, M|146\/291
|turn|43
|choice|move pursuit|move earthquake
|
|move|p2a: StallBreaker|Earthquake|p1a: Houndoom
|-supereffective|p1a: Houndoom
|-damage|p1a: Houndoom|0 fnt
|faint|p1a: Houndoom
|
|upkeep
|choice|switch 4|
|
|switch|p1a: Flygon|Flygon, M|251\/301
|turn|44
|choice|move outrage|move iceshard
|
|move|p2a: StallBreaker|Ice Shard|p1a: Flygon
|-supereffective|p1a: Flygon
|-damage|p1a: Flygon|0 fnt
|faint|p1a: Flygon
|
|upkeep
|-message|xxkazixx forfeited.
|
|win|LCezasfuck
|player|p1
|player|p2
|l|xxkazixx</script>
</div>
<div class="battle-log battle-log-inline"><div class="inner"><div class="battle-options"></div><div class="inner"><div class="chat"><small>xxkazixx joined.</small></div><div class="chat"><small>LCezasfuck joined.</small></div><div class=""><small>Format:</small> <br><strong>RU</strong></div><div class=""><small><em>Sleep Clause Mod:</em> Limit one foe put to sleep</small></div><div class=""><small><em>Species Clause:</em> Limit one of each Pokémon</small></div><div class=""><small><em>OHKO Clause:</em> OHKO moves are banned</small></div><div class=""><small><em>Moody Clause:</em> Moody is banned</small></div><div class=""><small><em>Evasion Moves Clause:</em> Evasion moves are banned</small></div><div class=""><small><em>Endless Battle Clause:</em> Forcing endless battles is banned</small></div><div class=""><small><em>HP Percentage Mod:</em> HP is shown in percentages</small></div><div class=""><small><em>Swagger Clause:</em> Swagger is banned</small></div><div class=""><small><em>Baton Pass Clause:</em> Limit one Baton Passer, can't pass Spe and other stats simultaneously</small></div><div class="chat battle-history"><strong>xxkazixx's team:</strong> <em style="color:#445566;display:block;">Virizion / Houndoom / Escavalier / Uxie / Qwilfish / Flygon</em></div><div class="chat battle-history"><strong>LCezasfuck's team:</strong> <em style="color:#445566;display:block;">Alomomola / Togetic / Bronzong / Virizion / Glalie / Hitmontop</em></div><div class="chat"><small>hannesthemenace joined.</small></div><div class="spacer battle-history"><br></div><div class="battle-history">Battle started between xxkazixx and LCezasfuck!<br></div><div class="spacer battle-history"><br></div><div class="battle-history">Go! <strong>Qwilfish</strong>!<br></div><div class="spacer battle-history"><br></div><div class="battle-history">LCezasfuck sent out Bored world (<strong>Alomomola</strong>)!<br></div><div class="battle-history"><small>[Qwilfish's Intimidate]</small><br></div><div class="battle-history"><small>The opposing Bored world's Attack fell!</small><br></div><div class="spacer battle-history"><br></div><h2 class="battle-history">Turn 1</h2><div class="spacer battle-history"><br></div><div class="battle-history">Qwilfish used <strong>Thunder Wave</strong>!<br></div><div class="battle-history"><small>The opposing Bored world is paralyzed! It may be unable to move!</small><br></div><div class="spacer battle-history"><br></div><div class="battle-history">The opposing Bored world used <strong>Scald</strong>!<br></div><div class="battle-history"><small>It's not very effective...</small><br></div><div class="battle-history"><small>A critical hit!</small><br></div><div class="battle-history"><small>(Qwilfish lost <abbr title="−54/334">16.2%</abbr> of its health!)</small><br></div><div class="battle-history"><small>Qwilfish was burned!</small><br></div><div class="spacer battle-history"><br></div><div class="battle-history"><small>Qwilfish restored a little HP using its Black Sludge!</small><br></div><div class="battle-history"><small>Qwilfish was hurt by its burn!</small><br></div><div class="spacer battle-history"><br></div><h2 class="battle-history">Turn 2</h2><div class="spacer battle-history"><br></div><div class="battle-history">LCezasfuck withdrew Bored world!<br></div><div class="battle-history">LCezasfuck sent out Bulk up sweep mach (<strong>Hitmontop</strong>)!<br></div><div class="battle-history"><small>[The opposing Bulk up sweep mach's Intimidate]</small><br></div><div class="battle-history"><small>Qwilfish's Attack fell!</small><br></div><div class="spacer battle-history"><br></div><div class="battle-history">Qwilfish used <strong>Taunt</strong>!<br></div><div class="battle-history"><small>The opposing Bulk up sweep mach fell for the taunt!</small><br></div><div class="spacer battle-history"><br></div><div class="battle-history"><small>Qwilfish restored a little HP using its Black Sludge!</small><br></div><div class="battle-history"><small>Qwilfish was hurt by its burn!</small><br></div><div class="spacer battle-history"><br></div><h2 class="battle-history">Turn 3</h2><div class="spacer battle-history"><br></div><div class="battle-history">Qwilfish used <strong>Thunder Wave</strong>!<br></div><div class="battle-history"><small>The opposing Bulk up sweep mach is paralyzed! It may be unable to move!</small><br></div><div class="spacer battle-history"><br></div><div class="battle-history">The opposing Bulk up sweep mach used <strong>Close Combat</strong>!<br></div><div class="battle-history"><small>It's not very effective...</small><br></div><div class="battle-history"><small>(Qwilfish lost <abbr title="−62/334">18.6%</abbr> of its health!)</small><br></div><div class="battle-history"><small>The opposing Bulk up sweep mach's Defense fell!</small><br></div><div class="battle-history"><small>The opposing Bulk up sweep mach's Special Defense fell!</small><br></div><div class="spacer battle-history"><br></div><div class="battle-history"><small>Qwilfish restored a little HP using its Black Sludge!</small><br></div><div class="battle-history"><small>Qwilfish was hurt by its burn!</small><br></div><div class="spacer battle-history"><br></div><h2 class="battle-history">Turn 4</h2><div class="spacer battle-history"><br></div><div class="battle-history">Qwilfish used <strong>Scald</strong>!<br></div><div class="battle-history"><small>(The opposing Bulk up sweep mach lost <abbr title="−85/304">28.0%</abbr> of its health!)</small><br></div><div class="battle-history"><small>The opposing Bulk up sweep mach held up its Red Card against Qwilfish!</small><br></div><div class="spacer battle-history"><br></div><div class="battle-history"><strong>Uxie</strong> was dragged out!<br></div><div class="spacer battle-history"><br></div><div class="battle-history">The opposing Bulk up sweep mach is paralyzed! It can't move!<br></div><div class="spacer battle-history"><br></div><div class="battle-history"><small>The opposing Bulk up sweep mach's taunt wore off!</small><br></div><div class="spacer battle-history"><br></div><h2 class="battle-history">Turn 5</h2><div class="spacer battle-history"><br></div><div class="battle-history">LCezasfuck withdrew Bulk up sweep mach!<br></div><div class="battle-history">LCezasfuck sent out I hate my life (<strong>Togetic</strong>)!<br></div><div class="spacer battle-history"><br></div><div class="battle-history">Uxie used <strong>Psychic</strong>!<br></div><div class="battle-history"><small>(The opposing I hate my life lost <abbr title="−58/314">18.5%</abbr> of its health!)</small><br></div><div class="battle-history"><small>The opposing I hate my life's Special Defense fell!</small><br></div><div class="spacer battle-history"><br></div><h2 class="battle-history">Turn 6</h2><div class="spacer battle-history"><br></div><div class="battle-history">Uxie used <strong>Thunder Wave</strong>!<br></div><div class="battle-history"><small>The opposing I hate my life is paralyzed! It may be unable to move!</small><br></div><div class="spacer battle-history"><br></div><div class="battle-history">The opposing I hate my life used <strong>Heal Bell</strong>!<br></div><div class="battle-history"><small>A bell chimed!</small><br></div><div class="battle-history"><small>The opposing I hate my life was cured of paralysis.</small><br></div><div class="battle-history"><small>The opposing Bulk up sweep mach was cured of paralysis.</small><br></div><div class="battle-history"><small>The opposing Bored world was cured of paralysis.</small><br></div><div class="spacer battle-history"><br></div><h2 class="battle-history">Turn 7</h2><div class="spacer battle-history"><br></div><div class="battle-history">Uxie used <strong>Psychic</strong>!<br></div><div class="battle-history"><small>(The opposing I hate my life lost <abbr title="−87/314">27.7%</abbr> of its health!)</small><br></div><div class="spacer battle-history"><br></div><div class="battle-history">The opposing I hate my life used <strong>Flamethrower</strong>!<br></div><div class="battle-history"><small>(Uxie lost <abbr title="−43/291">14.8%</abbr> of its health!)</small><br></div><div class="battle-history"><small>Uxie was burned!</small><br></div><div class="spacer battle-history"><br></div><div class="battle-history"><small>Uxie was hurt by its burn!</small><br></div><div class="spacer battle-history"><br></div><h2 class="battle-history">Turn 8</h2><div class="spacer battle-history"><br></div><div class="battle-history">Uxie used <strong>Stealth Rock</strong>!<br></div><div class="battle-history"><small>Pointed stones float in the air around the opposing team!</small><br></div><div class="spacer battle-history"><br></div><div class="battle-history">The opposing I hate my life used <strong>Roost</strong>!<br></div><div class="battle-history"><small>The opposing I hate my life restored its HP.</small><br></div><div class="spacer battle-history"><br></div><div class="battle-history"><small>Uxie was hurt by its burn!</small><br></div><div class="spacer battle-history"><br></div><h2 class="battle-history">Turn 9</h2><div class="spacer battle-history"><br></div><div class="battle-history">Uxie used <strong>Thunder Wave</strong>!<br></div><div class="battle-history"><small>The opposing I hate my life is paralyzed! It may be unable to move!</small><br></div><div class="spacer battle-history"><br></div><div class="battle-history">The opposing I hate my life used <strong>Defog</strong>!<br></div><div class="battle-history"><small>Uxie's evasiveness fell!</small><br></div><div class="battle-history"><small>The pointed stones disappeared from around the opposing team!</small><br></div><div class="spacer battle-history"><br></div><div class="battle-history"><small>Uxie was hurt by its burn!</small><br></div><div class="spacer battle-history"><br></div><h2 class="battle-history">Turn 10</h2><div class="spacer battle-history"><br></div><div class="battle-history">LCezasfuck withdrew I hate my life!<br></div><div class="battle-history">LCezasfuck sent out U know my pain? (<strong>Bronzong</strong>)!<br></div><div class="spacer battle-history"><br></div><div class="battle-history">Uxie used <strong>Stealth Rock</strong>!<br></div><div class="battle-history"><small>Pointed stones float in the air around the opposing team!</small><br></div><div class="spacer battle-history"><br></div><div class="battle-history"><small>Uxie was hurt by its burn!</small><br></div><div class="spacer battle-history"><br></div><h2 class="battle-history">Turn 11</h2><div class="spacer battle-history"><br></div><div class="battle-history">Uxie used <strong>Thunder Wave</strong>!<br></div><div class="battle-history"><small>The opposing U know my pain? is paralyzed! It may be unable to move!</small><br></div><div class="spacer battle-history"><br></div><div class="battle-history">The opposing U know my pain? used <strong>Light Screen</strong>!<br></div><div class="battle-history"><small>Light Screen made the opposing team stronger against special moves!</small><br></div><div class="spacer battle-history"><br></div><div class="battle-history"><small>Uxie was hurt by its burn!</small><br></div><div class="spacer battle-history"><br></div><h2 class="battle-history">Turn 12</h2><div class="spacer battle-history"><br></div><div class="battle-history">Uxie, come back!<br></div><div class="battle-history">Go! <strong>Houndoom</strong>!<br></div><div class="spacer battle-history"><br></div><div class="battle-history">LCezasfuck withdrew U know my pain?!<br></div><div class="battle-history">LCezasfuck sent out I hate my life (<strong>Togetic</strong>)!<br></div><div class="battle-history"><small>Pointed stones dug into the opposing I hate my life!</small><br></div><div class="spacer battle-history"><br></div><h2 class="battle-history">Turn 13</h2><div class="spacer battle-history"><br></div><div class="battle-history">Houndoom used <strong>Fire Blast</strong>!<br></div><div class="battle-history"><small>(The opposing I hate my life lost <abbr title="−44/314">14.0%</abbr> of its health!)</small><br></div><div class="battle-history"><small>Houndoom lost some of its HP!</small><br></div><div class="spacer battle-history"><br></div><div class="battle-history">The opposing I hate my life used <strong>Defog</strong>!<br></div><div class="battle-history"><small>Houndoom's evasiveness fell!</small><br></div><div class="battle-history"><small>The pointed stones disappeared from around the opposing team!</small><br></div><div class="spacer battle-history"><br></div><h2 class="battle-history">Turn 14</h2><div class="spacer battle-history"><br></div><div class="battle-history">Houndoom used <strong>Fire Blast</strong>!<br></div><div class="battle-history"><small>(The opposing I hate my life lost <abbr title="−43/314">13.7%</abbr> of its health!)</small><br></div><div class="battle-history"><small>Houndoom lost some of its HP!</small><br></div><div class="spacer battle-history"><br></div><div class="battle-history">The opposing I hate my life is paralyzed! It can't move!<br></div><div class="spacer battle-history"><br></div><h2 class="battle-history">Turn 15</h2><div class="spacer battle-history"><br></div><div class="battle-history">Houndoom used <strong>Fire Blast</strong>!<br></div><div class="battle-history"><small>(The opposing I hate my life lost <abbr title="−45/314">14.3%</abbr> of its health!)</small><br></div><div class="battle-history"><small>Houndoom lost some of its HP!</small><br></div><div class="spacer battle-history"><br></div><div class="battle-history">The opposing I hate my life used <strong>Roost</strong>!<br></div><div class="battle-history"><small>The opposing I hate my life restored its HP.</small><br></div><div class="spacer battle-history"><br></div><div class="battle-history"><small>The opposing team's Light Screen wore off!</small><br></div><div class="spacer battle-history"><br></div><h2 class="battle-history">Turn 16</h2><div class="spacer battle-history"><br></div><div class="battle-history">Houndoom used <strong>Pursuit</strong>!<br></div><div class="battle-history"><small>It's not very effective...</small><br></div><div class="battle-history"><small>(The opposing I hate my life lost <abbr title="−27/314">8.6%</abbr> of its health!)</small><br></div><div class="battle-history"><small>Houndoom lost some of its HP!</small><br></div><div class="spacer battle-history"><br></div><div class="battle-history">The opposing I hate my life used <strong>Heal Bell</strong>!<br></div><div class="battle-history"><small>A bell chimed!</small><br></div><div class="battle-history"><small>The opposing I hate my life was cured of paralysis.</small><br></div><div class="battle-history"><small>The opposing U know my pain? was cured of paralysis.</small><br></div><div class="spacer battle-history"><br></div><h2 class="battle-history">Turn 17</h2><div class="spacer battle-history"><br></div><div class="battle-history">Houndoom used <strong>Pursuit</strong>!<br></div><div class="battle-history"><small>It's not very effective...</small><br></div><div class="battle-history"><small>(The opposing I hate my life lost <abbr title="−29/314">9.2%</abbr> of its health!)</small><br></div><div class="battle-history"><small>Houndoom lost some of its HP!</small><br></div><div class="spacer battle-history"><br></div><div class="battle-history">The opposing I hate my life used <strong>Roost</strong>!<br></div><div class="battle-history"><small>The opposing I hate my life restored its HP.</small><br></div><div class="spacer battle-history"><br></div><h2 class="battle-history">Turn 18</h2><div class="spacer battle-history"><br></div><div class="battle-history">Houndoom, come back!<br></div><div class="battle-history">Go! <strong>Qwilfish</strong>!<br></div><div class="battle-history"><small>[Qwilfish's Intimidate]</small><br></div><div class="battle-history"><small>The opposing I hate my life's Attack fell!</small><br></div><div class="spacer battle-history"><br></div><div class="battle-history">The opposing I hate my life used <strong>Roost</strong>!<br></div><div class="battle-history"><small>But it failed!</small><br></div><div class="spacer battle-history"><br></div><div class="battle-history"><small>Qwilfish restored a little HP using its Black Sludge!</small><br></div><div class="battle-history"><small>Qwilfish was hurt by its burn!</small><br></div><div class="spacer battle-history"><br></div><h2 class="battle-history">Turn 19</h2><div class="spacer battle-history"><br></div><div class="battle-history">LCezasfuck withdrew I hate my life!<br></div><div class="battle-history">LCezasfuck sent out Bulk up sweep mach (<strong>Hitmontop</strong>)!<br></div><div class="battle-history"><small>[The opposing Bulk up sweep mach's Intimidate]</small><br></div><div class="battle-history"><small>Qwilfish's Attack fell!</small><br></div><div class="spacer battle-history"><br></div><div class="battle-history">Qwilfish used <strong>Taunt</strong>!<br></div><div class="battle-history"><small>The opposing Bulk up sweep mach fell for the taunt!</small><br></div><div class="spacer battle-history"><br></div><div class="battle-history"><small>Qwilfish restored a little HP using its Black Sludge!</small><br></div><div class="battle-history"><small>Qwilfish was hurt by its burn!</small><br></div><div class="spacer battle-history"><br></div><h2 class="battle-history">Turn 20</h2><div class="spacer battle-history"><br></div><div class="battle-history">The opposing Bulk up sweep mach used <strong>Sucker Punch</strong>!<br></div><div class="battle-history"><small>(Qwilfish lost <abbr title="−56/334">16.8%</abbr> of its health!)</small><br></div><div class="spacer battle-history"><br></div><div class="battle-history">Qwilfish used <strong>Scald</strong>!<br></div><div class="battle-history"><small>(The opposing Bulk up sweep mach lost <abbr title="−54/304">17.8%</abbr> of its health!)</small><br></div><div class="spacer battle-history"><br></div><div class="battle-history"><small>Qwilfish restored a little HP using its Black Sludge!</small><br></div><div class="battle-history"><small>Qwilfish was hurt by its burn!</small><br></div><div class="spacer battle-history"><br></div><h2 class="battle-history">Turn 21</h2><div class="spacer battle-history"><br></div><div class="battle-history">Qwilfish used <strong>Thunder Wave</strong>!<br></div><div class="battle-history"><small>The opposing Bulk up sweep mach is paralyzed! It may be unable to move!</small><br></div><div class="spacer battle-history"><br></div><div class="battle-history">The opposing Bulk up sweep mach used <strong>Close Combat</strong>!<br></div><div class="battle-history"><small>It's not very effective...</small><br></div><div class="battle-history"><small>(Qwilfish lost <abbr title="−36/334">10.8%</abbr> of its health!)</small><br></div><div class="battle-history"><small>The opposing Bulk up sweep mach's Defense fell!</small><br></div><div class="battle-history"><small>The opposing Bulk up sweep mach's Special Defense fell!</small><br></div><div class="spacer battle-history"><br></div><div class="battle-history">Qwilfish fainted!<br></div><div class="spacer battle-history"><br></div><div class="battle-history"><small>The opposing Bulk up sweep mach's taunt wore off!</small><br></div><div class="spacer battle-history"><br></div><div class="battle-history">Go! <strong>Flygon</strong>!<br></div><div class="spacer battle-history"><br></div><h2 class="battle-history">Turn 22</h2><div class="spacer battle-history"><br></div><div class="battle-history">LCezasfuck withdrew Bulk up sweep mach!<br></div><div class="battle-history">LCezasfuck sent out Bored world (<strong>Alomomola</strong>)!<br></div><div class="spacer battle-history"><br></div><div class="battle-history">Flygon used <strong>U-turn</strong>!<br></div><div class="battle-history"><small>(The opposing Bored world lost <abbr title="−59/534">11.0%</abbr> of its health!)</small><br></div><div class="battle-history"><small>Flygon was hurt by the Rocky Helmet!</small><br></div><div class="spacer battle-history"><br></div><div class="battle-history">Flygon went back to xxkazixx!<br></div><div class="battle-history">Go! <strong>Virizion</strong>!<br></div><div class="spacer battle-history"><br></div><h2 class="battle-history">Turn 23</h2><div class="spacer battle-history"><br></div><div class="battle-history">Virizion used <strong>Leaf Blade</strong>!<br></div><div class="battle-history"><small>It's super effective!</small><br></div><div class="battle-history"><small>(The opposing Bored world lost <abbr title="−222/534">41.6%</abbr> of its health!)</small><br></div><div class="battle-history"><small>Virizion was hurt by the Rocky Helmet!</small><br></div><div class="spacer battle-history"><br></div><div class="battle-history">The opposing Bored world used <strong>Toxic</strong>!<br></div><div class="battle-history"><small>Virizion was badly poisoned!</small><br></div><div class="battle-history"><small>Virizion ate its Lum Berry!</small><br></div><div class="battle-history"><small>Virizion was cured of its poisoning.</small><br></div><div class="spacer battle-history"><br></div><h2 class="battle-history">Turn 24</h2><div class="spacer battle-history"><br></div><div class="battle-history">Virizion, come back!<br></div><div class="battle-history">Go! <strong>Escavalier</strong>!<br></div><div class="spacer battle-history"><br></div><div class="battle-history">LCezasfuck withdrew Bored world!<br></div><div class="battle-history">LCezasfuck sent out U know my pain? (<strong>Bronzong</strong>)!<br></div><div class="spacer battle-history"><br></div><h2 class="battle-history">Turn 25</h2><div class="spacer battle-history"><br></div><div class="battle-history">LCezasfuck withdrew U know my pain?!<br></div><div class="battle-history">LCezasfuck sent out Bored world (<strong>Alomomola</strong>)!<br></div><div class="spacer battle-history"><br></div><div class="battle-history">Escavalier used <strong>Knock Off</strong>!<br></div><div class="battle-history"><small>(The opposing Bored world lost <abbr title="−156/534">29.2%</abbr> of its health!)</small><br></div><div class="battle-history"><small>Escavalier was hurt by the Rocky Helmet!</small><br></div><div class="battle-history"><small>Escavalier knocked off the opposing Bored world's Rocky Helmet!</small><br></div><div class="spacer battle-history"><br></div><h2 class="battle-history">Turn 26</h2><div class="spacer battle-history"><br></div><div class="battle-history">The opposing Bored world used <strong>Wish</strong>!<br></div><div class="spacer battle-history"><br></div><div class="battle-history">Escavalier used <strong>Knock Off</strong>!<br></div><div class="battle-history"><small>(The opposing Bored world lost <abbr title="−109/534">20.4%</abbr> of its health!)</small><br></div><div class="spacer battle-history"><br></div><h2 class="battle-history">Turn 27</h2><div class="spacer battle-history"><br></div><div class="battle-history">Escavalier, come back!<br></div><div class="battle-history">Go! <strong>Flygon</strong>!<br></div><div class="spacer battle-history"><br></div><div class="battle-history">The opposing Bored world used <strong>Protect</strong>!<br></div><div class="battle-history"><small>But it failed!</small><br></div><div class="spacer battle-history"><br></div><div class="battle-history"><small>Bored world's wish came true!</small><br></div><div class="spacer battle-history"><br></div><h2 class="battle-history">Turn 28</h2><div class="spacer battle-history"><br></div><div class="battle-history">The opposing Bored world used <strong>Protect</strong>!<br></div><div class="battle-history"><small>The opposing Bored world protected itself!</small><br></div><div class="spacer battle-history"><br></div><div class="battle-history">Flygon used <strong>U-turn</strong>!<br></div><div class="battle-history"><small>The opposing Bored world protected itself!</small><br></div><div class="spacer battle-history"><br></div><h2 class="battle-history">Turn 29</h2><div class="spacer battle-history"><br></div><div class="battle-history">Flygon used <strong>U-turn</strong>!<br></div><div class="battle-history"><small>(The opposing Bored world lost <abbr title="−66/534">12.4%</abbr> of its health!)</small><br></div><div class="spacer battle-history"><br></div><div class="battle-history">Flygon went back to xxkazixx!<br></div><div class="battle-history">Go! <strong>Escavalier</strong>!<br></div><div class="spacer battle-history"><br></div><div class="battle-history">The opposing Bored world used <strong>Wish</strong>!<br></div><div class="spacer battle-history"><br></div><h2 class="battle-history">Turn 30</h2><div class="spacer battle-history"><br></div><div class="battle-history">The opposing Bored world used <strong>Scald</strong>!<br></div><div class="battle-history"><small>(Escavalier lost <abbr title="−48/324">14.8%</abbr> of its health!)</small><br></div><div class="spacer battle-history"><br></div><div class="battle-history">Escavalier used <strong>Megahorn</strong>!<br></div><div class="battle-history"><small>The opposing Bored world avoided the attack!</small><br></div><div class="spacer battle-history"><br></div><div class="battle-history"><small>Bored world's wish came true!</small><br></div><div class="spacer battle-history"><br></div><h2 class="battle-history">Turn 31</h2><div class="spacer battle-history"><br></div><div class="battle-history">The opposing Bored world used <strong>Wish</strong>!<br></div><div class="spacer battle-history"><br></div><div class="battle-history">Escavalier used <strong>Megahorn</strong>!<br></div><div class="battle-history"><small>(The opposing Bored world lost <abbr title="−276/534">51.7%</abbr> of its health!)</small><br></div><div class="spacer battle-history"><br></div><h2 class="battle-history">Turn 32</h2><div class="spacer battle-history"><br></div><div class="battle-history">LCezasfuck withdrew Bored world!<br></div><div class="battle-history">LCezasfuck sent out Bulk up sweep mach (<strong>Hitmontop</strong>)!<br></div><div class="battle-history"><small>[The opposing Bulk up sweep mach's Intimidate]</small><br></div><div class="battle-history"><small>Escavalier's Attack fell!</small><br></div><div class="spacer battle-history"><br></div><div class="battle-history">Escavalier used <strong>Megahorn</strong>!<br></div><div class="battle-history"><small>It's not very effective...</small><br></div><div class="battle-history"><small>(The opposing Bulk up sweep mach lost <abbr title="−94/304">30.9%</abbr> of its health!)</small><br></div><div class="spacer battle-history"><br></div><div class="battle-history"><small>Bored world's wish came true!</small><br></div><div class="spacer battle-history"><br></div><h2 class="battle-history">Turn 33</h2><div class="spacer battle-history"><br></div><div class="battle-history">Escavalier, come back!<br></div><div class="battle-history">Go! <strong>Uxie</strong>!<br></div><div class="spacer battle-history"><br></div><div class="battle-history">The opposing Bulk up sweep mach used <strong>Close Combat</strong>!<br></div><div class="battle-history"><small>It's not very effective...</small><br></div><div class="battle-history"><small>(Uxie lost <abbr title="−45/291">15.5%</abbr> of its health!)</small><br></div><div class="battle-history"><small>The opposing Bulk up sweep mach's Defense fell!</small><br></div><div class="battle-history"><small>The opposing Bulk up sweep mach's Special Defense fell!</small><br></div><div class="spacer battle-history"><br></div><div class="battle-history"><small>Uxie was hurt by its burn!</small><br></div><div class="spacer battle-history"><br></div><div class="battle-history">Uxie fainted!<br></div><div class="chat"><small>hannesthemenace left.</small></div><div class="spacer battle-history"><br></div><div class="battle-history">Go! <strong>Virizion</strong>!<br></div><div class="spacer battle-history"><br></div><h2 class="battle-history">Turn 34</h2><div class="spacer battle-history"><br></div><div class="battle-history">Virizion used <strong>Close Combat</strong>!<br></div><div class="battle-history"><small>(The opposing Bulk up sweep mach lost <abbr title="−180/304">59.2%</abbr> of its health!)</small><br></div><div class="battle-history"><small>Virizion's Defense fell!</small><br></div><div class="battle-history"><small>Virizion's Special Defense fell!</small><br></div><div class="spacer battle-history"><br></div><div class="battle-history">The opposing Bulk up sweep mach used <strong>Toxic</strong>!<br></div><div class="battle-history"><small>Virizion avoided the attack!</small><br></div><div class="spacer battle-history"><br></div><h2 class="battle-history">Turn 35</h2><div class="spacer battle-history"><br></div><div class="battle-history">LCezasfuck withdrew Bulk up sweep mach!<br></div><div class="battle-history">LCezasfuck sent out I hate my life (<strong>Togetic</strong>)!<br></div><div class="spacer battle-history"><br></div><div class="battle-history">Virizion used <strong>Close Combat</strong>!<br></div><div class="battle-history"><small>It's not very effective...</small><br></div><div class="battle-history"><small>(The opposing I hate my life lost <abbr title="−30/314">9.6%</abbr> of its health!)</small><br></div><div class="battle-history"><small>Virizion's Defense fell!</small><br></div><div class="battle-history"><small>Virizion's Special Defense fell!</small><br></div><div class="spacer battle-history"><br></div><h2 class="battle-history">Turn 36</h2><div class="spacer battle-history"><br></div><div class="battle-history">Virizion, come back!<br></div><div class="battle-history">Go! <strong>Houndoom</strong>!<br></div><div class="spacer battle-history"><br></div><div class="battle-history">The opposing I hate my life used <strong>Heal Bell</strong>!<br></div><div class="battle-history"><small>A bell chimed!</small><br></div><div class="battle-history"><small>The opposing Bulk up sweep mach was cured of paralysis.</small><br></div><div class="spacer battle-history"><br></div><h2 class="battle-history">Turn 37</h2><div class="spacer battle-history"><br></div><div class="battle-history">Houndoom, come back!<br></div><div class="battle-history">Go! <strong>Flygon</strong>!<br></div><div class="spacer battle-history"><br></div><div class="battle-history">The opposing I hate my life used <strong>Roost</strong>!<br></div><div class="battle-history"><small>The opposing I hate my life restored its HP.</small><br></div><div class="spacer battle-history"><br></div><h2 class="battle-history">Turn 38</h2><div class="spacer battle-history"><br></div><div class="battle-history">LCezasfuck withdrew I hate my life!<br></div><div class="battle-history">LCezasfuck sent out Bored world (<strong>Alomomola</strong>)!<br></div><div class="spacer battle-history"><br></div><div class="battle-history">Flygon used <strong>U-turn</strong>!<br></div><div class="battle-history"><small>(The opposing Bored world lost <abbr title="−65/534">12.2%</abbr> of its health!)</small><br></div><div class="spacer battle-history"><br></div><div class="battle-history">Flygon went back to xxkazixx!<br></div><div class="battle-history">Go! <strong>Virizion</strong>!<br></div><div class="spacer battle-history"><br></div><h2 class="battle-history">Turn 39</h2><div class="spacer battle-history"><br></div><div class="battle-history">Virizion used <strong>Swords Dance</strong>!<br></div><div class="battle-history"><small>Virizion's Attack rose sharply!</small><br></div><div class="spacer battle-history"><br></div><div class="battle-history">The opposing Bored world used <strong>Toxic</strong>!<br></div><div class="battle-history"><small>Virizion was badly poisoned!</small><br></div><div class="spacer battle-history"><br></div><div class="battle-history"><small>Virizion was hurt by poison!</small><br></div><div class="spacer battle-history"><br></div><h2 class="battle-history">Turn 40</h2><div class="spacer battle-history"><br></div><div class="battle-history">The opposing Bored world used <strong>Protect</strong>!<br></div><div class="battle-history"><small>The opposing Bored world protected itself!</small><br></div><div class="spacer battle-history"><br></div><div class="battle-history">Virizion used <strong>Swords Dance</strong>!<br></div><div class="battle-history"><small>Virizion's Attack rose sharply!</small><br></div><div class="spacer battle-history"><br></div><div class="battle-history"><small>Virizion was hurt by poison!</small><br></div><div class="spacer battle-history"><br></div><h2 class="battle-history">Turn 41</h2><div class="spacer battle-history"><br></div><div class="battle-history">LCezasfuck withdrew Bored world!<br></div><div class="battle-history">LCezasfuck sent out Bulk up sweep mach (<strong>Hitmontop</strong>)!<br></div><div class="battle-history"><small>[The opposing Bulk up sweep mach's Intimidate]</small><br></div><div class="battle-history"><small>Virizion's Attack fell!</small><br></div><div class="spacer battle-history"><br></div><div class="battle-history">Virizion used <strong>Leaf Blade</strong>!<br></div><div class="battle-history"><small>(The opposing Bulk up sweep mach lost <abbr title="−124/304">40.8%</abbr> of its health!)</small><br></div><div class="spacer battle-history"><br></div><div class="battle-history">The opposing Bulk up sweep mach fainted!<br></div><div class="spacer battle-history"><br></div><div class="battle-history"><small>Virizion was hurt by poison!</small><br></div><div class="spacer battle-history"><br></div><div class="battle-history">LCezasfuck sent out StallBreaker (<strong>Glalie</strong>)!<br></div><div class="spacer battle-history"><br></div><h2 class="battle-history">Turn 42</h2><div class="spacer battle-history"><br></div><div class="battle-history"><small>The opposing StallBreaker's Glalitite is reacting to LCezasfuck's Mega Bracelet!</small><br>The opposing StallBreaker has Mega Evolved into Mega Glalie!<br></div><div class="spacer battle-history"><br></div><div class="battle-history">The opposing StallBreaker used <strong>Ice Shard</strong>!<br></div><div class="battle-history"><small>It's super effective!</small><br></div><div class="battle-history"><small>(Virizion lost <abbr title="−150/323">46.4%</abbr> of its health!)</small><br></div><div class="spacer battle-history"><br></div><div class="battle-history">Virizion fainted!<br></div><div class="spacer battle-history"><br></div><div class="battle-history">Go! <strong>Houndoom</strong>!<br></div><div class="spacer battle-history"><br></div><h2 class="battle-history">Turn 43</h2><div class="spacer battle-history"><br></div><div class="battle-history">The opposing StallBreaker used <strong>Earthquake</strong>!<br></div><div class="battle-history"><small>It's super effective!</small><br></div><div class="battle-history"><small>(Houndoom lost <abbr title="−146/291">50.2%</abbr> of its health!)</small><br></div><div class="spacer battle-history"><br></div><div class="battle-history">Houndoom fainted!<br></div><div class="spacer battle-history"><br></div><div class="battle-history">Go! <strong>Flygon</strong>!<br></div><div class="spacer battle-history"><br></div><h2 class="battle-history">Turn 44</h2><div class="spacer battle-history"><br></div><div class="battle-history">The opposing StallBreaker used <strong>Ice Shard</strong>!<br></div><div class="battle-history"><small>It's super effective!</small><br></div><div class="battle-history"><small>(Flygon lost <abbr title="−251/301">83.4%</abbr> of its health!)</small><br></div><div class="spacer battle-history"><br></div><div class="battle-history">Flygon fainted!<br></div><div class="spacer battle-history"><br></div><div class="battle-history"><small>xxkazixx forfeited.</small><br></div><div class="spacer battle-history"><br></div><div class="battle-history"><strong>LCezasfuck</strong> won the battle!<br></div><div class="chat"><small>xxkazixx left.</small></div></div><div class="inner-preempt"></div></div></div>
</div>
<script>
let daily = Math.floor(Date.now()/1000/60/60/24);document.write('<script src="https://play.pokemonshowdown.com/js/replay-embed.js?version'+daily+'"></'+'script>');
</script>
