<!DOCTYPE html>
<meta charset="utf-8" />
<!-- version 1 -->
<title>RU replay: Jeran vs. PokemonC'estDur</title>
<style>
html,body {font-family:Verdana, sans-serif;font-size:10pt;margin:0;padding:0;}body{padding:12px 0;} .battle-log {font-family:Verdana, sans-serif;font-size:10pt;} .battle-log-inline {border:1px solid #AAAAAA;background:#EEF2F5;color:black;max-width:640px;margin:0 auto 80px;padding-bottom:5px;} .battle-log .inner {padding:4px 8px 0px 8px;} .battle-log .inner-preempt {padding:0 8px 4px 8px;} .battle-log .inner-after {margin-top:0.5em;} .battle-log h2 {margin:0.5em -8px;padding:4px 8px;border:1px solid #AAAAAA;background:#E0E7EA;border-left:0;border-right:0;font-family:Verdana, sans-serif;font-size:13pt;} .battle-log .chat {vertical-align:middle;padding:3px 0 3px 0;font-size:8pt;} .battle-log .chat strong {color:#40576A;} .battle-log .chat em {padding:1px 4px 1px 3px;color:#000000;font-style:normal;} .chat.mine {background:rgba(0,0,0,0.05);margin-left:-8px;margin-right:-8px;padding-left:8px;padding-right:8px;} .spoiler {color:#BBBBBB;background:#BBBBBB;padding:0px 3px;} .spoiler:hover, .spoiler:active, .spoiler-shown {color:#000000;background:#E2E2E2;padding:0px 3px;} .spoiler a {color:#BBBBBB;} .spoiler:hover a, .spoiler:active a, .spoiler-shown a {color:#2288CC;} .chat code, .chat .spoiler:hover code, .chat .spoiler:active code, .chat .spoiler-shown code {border:1px solid #C0C0C0;background:#EEEEEE;color:black;padding:0 2px;} .chat .spoiler code {border:1px solid #CCCCCC;background:#CCCCCC;color:#CCCCCC;} .battle-log .rated {padding:3px 4px;} .battle-log .rated strong {color:white;background:#89A;padding:1px 4px;border-radius:4px;} .spacer {margin-top:0.5em;} .message-announce {background:#6688AA;color:white;padding:1px 4px 2px;} .message-announce a, .broadcast-green a, .broadcast-blue a, .broadcast-red a {color:#DDEEFF;} .broadcast-green {background-color:#559955;color:white;padding:2px 4px;} .broadcast-blue {background-color:#6688AA;color:white;padding:2px 4px;} .infobox {border:1px solid #6688AA;padding:2px 4px;} .infobox-limited {max-height:200px;overflow:auto;overflow-x:hidden;} .broadcast-red {background-color:#AA5544;color:white;padding:2px 4px;} .message-learn-canlearn {font-weight:bold;color:#228822;text-decoration:underline;} .message-learn-cannotlearn {font-weight:bold;color:#CC2222;text-decoration:underline;} .message-effect-weak {font-weight:bold;color:#CC2222;} .message-effect-resist {font-weight:bold;color:#6688AA;} .message-effect-immune {font-weight:bold;color:#666666;} .message-learn-list {margin-top:0;margin-bottom:0;} .message-throttle-notice, .message-error {color:#992222;} .message-overflow, .chat small.message-overflow {font-size:0pt;} .message-overflow::before {font-size:9pt;content:'...';} .subtle {color:#3A4A66;}
</style>
<div class="wrapper replay-wrapper" style="max-width:1180px;margin:0 auto">
<input type="hidden" name="replayid" value="ru-494808181" />
<div class="battle"></div><div class="battle-log"></div><div class="replay-controls"></div><div class="replay-controls-2"></div>
<h1 style="font-weight:normal;text-align:center"><strong>RU</strong><br /><a href="http://pokemonshowdown.com/users/jeran" class="subtle" target="_blank">Jeran</a> vs. <a href="http://pokemonshowdown.com/users/pokemoncestdur" class="subtle" target="_blank">PokemonC'estDur</a></h1>
<script type="text/plain" class="battle-log-data">|j|Jeran
|j|PokemonC'estDur
|player|p1|Jeran|91
|player|p2|PokemonC'estDur|175
|gametype|singles
|gen|6
|tier|RU
|seed|63144,34634,46701,51076
|rule|Sleep Clause Mod: Limit one foe put to sleep
|rule|Species Clause: Limit one of each Pokémon
|rule|OHKO Clause: OHKO moves are banned
|rule|Moody Clause: Moody is banned
|rule|Evasion Moves Clause: Evasion moves are banned
|rule|Endless Battle Clause: Forcing endless battles is banned
|rule|HP Percentage Mod: HP is shown in percentages
|clearpoke
|poke|p1|Hoopa|item
|poke|p1|Scrafty, M|item
|poke|p1|Registeel|item
|poke|p1|Flygon, F|item
|poke|p1|Scyther, F|item
|poke|p1|Rotom-Mow|item
|poke|p2|Camerupt, F|item
|poke|p2|Eelektross, F|item
|poke|p2|Ambipom, F|item
|poke|p2|Granbull, M|item
|poke|p2|Blastoise, M|item
|poke|p2|Sigilyph, M|item
|rule|Swagger Clause: Swagger is banned
|rule|Baton Pass Clause: Limit one Baton Passer, can't pass Spe and other stats simultaneously
|teampreview
|j|Stats Bot
|l|Stats Bot
|j|Kchamp
|j|LPDP
|j|thefossefox
|j|Transfers
|j|Real_Uchiha_Sasuke
|j|Ourobore
|j|pradhaaan
|j|Jdcomix
|j|z3d_pt
|j|FuwaFuwaNeko
|j|Exeggudor -Alola
|j|jcazzi♔
|j|Ovbb
|j|HexxaL
|j|VitalFlames
|j|Fwogman82
|j|Camelectro
|j|Ben Meehan
|c|★Jeran|gg
|j|DougSwellows
|j|Pretamerienda
|j|ZyrusAxel
|c|★PokemonC'estDur|u2
|j|bigruss55555
|j|itry99
|j|tyranitartubeog
|j|Majin͜͡ Booooo✞
|j|MidnightShadow02
|j|Krohnos
|j|Skyzuma⍟
|choice|team 4, team 2, team 3, team 1, team 5, team 6|team 2, team 1, team 3, team 4, team 5, team 6
|
|start
|switch|p1a: Flygon|Flygon, F|301\/301
|switch|p2a: Eelektross|Eelektross, F|373\/373
|turn|1
|j|LuxioBro
|c| Exeggudor -Alola|Pokemon c est dour should win but jeran is good só good
|c| FuwaFuwaNeko|\/me turns into a cheer leader and cheers on senpai
|c| Skyzuma⍟|scyther hype
|j|Arslanqwerty☭
|c| Ourobore|doesn't gg mean good game? aren't you supposed to say that at the end ? lmfao
|choice|move dracometeor|move knockoff
|
|move|p1a: Flygon|Draco Meteor|p2a: Eelektross
|-damage|p2a: Eelektross|209\/373
|-unboost|p1a: Flygon|spa|2
|-damage|p1a: Flygon|271\/301|[from] item: Life Orb
|move|p2a: Eelektross|Knock Off|p1a: Flygon
|-damage|p1a: Flygon|162\/301
|-enditem|p1a: Flygon|Life Orb|[from] move: Knock Off|[of] p2a: Eelektross
|
|upkeep
|turn|2
|j|Im rly Bored
|j|Unban Landorus I
|j|diegoagr04
|c| Exeggudor -Alola|Flygon must be a grass type
|j|DJCHOZLEY
|choice|move uturn|move voltswitch
|
|move|p1a: Flygon|U-turn|p2a: Eelektross
|-damage|p2a: Eelektross|145\/373
|j|icallhqckz
|c| Jdcomix|>unban landorus i
|c| Jdcomix|no
|l|DJCHOZLEY
|c| Unban Landorus I|yes
|choice|switch 3|
|
|switch|p1a: Registeel|Registeel|364\/364
|move|p2a: Eelektross|Volt Switch|p1a: Registeel
|-damage|p1a: Registeel|301\/364
|j|Meliott39953
|l|MidnightShadow02
|choice||switch 2
|
|switch|p2a: Camerupt|Camerupt, F|340\/340
|
|-heal|p1a: Registeel|323\/364|[from] item: Leftovers
|upkeep
|turn|3
|j|cL 2ne1
|c| Ourobore|or is he just cocky?
|j|tyrek01
|c| Transfers|he is cocky
|j|n1bel
|choice|switch 3|move fireblast mega
|
|switch|p1a: Flygon|Flygon, F|162\/301
|detailschange|p2a: Camerupt|Camerupt-Mega, F
|-mega|p2a: Camerupt|Camerupt|Cameruptite
|move|p2a: Camerupt|Fire Blast|p1a: Flygon
|-resisted|p1a: Flygon
|-damage|p1a: Flygon|0 fnt
|faint|p1a: Flygon
|
|upkeep
|c| jcazzi♔|he's not cocky, he's jera
|l|tyrek01
|c| Unban Landorus I|its not broken
|c| jcazzi♔|jeran*
|c| Exeggudor -Alola|Lol
|c| Fwogman82|Jeran was winning 3-0 in the first and second rounds and 6-0 in the semi-finals, wtf
|c| Transfers|but i mean he's good so
|j|Mars549
|l|icallhqckz
|c| Ourobore|lol
|c| Unban Landorus I|lol
|c| Camelectro|Jeran is dick
|j|AlamoMario
|c| Pretamerienda|gg
|c| Ourobore|he has 1500 in LC and Ubers
|c| Transfers|"Unban Landorus I"
|c| Ourobore|lit
|j|Franco11Dragonite
|l|Mars549
|c| Unban Landorus I|landorus isnt broken
|choice|switch 5|
|
|switch|p1a: Scyther|Scyther, F|283\/283
|turn|4
|c| Jdcomix|lolno he's broken as shit
|c| Exeggudor -Alola|Probably jeran lost to my anithing Goes team
|c| jcazzi♔|read the smogon forum
|c| Unban Landorus I|no hes not
|choice|move aerialace|move fireblast
|
|move|p1a: Scyther|Aerial Ace|p2a: Camerupt
|-damage|p2a: Camerupt|202\/340
|move|p2a: Camerupt|Fire Blast|p1a: Scyther
|-supereffective|p1a: Scyther
|-damage|p1a: Scyther|0 fnt
|faint|p1a: Scyther
|
|upkeep
|j|Zganefon
|choice|switch 4|
|
|switch|p1a: Hoopa|Hoopa|301\/301
|turn|5
|j|hjkjflfylyf
|c| Unban Landorus I|that forum is unconvincing
|choice|move shadowball|move fireblast
|
|move|p1a: Hoopa|Shadow Ball|p2a: Camerupt
|-damage|p2a: Camerupt|0 fnt
|faint|p2a: Camerupt
|
|upkeep
|c| Camelectro|qui veulent baiser?
|choice||switch 3
|
|switch|p2a: Ambipom|Ambipom, F|291\/291
|turn|6
|c| itry99|no HP ground?
|l|Ovbb
|choice|switch 3|move pursuit
|
|-activate|p1a: Hoopa|move: Pursuit
|move|p2a: Ambipom|Pursuit|p1a: Hoopa|[from]Pursuit
|-supereffective|p1a: Hoopa
|-damage|p1a: Hoopa|0 fnt
|faint|p1a: Hoopa
|
|upkeep
|c| Jdcomix|rip
|c| Ourobore|lmfao
|c| Real_Uchiha_Sasuke|go pokemon
|c| HexxaL|ouai putain ouai
|choice|switch 6|
|
|switch|p1a: Rotom|Rotom-Mow|241\/241
|turn|7
|c|★PokemonC'estDur|;)
|c| Unban Landorus I|just that smogon bans everything
|c| Real_Uchiha_Sasuke|defeat him
|c| Camelectro|Jeran, qui veulent baiser?
|c| itry99|ah the risk trades
|j|Texas Football
|choice|move voltswitch|switch 2
|
|switch|p2a: Eelektross|Eelektross, F|145\/373
|move|p1a: Rotom|Volt Switch|p2a: Eelektross
|-resisted|p2a: Eelektross
|-damage|p2a: Eelektross|100\/373
|c| Ben Meehan|gg jeran
|choice|switch 2|
|
|switch|p1a: Scrafty|Scrafty, M|273\/273
|
|upkeep
|turn|8
|choice|move knockoff|switch 4
|
|switch|p2a: Granbull|Granbull, M|384\/384
|-ability|p2a: Granbull|Intimidate|boost
|-unboost|p1a: Scrafty|atk|1
|move|p1a: Scrafty|Knock Off|p2a: Granbull
|-resisted|p2a: Granbull
|-damage|p2a: Granbull|342\/384
|-enditem|p2a: Granbull|Leftovers|[from] move: Knock Off|[of] p1a: Scrafty
|
|upkeep
|turn|9
|c| Camelectro|qui veulent baiser...
|c| Exeggudor -Alola|Elektross must be a water type
|l|Arslanqwerty☭
|c| Unban Landorus I|landorus is overrated
|c| Fwogman82|no
|choice|switch 3|move earthquake
|
|switch|p1a: Registeel|Registeel|323\/364
|move|p2a: Granbull|Earthquake|p1a: Registeel
|-supereffective|p1a: Registeel
|-damage|p1a: Registeel|205\/364
|
|-heal|p1a: Registeel|227\/364|[from] item: Leftovers
|upkeep
|turn|10
|c| HexxaL|veux Camelectro
|c| Unban Landorus I|yes
|c| Meliott39953|PokemonC`esTDur is going to win
|c| Exeggudor -Alola|Not
|c| Real_Uchiha_Sasuke|**PokemonC'estDur** is a pro
|c| Exeggudor -Alola|he is good
|choice|move toxic|switch 4
|
|switch|p2a: Eelektross|Eelektross, F|100\/373
|move|p1a: Registeel|Toxic|p2a: Eelektross
|-status|p2a: Eelektross|tox
|
|-heal|p1a: Registeel|249\/364|[from] item: Leftovers
|-damage|p2a: Eelektross|77\/373 tox|[from] psn
|upkeep
|turn|11
|c| Unban Landorus I|but not broken in ou
|c| Real_Uchiha_Sasuke|omg
|choice|move protect|move knockoff
|
|move|p1a: Registeel|Protect|p1a: Registeel
|-singleturn|p1a: Registeel|Protect
|move|p2a: Eelektross|Knock Off|p1a: Registeel
|-activate|p1a: Registeel|move: Protect
|
|-heal|p1a: Registeel|271\/364|[from] item: Leftovers
|-damage|p2a: Eelektross|31\/373 tox|[from] psn
|upkeep
|turn|12
|choice|move stealthrock|move knockoff
|
|move|p1a: Registeel|Stealth Rock|p2a: Eelektross
|-sidestart|p2: PokemonC'estDur|move: Stealth Rock
|move|p2a: Eelektross|Knock Off|p1a: Registeel
|-damage|p1a: Registeel|211\/364
|-enditem|p1a: Registeel|Leftovers|[from] move: Knock Off|[of] p2a: Eelektross
|
|-damage|p2a: Eelektross|0 fnt|[from] psn
|upkeep
|faint|p2a: Eelektross
|c| Real_Uchiha_Sasuke|rip that leftovers
|j|Crrs ☯
|j|agujetas
|choice||switch 2
|
|switch|p2a: Ambipom|Ambipom, F|291\/291
|-damage|p2a: Ambipom|255\/291|[from] Stealth Rock
|turn|13
|l|Crrs ☯
|choice|move protect|move lowkick
|
|move|p1a: Registeel|Protect|p1a: Registeel
|-singleturn|p1a: Registeel|Protect
|move|p2a: Ambipom|Low Kick|p1a: Registeel
|-activate|p1a: Registeel|move: Protect
|
|upkeep
|turn|14
|l|agujetas
|j|Rulebreaking
|l|cL 2ne1
|choice|switch 2|move lowkick
|
|switch|p1a: Rotom|Rotom-Mow|241\/241
|move|p2a: Ambipom|Low Kick|p1a: Rotom
|-damage|p1a: Rotom|201\/241
|
|upkeep
|turn|15
|c| Real_Uchiha_Sasuke|what are the chances of PokemonC'estDur winning?
|c| Fwogman82|this is gonna be close
|c| Real_Uchiha_Sasuke|i have to go
|j|a1.alex
|c| Fwogman82|bai
|j|Hell Rayquaza1
|c| HexxaL|PokemonC'estDur is my friend do not touch it!
|c| Jdcomix|lol
|c| Ben Meehan|hey hell ray
|choice|move thunderbolt|switch 5
|
|switch|p2a: Blastoise|Blastoise, M|362\/362
|-damage|p2a: Blastoise|317\/362|[from] Stealth Rock
|move|p1a: Rotom|Thunderbolt|p2a: Blastoise
|-supereffective|p2a: Blastoise
|-damage|p2a: Blastoise|129\/362
|
|-heal|p2a: Blastoise|151\/362|[from] item: Leftovers
|upkeep
|turn|16
|c| Unban Landorus I|so when will he be unbanned
|c|★Jeran|do u actually think he can win?
|c| Texas Football|**Ladies and Men the Heisman Trophy winner of 2016-17 Football season is Jeran**
|c| Jdcomix|jeran yes
|choice|move thunderbolt|move rapidspin
|
|move|p1a: Rotom|Thunderbolt|p2a: Blastoise
|-supereffective|p2a: Blastoise
|-damage|p2a: Blastoise|0 fnt
|faint|p2a: Blastoise
|
|upkeep
|c| Texas Football|**Please give your applause**
|l|Real_Uchiha_Sasuke
|choice||switch 5
|
|switch|p2a: Ambipom|Ambipom, F|255\/291
|-damage|p2a: Ambipom|219\/291|[from] Stealth Rock
|turn|17
|c| jcazzi♔|pokemon'estDur can't win
|c| hjkjflfylyf|jeran won
|c| Jdcomix|unban landorus i he will never be unbanned lol
|choice|switch 2|move uturn
|
|switch|p1a: Registeel|Registeel|211\/364
|move|p2a: Ambipom|U-turn|p1a: Registeel
|-resisted|p1a: Registeel
|-damage|p1a: Registeel|174\/364
|c| Hell Rayquaza1|**Boooooo**
|c| Camelectro|from 3-5 to 3-3...
|c| Rulebreaking|The reason I lost was because I let my registeel lose
|c| Rulebreaking|die*
|choice||switch 6
|
|switch|p2a: Sigilyph|Sigilyph, M|285\/285
|
|upkeep
|turn|18
|c| jcazzi♔|you mean faint
|c| HexxaL|NOOOO GOD
|j|TheNewBrends11
|c| Exeggudor -Alola|Meloetta
|c| Unban Landorus I|when will he
|j|Ben52201
|choice|move seismictoss|move calmmind
|
|move|p2a: Sigilyph|Calm Mind|p2a: Sigilyph
|-boost|p2a: Sigilyph|spa|1
|-boost|p2a: Sigilyph|spd|1
|move|p1a: Registeel|Seismic Toss|p2a: Sigilyph
|-damage|p2a: Sigilyph|185\/285
|
|upkeep
|turn|19
|c| hjkjflfylyf|you can do it jeran
|l|Ben52201
|choice|switch 3|move heatwave
|
|switch|p1a: Scrafty|Scrafty, M|273\/273
|move|p2a: Sigilyph|Heat Wave|p1a: Scrafty|[miss]
|-miss|p2a: Sigilyph|p1a: Scrafty
|
|upkeep
|turn|20
|l|a1.alex
|c| Jdcomix|rip
|c|★PokemonC'estDur|:\/
|choice|move knockoff|switch 4
|
|switch|p2a: Granbull|Granbull, M|342\/384
|-damage|p2a: Granbull|294\/384|[from] Stealth Rock
|-ability|p2a: Granbull|Intimidate|boost
|-unboost|p1a: Scrafty|atk|1
|move|p1a: Scrafty|Knock Off|p2a: Granbull
|-resisted|p2a: Granbull
|-damage|p2a: Granbull|270\/384
|
|upkeep
|turn|21
|c| Ourobore|damn
|j|Ben52201
|choice|switch 3|switch 4
|
|switch|p1a: Registeel|Registeel|174\/364
|switch|p2a: Sigilyph|Sigilyph, M|185\/285
|
|upkeep
|turn|22
|j|pivot5
|l|Rulebreaking
|j|SharuDOTexe
|c| Ourobore|wow
|choice|switch 2|move heatwave
|
|switch|p1a: Rotom|Rotom-Mow|201\/241
|move|p2a: Sigilyph|Heat Wave|p1a: Rotom
|-supereffective|p1a: Rotom
|-damage|p1a: Rotom|0 fnt
|faint|p1a: Rotom
|
|upkeep
|c| Ourobore|plays
|choice|switch 3|
|
|switch|p1a: Scrafty|Scrafty, M|273\/273
|turn|23
|c| HexxaL|OUAIIIIIIIII
|c| Majin͜͡ Booooo✞|shot
|choice|move dragondance|move airslash
|
|move|p2a: Sigilyph|Air Slash|p1a: Scrafty
|-supereffective|p1a: Scrafty
|-damage|p1a: Scrafty|31\/273
|move|p1a: Scrafty|Dragon Dance|p1a: Scrafty
|-boost|p1a: Scrafty|atk|1
|-boost|p1a: Scrafty|spe|1
|
|-heal|p1a: Scrafty|48\/273|[from] item: Leftovers
|upkeep
|turn|24
|c| Jdcomix|sacking the rotom why?
|choice|move knockoff|move airslash
|
|move|p1a: Scrafty|Knock Off|p2a: Sigilyph
|-supereffective|p2a: Sigilyph
|-damage|p2a: Sigilyph|0 fnt
|-enditem|p2a: Sigilyph|Life Orb|[from] move: Knock Off|[of] p1a: Scrafty
|faint|p2a: Sigilyph
|
|-heal|p1a: Scrafty|65\/273|[from] item: Leftovers
|upkeep
|j|ferocarril
|c| Hell Rayquaza1|you can't afford to lose it
|choice||switch 6
|
|switch|p2a: Ambipom|Ambipom, F|219\/291
|-damage|p2a: Ambipom|183\/291|[from] Stealth Rock
|turn|25
|c| Skyzuma⍟|not sure tho
|c|★Jeran|oh well
|c| Fwogman82|this is so close
|c| hjkjflfylyf|fake out?
|j|littlelachyjn
|c| LPDP|*insert epic anime music*
|choice|switch 2|move lowkick
|
|switch|p1a: Registeel|Registeel|174\/364
|move|p2a: Ambipom|Low Kick|p1a: Registeel
|-supereffective|p1a: Registeel
|-damage|p1a: Registeel|0 fnt
|faint|p1a: Registeel
|
|upkeep
|choice|switch 2|
|
|switch|p1a: Scrafty|Scrafty, M|65\/273
|turn|26
|c| TheNewBrends11|ambi is quite deadly due to his high speed and power
|c|★PokemonC'estDur|gg
|c| Transfers|LOL
|c| Jdcomix|inb4 fake out
|c| HexxaL|GGGGGGGGG
|c| Jdcomix|lol
|c| HexxaL|GGGGGGGG
|c| HexxaL|GGGGGGGG
|c| SharuDOTexe|gg
|c| HexxaL|GGGGGGGG
|c|★Jeran|shit players can win to
|c| Jdcomix|that was an awful play jeran
|c| SharuDOTexe|ggggggggggggg
|choice|move knockoff|move lowkick
|
|move|p2a: Ambipom|Low Kick|p1a: Scrafty
|-supereffective|p1a: Scrafty
|-damage|p1a: Scrafty|0 fnt
|faint|p1a: Scrafty
|
|win|PokemonC'estDur
|player|p1
|player|p2
|c| Camelectro|hahaahahahaha
|c| Ben Meehan|gg
|c| HexxaL|GGGGGGGG
|l|Hell Rayquaza1
|l|n1bel
|c| HexxaL|GGGGGGGG
|c| Jdcomix|looool
|c| HexxaL|GGGGGGGG
|c| HexxaL|GGGGGGGG
|c| HexxaL|GGGGGGGG
|c| Exeggudor -Alola|Gg
|c| Majin͜͡ Booooo✞|Jeran
|c|★PokemonC'estDur|hatred
|l|Kchamp
|c| Jdcomix|you choked
|l|Im rly Bored
|l|Ben52201
|c| LuxioBro|salty
|c| Majin͜͡ Booooo✞|the only shit player is you
|l|Texas Football
|l|PokemonC'estDur
|l|HexxaL
|l|hjkjflfylyf
|l|Jeran
|l|TheNewBrends11
|l|AlamoMario
|c| Majin͜͡ Booooo✞|full of headweight
|l|pivot5
|l|VitalFlames
|l|Exeggudor -Alola
|l|Ben Meehan
|l|bigruss55555
|l|SharuDOTexe
|l|itry99
|c| Jdcomix|Jeran stop being so damn cocky
|l|thefossefox
|l|DougSwellows
|l|LuxioBro
|l|Majin͜͡ Booooo✞
|c| Fwogman82|lol
|l|Zganefon
|l|Jdcomix
|c| Ourobore|lmfao
|l|littlelachyjn
|l|Skyzuma⍟
|c| jcazzi♔|was I the only person routing for ejran
|l|jcazzi♔
|l|pradhaaan
|l|Transfers
|c| Ourobore|yes
|l|Ourobore
|l|Unban Landorus I
|j|Leafage
|l|LPDP
|l|Leafage
|j|DJCHOZLEY
|l|Fwogman82
|l|diegoagr04
|l|DJCHOZLEY
|l|Krohnos
|l|Meliott39953
|l|ferocarril
|l|Camelectro</script>
</div>
<div class="battle-log battle-log-inline"><div class="inner"><div class="battle-options"></div><div class="inner"><div class="chat"><small>Jeran joined.</small></div><div class="chat"><small>PokemonC'estDur joined.</small></div><div class=""><small>Format:</small> <br><strong>RU</strong></div><div class=""><small><em>Sleep Clause Mod:</em> Limit one foe put to sleep</small></div><div class=""><small><em>Species Clause:</em> Limit one of each Pokémon</small></div><div class=""><small><em>OHKO Clause:</em> OHKO moves are banned</small></div><div class=""><small><em>Moody Clause:</em> Moody is banned</small></div><div class=""><small><em>Evasion Moves Clause:</em> Evasion moves are banned</small></div><div class=""><small><em>Endless Battle Clause:</em> Forcing endless battles is banned</small></div><div class=""><small><em>HP Percentage Mod:</em> HP is shown in percentages</small></div><div class=""><small><em>Swagger Clause:</em> Swagger is banned</small></div><div class=""><small><em>Baton Pass Clause:</em> Limit one Baton Passer, can't pass Spe and other stats simultaneously</small></div><div class="chat battle-history"><strong>Jeran's team:</strong> <em style="color:#445566;display:block;">Hoopa / Scrafty / Registeel / Flygon / Scyther / Rotom-Mow</em></div><div class="chat battle-history"><strong>PokemonC'estDur's team:</strong> <em style="color:#445566;display:block;">Camerupt / Eelektross / Ambipom / Granbull / Blastoise / Sigilyph</em></div><div class="chat"><small>Stats Bot joined.</small></div><div class="chat"><small>Stats Bot left.</small></div><div class="chat"><small>Kchamp joined.</small></div><div class="chat"><small>LPDP joined.</small></div><div class="chat"><small>thefossefox joined.</small></div><div class="chat"><small>Transfers joined.</small></div><div class="chat"><small>Real_Uchiha_Sasuke joined.</small></div><div class="chat"><small>Ourobore joined.</small></div><div class="chat"><small>pradhaaan joined.</small></div><div class="chat"><small>Jdcomix joined.</small></div><div class="chat"><small>z3d_pt joined.</small></div><div class="chat"><small>FuwaFuwaNeko joined.</small></div><div class="chat"><small>Exeggudor -Alola joined.</small></div><div class="chat"><small>jcazzi♔ joined.</small></div><div class="chat"><small>Ovbb joined.</small></div><div class="chat"><small>HexxaL joined.</small></div><div class="chat"><small>VitalFlames joined.</small></div><div class="chat"><small>Fwogman82 joined.</small></div><div class="chat"><small>Camelectro joined.</small></div><div class="chat"><small>Ben Meehan joined.</small></div><div class="chat chatmessage-jeran"><strong style="color:hsl(334,66%,46%)"><small>★</small><span class="username" data-name="Jeran">Jeran</span>:</strong> <em>gg</em></div><div class="chat"><small>DougSwellows joined.</small></div><div class="chat"><small>Pretamerienda joined.</small></div><div class="chat"><small>ZyrusAxel joined.</small></div><div class="chat chatmessage-pokemoncestdur"><strong style="color:hsl(351,69%,45%)"><small>★</small><span class="username" data-name="PokemonC'estDur">PokemonC'estDur</span>:</strong> <em>u2</em></div><div class="chat"><small>bigruss55555 joined.</small></div><div class="chat"><small>itry99 joined.</small></div><div class="chat"><small>tyranitartubeog joined.</small></div><div class="chat"><small>Majin͜͡ Booooo✞ joined.</small></div><div class="chat"><small>MidnightShadow02 joined.</small></div><div class="chat"><small>Krohnos joined.</small></div><div class="chat"><small>Skyzuma⍟ joined.</small></div><div class="spacer battle-history"><br></div><div class="battle-history">Battle started between Jeran and PokemonC'estDur!<br></div><div class="spacer battle-history"><br></div><div class="battle-history">Go! <strong>Flygon</strong>!<br></div><div class="spacer battle-history"><br></div><div class="battle-history">PokemonC'estDur sent out <strong>Eelektross</strong>!<br></div><div class="spacer battle-history"><br></div><h2 class="battle-history">Turn 1</h2><div class="chat"><small>LuxioBro joined.</small></div><div class="chat chatmessage-exeggudoralola"><strong style="color:hsl(245,40%,64.05764355555556%)"><small> </small><span class="username" data-name="Exeggudor -Alola">Exeggudor -Alola</span>:</strong> <em>Pokemon c est dour should win but jeran is good só good</em></div><div class="chat chatmessage-fuwafuwaneko"><em><i><strong style="color:hsl(174,68%,40%)">• <small> </small><span class="username" data-name="FuwaFuwaNeko">FuwaFuwaNeko</span></strong> turns into a cheer leader and cheers on senpai</i></em></div><div class="chat chatmessage-skyzuma"><strong style="color:hsl(0,53%,51.247486517001605%)"><small> </small><span class="username" data-name="Skyzuma⍟">Skyzuma⍟</span>:</strong> <em>scyther hype</em></div><div class="chat"><small>Arslanqwerty☭ joined.</small></div><div class="chat chatmessage-ourobore"><strong style="color:hsl(126,50%,36%)"><small> </small><span class="username" data-name="Ourobore">Ourobore</span>:</strong> <em>doesn't gg mean good game? aren't you supposed to say that at the end ? lmfao</em></div><div class="spacer battle-history"><br></div><div class="battle-history">Flygon used <strong>Draco Meteor</strong>!<br></div><div class="battle-history"><small>(The opposing Eelektross lost <abbr title="−164/373">44.0%</abbr> of its health!)</small><br></div><div class="battle-history"><small>Flygon's Special Attack fell harshly!</small><br></div><div class="battle-history"><small>Flygon lost some of its HP!</small><br></div><div class="spacer battle-history"><br></div><div class="battle-history">The opposing Eelektross used <strong>Knock Off</strong>!<br></div><div class="battle-history"><small>(Flygon lost <abbr title="−109/301">36.2%</abbr> of its health!)</small><br></div><div class="battle-history"><small>The opposing Eelektross knocked off Flygon's Life Orb!</small><br></div><div class="spacer battle-history"><br></div><h2 class="battle-history">Turn 2</h2><div class="chat"><small>Im rly Bored joined.</small></div><div class="chat"><small>Unban Landorus I joined.</small></div><div class="chat"><small>diegoagr04 joined.</small></div><div class="chat chatmessage-exeggudoralola"><strong style="color:hsl(245,40%,64.05764355555556%)"><small> </small><span class="username" data-name="Exeggudor -Alola">Exeggudor -Alola</span>:</strong> <em>Flygon must be a grass type</em></div><div class="chat"><small>DJCHOZLEY joined.</small></div><div class="spacer battle-history"><br></div><div class="battle-history">Flygon used <strong>U-turn</strong>!<br></div><div class="battle-history"><small>(The opposing Eelektross lost <abbr title="−64/373">17.2%</abbr> of its health!)</small><br></div><div class="chat"><small>icallhqckz joined.</small></div><div class="chat chatmessage-jdcomix"><strong style="color:hsl(37,44%,37.894936369085656%)"><small> </small><span class="username" data-name="Jdcomix">Jdcomix</span>:</strong> <em><span class="greentext">&gt;unban landorus i</span></em></div><div class="chat chatmessage-jdcomix"><strong style="color:hsl(37,44%,37.894936369085656%)"><small> </small><span class="username" data-name="Jdcomix">Jdcomix</span>:</strong> <em>no</em></div><div class="chat"><small>DJCHOZLEY left.</small></div><div class="chat chatmessage-unbanlandorusi"><strong style="color:hsl(249,55%,59.287688206028804%)"><small> </small><span class="username" data-name="Unban Landorus I">Unban Landorus I</span>:</strong> <em>yes</em></div><div class="spacer battle-history"><br></div><div class="battle-history">Flygon went back to Jeran!<br></div><div class="battle-history">Go! <strong>Registeel</strong>!<br></div><div class="spacer battle-history"><br></div><div class="battle-history">The opposing Eelektross used <strong>Volt Switch</strong>!<br></div><div class="battle-history"><small>(Registeel lost <abbr title="−63/364">17.3%</abbr> of its health!)</small><br></div><div class="chat"><small>Meliott39953 joined.</small></div><div class="chat"><small>MidnightShadow02 left.</small></div><div class="spacer battle-history"><br></div><div class="battle-history">The opposing Eelektross went back to PokemonC'estDur!<br></div><div class="battle-history">PokemonC'estDur sent out <strong>Camerupt</strong>!<br></div><div class="spacer battle-history"><br></div><div class="battle-history"><small>Registeel restored a little HP using its Leftovers!</small><br></div><div class="spacer battle-history"><br></div><h2 class="battle-history">Turn 3</h2><div class="chat"><small>cL 2ne1 joined.</small></div><div class="chat chatmessage-ourobore"><strong style="color:hsl(126,50%,36%)"><small> </small><span class="username" data-name="Ourobore">Ourobore</span>:</strong> <em>or is he just cocky?</em></div><div class="chat"><small>tyrek01 joined.</small></div><div class="chat chatmessage-transfers"><strong style="color:hsl(50,44%,38%)"><small> </small><span class="username" data-name="Transfers">Transfers</span>:</strong> <em>he is cocky</em></div><div class="chat"><small>n1bel joined.</small></div><div class="spacer battle-history"><br></div><div class="battle-history">Registeel, come back!<br></div><div class="battle-history">Go! <strong>Flygon</strong>!<br></div><div class="spacer battle-history"><br></div><div class="battle-history"><small>The opposing Camerupt's Cameruptite is reacting to PokemonC'estDur's Mega Bracelet!</small><br>The opposing Camerupt has Mega Evolved into Mega Camerupt!<br></div><div class="spacer battle-history"><br></div><div class="battle-history">The opposing Camerupt used <strong>Fire Blast</strong>!<br></div><div class="battle-history"><small>It's not very effective...</small><br></div><div class="battle-history"><small>(Flygon lost <abbr title="−162/301">53.8%</abbr> of its health!)</small><br></div><div class="spacer battle-history"><br></div><div class="battle-history">Flygon fainted!<br></div><div class="chat chatmessage-jcazzi"><strong style="color:hsl(184,61%,45.791241370174646%)"><small> </small><span class="username" data-name="jcazzi♔">jcazzi♔</span>:</strong> <em>he's not cocky, he's jera</em></div><div class="chat"><small>tyrek01 left.</small></div><div class="chat chatmessage-unbanlandorusi"><strong style="color:hsl(249,55%,59.287688206028804%)"><small> </small><span class="username" data-name="Unban Landorus I">Unban Landorus I</span>:</strong> <em>its not broken</em></div><div class="chat chatmessage-jcazzi"><strong style="color:hsl(184,61%,45.791241370174646%)"><small> </small><span class="username" data-name="jcazzi♔">jcazzi♔</span>:</strong> <em>jeran*</em></div><div class="chat chatmessage-exeggudoralola"><strong style="color:hsl(245,40%,64.05764355555556%)"><small> </small><span class="username" data-name="Exeggudor -Alola">Exeggudor -Alola</span>:</strong> <em>Lol</em></div><div class="chat chatmessage-fwogman82"><strong style="color:hsl(77,48%,34%)"><small> </small><span class="username" data-name="Fwogman82">Fwogman82</span>:</strong> <em>Jeran was winning 3-0 in the first and second rounds and 6-0 in the semi-finals, wtf</em></div><div class="chat chatmessage-transfers"><strong style="color:hsl(50,44%,38%)"><small> </small><span class="username" data-name="Transfers">Transfers</span>:</strong> <em>but i mean he's good so</em></div><div class="chat"><small>Mars549 joined.</small></div><div class="chat"><small>icallhqckz left.</small></div><div class="chat chatmessage-ourobore"><strong style="color:hsl(126,50%,36%)"><small> </small><span class="username" data-name="Ourobore">Ourobore</span>:</strong> <em>lol</em></div><div class="chat chatmessage-unbanlandorusi"><strong style="color:hsl(249,55%,59.287688206028804%)"><small> </small><span class="username" data-name="Unban Landorus I">Unban Landorus I</span>:</strong> <em>lol</em></div><div class="chat chatmessage-camelectro"><strong style="color:hsl(99,88%,34.330920981103624%)"><small> </small><span class="username" data-name="Camelectro">Camelectro</span>:</strong> <em>Jeran is dick</em></div><div class="chat"><small>AlamoMario joined.</small></div><div class="chat chatmessage-pretamerienda"><strong style="color:hsl(35,48%,44%)"><small> </small><span class="username" data-name="Pretamerienda">Pretamerienda</span>:</strong> <em>gg</em></div><div class="chat chatmessage-ourobore"><strong style="color:hsl(126,50%,36%)"><small> </small><span class="username" data-name="Ourobore">Ourobore</span>:</strong> <em>he has 1500 in LC and Ubers</em></div><div class="chat chatmessage-transfers"><strong style="color:hsl(50,44%,38%)"><small> </small><span class="username" data-name="Transfers">Transfers</span>:</strong> <em>"Unban Landorus I"</em></div><div class="chat chatmessage-ourobore"><strong style="color:hsl(126,50%,36%)"><small> </small><span class="username" data-name="Ourobore">Ourobore</span>:</strong> <em>lit</em></div><div class="chat"><small>Franco11Dragonite joined.</small></div><div class="chat"><small>Mars549 left.</small></div><div class="chat chatmessage-unbanlandorusi"><strong style="color:hsl(249,55%,59.287688206028804%)"><small> </small><span class="username" data-name="Unban Landorus I">Unban Landorus I</span>:</strong> <em>landorus isnt broken</em></div><div class="spacer battle-history"><br></div><div class="battle-history">Go! <strong>Scyther</strong>!<br></div><div class="spacer battle-history"><br></div><h2 class="battle-history">Turn 4</h2><div class="chat chatmessage-jdcomix"><strong style="color:hsl(37,44%,37.894936369085656%)"><small> </small><span class="username" data-name="Jdcomix">Jdcomix</span>:</strong> <em>lolno he's broken as shit</em></div><div class="chat chatmessage-exeggudoralola"><strong style="color:hsl(245,40%,64.05764355555556%)"><small> </small><span class="username" data-name="Exeggudor -Alola">Exeggudor -Alola</span>:</strong> <em>Probably jeran lost to my anithing Goes team</em></div><div class="chat chatmessage-jcazzi"><strong style="color:hsl(184,61%,45.791241370174646%)"><small> </small><span class="username" data-name="jcazzi♔">jcazzi♔</span>:</strong> <em>read the smogon forum</em></div><div class="chat chatmessage-unbanlandorusi"><strong style="color:hsl(249,55%,59.287688206028804%)"><small> </small><span class="username" data-name="Unban Landorus I">Unban Landorus I</span>:</strong> <em>no hes not</em></div><div class="spacer battle-history"><br></div><div class="battle-history">Scyther used <strong>Aerial Ace</strong>!<br></div><div class="battle-history"><small>(The opposing Camerupt lost <abbr title="−138/340">40.6%</abbr> of its health!)</small><br></div><div class="spacer battle-history"><br></div><div class="battle-history">The opposing Camerupt used <strong>Fire Blast</strong>!<br></div><div class="battle-history"><small>It's super effective!</small><br></div><div class="battle-history"><small>(Scyther lost <abbr title="−283/283">100%</abbr> of its health!)</small><br></div><div class="spacer battle-history"><br></div><div class="battle-history">Scyther fainted!<br></div><div class="chat"><small>Zganefon joined.</small></div><div class="spacer battle-history"><br></div><div class="battle-history">Go! <strong>Hoopa</strong>!<br></div><div class="spacer battle-history"><br></div><h2 class="battle-history">Turn 5</h2><div class="chat"><small>hjkjflfylyf joined.</small></div><div class="chat chatmessage-unbanlandorusi"><strong style="color:hsl(249,55%,59.287688206028804%)"><small> </small><span class="username" data-name="Unban Landorus I">Unban Landorus I</span>:</strong> <em>that forum is unconvincing</em></div><div class="spacer battle-history"><br></div><div class="battle-history">Hoopa used <strong>Shadow Ball</strong>!<br></div><div class="battle-history"><small>(The opposing Camerupt lost <abbr title="−202/340">59.4%</abbr> of its health!)</small><br></div><div class="spacer battle-history"><br></div><div class="battle-history">The opposing Camerupt fainted!<br></div><div class="chat chatmessage-camelectro"><strong style="color:hsl(99,88%,34.330920981103624%)"><small> </small><span class="username" data-name="Camelectro">Camelectro</span>:</strong> <em>qui veulent baiser?</em></div><div class="spacer battle-history"><br></div><div class="battle-history">PokemonC'estDur sent out <strong>Ambipom</strong>!<br></div><div class="spacer battle-history"><br></div><h2 class="battle-history">Turn 6</h2><div class="chat chatmessage-itry99"><strong style="color:hsl(13,41%,50.40839967393282%)"><small> </small><span class="username" data-name="itry99">itry99</span>:</strong> <em>no HP ground?</em></div><div class="chat"><small>Ovbb left.</small></div><div class="spacer battle-history"><br></div><div class="battle-history"><small>(Hoopa is being withdrawn...)</small><br></div><div class="spacer battle-history"><br></div><div class="battle-history">The opposing Ambipom used <strong>Pursuit</strong>!<br></div><div class="battle-history"><small>It's super effective!</small><br></div><div class="battle-history"><small>(Hoopa lost <abbr title="−301/301">100%</abbr> of its health!)</small><br></div><div class="spacer battle-history"><br></div><div class="battle-history">Hoopa fainted!<br></div><div class="chat chatmessage-jdcomix"><strong style="color:hsl(37,44%,37.894936369085656%)"><small> </small><span class="username" data-name="Jdcomix">Jdcomix</span>:</strong> <em>rip</em></div><div class="chat chatmessage-ourobore"><strong style="color:hsl(126,50%,36%)"><small> </small><span class="username" data-name="Ourobore">Ourobore</span>:</strong> <em>lmfao</em></div><div class="chat chatmessage-realuchihasasuke"><strong style="color:hsl(113,72%,38.00060406379976%)"><small> </small><span class="username" data-name="Real_Uchiha_Sasuke">Real_Uchiha_Sasuke</span>:</strong> <em>go pokemon</em></div><div class="chat chatmessage-hexxal"><strong style="color:hsl(278,43%,52.71167609516483%)"><small> </small><span class="username" data-name="HexxaL">HexxaL</span>:</strong> <em>ouai putain ouai</em></div><div class="spacer battle-history"><br></div><div class="battle-history">Go! Rotom (<strong>Rotom-Mow</strong>)!<br></div><div class="spacer battle-history"><br></div><h2 class="battle-history">Turn 7</h2><div class="chat chatmessage-pokemoncestdur"><strong style="color:hsl(351,69%,45%)"><small>★</small><span class="username" data-name="PokemonC'estDur">PokemonC'estDur</span>:</strong> <em>;)</em></div><div class="chat chatmessage-unbanlandorusi"><strong style="color:hsl(249,55%,59.287688206028804%)"><small> </small><span class="username" data-name="Unban Landorus I">Unban Landorus I</span>:</strong> <em>just that smogon bans everything</em></div><div class="chat chatmessage-realuchihasasuke"><strong style="color:hsl(113,72%,38.00060406379976%)"><small> </small><span class="username" data-name="Real_Uchiha_Sasuke">Real_Uchiha_Sasuke</span>:</strong> <em>defeat him</em></div><div class="chat chatmessage-camelectro"><strong style="color:hsl(99,88%,34.330920981103624%)"><small> </small><span class="username" data-name="Camelectro">Camelectro</span>:</strong> <em>Jeran, qui veulent baiser?</em></div><div class="chat chatmessage-itry99"><strong style="color:hsl(13,41%,50.40839967393282%)"><small> </small><span class="username" data-name="itry99">itry99</span>:</strong> <em>ah the risk trades</em></div><div class="chat"><small>Texas Football joined.</small></div><div class="spacer battle-history"><br></div><div class="battle-history">PokemonC'estDur withdrew Ambipom!<br></div><div class="battle-history">PokemonC'estDur sent out <strong>Eelektross</strong>!<br></div><div class="spacer battle-history"><br></div><div class="battle-history">Rotom used <strong>Volt Switch</strong>!<br></div><div class="battle-history"><small>It's not very effective...</small><br></div><div class="battle-history"><small>(The opposing Eelektross lost <abbr title="−45/373">12.1%</abbr> of its health!)</small><br></div><div class="chat chatmessage-benmeehan"><strong style="color:hsl(239,59%,66.62020337531916%)"><small> </small><span class="username" data-name="Ben Meehan">Ben Meehan</span>:</strong> <em>gg jeran</em></div><div class="spacer battle-history"><br></div><div class="battle-history">Rotom went back to Jeran!<br></div><div class="battle-history">Go! <strong>Scrafty</strong>!<br></div><div class="spacer battle-history"><br></div><h2 class="battle-history">Turn 8</h2><div class="spacer battle-history"><br></div><div class="battle-history">PokemonC'estDur withdrew Eelektross!<br></div><div class="battle-history">PokemonC'estDur sent out <strong>Granbull</strong>!<br></div><div class="battle-history"><small>[The opposing Granbull's Intimidate]</small><br></div><div class="battle-history"><small>Scrafty's Attack fell!</small><br></div><div class="spacer battle-history"><br></div><div class="battle-history">Scrafty used <strong>Knock Off</strong>!<br></div><div class="battle-history"><small>It's not very effective...</small><br></div><div class="battle-history"><small>(The opposing Granbull lost <abbr title="−42/384">10.9%</abbr> of its health!)</small><br></div><div class="battle-history"><small>Scrafty knocked off the opposing Granbull's Leftovers!</small><br></div><div class="spacer battle-history"><br></div><h2 class="battle-history">Turn 9</h2><div class="chat chatmessage-camelectro"><strong style="color:hsl(99,88%,34.330920981103624%)"><small> </small><span class="username" data-name="Camelectro">Camelectro</span>:</strong> <em>qui veulent baiser...</em></div><div class="chat chatmessage-exeggudoralola"><strong style="color:hsl(245,40%,64.05764355555556%)"><small> </small><span class="username" data-name="Exeggudor -Alola">Exeggudor -Alola</span>:</strong> <em>Elektross must be a water type</em></div><div class="chat"><small>Arslanqwerty☭ left.</small></div><div class="chat chatmessage-unbanlandorusi"><strong style="color:hsl(249,55%,59.287688206028804%)"><small> </small><span class="username" data-name="Unban Landorus I">Unban Landorus I</span>:</strong> <em>landorus is overrated</em></div><div class="chat chatmessage-fwogman82"><strong style="color:hsl(77,48%,34%)"><small> </small><span class="username" data-name="Fwogman82">Fwogman82</span>:</strong> <em>no</em></div><div class="spacer battle-history"><br></div><div class="battle-history">Scrafty, come back!<br></div><div class="battle-history">Go! <strong>Registeel</strong>!<br></div><div class="spacer battle-history"><br></div><div class="battle-history">The opposing Granbull used <strong>Earthquake</strong>!<br></div><div class="battle-history"><small>It's super effective!</small><br></div><div class="battle-history"><small>(Registeel lost <abbr title="−118/364">32.4%</abbr> of its health!)</small><br></div><div class="spacer battle-history"><br></div><div class="battle-history"><small>Registeel restored a little HP using its Leftovers!</small><br></div><div class="spacer battle-history"><br></div><h2 class="battle-history">Turn 10</h2><div class="chat chatmessage-hexxal"><strong style="color:hsl(278,43%,52.71167609516483%)"><small> </small><span class="username" data-name="HexxaL">HexxaL</span>:</strong> <em>veux Camelectro</em></div><div class="chat chatmessage-unbanlandorusi"><strong style="color:hsl(249,55%,59.287688206028804%)"><small> </small><span class="username" data-name="Unban Landorus I">Unban Landorus I</span>:</strong> <em>yes</em></div><div class="chat chatmessage-meliott39953"><strong style="color:hsl(185,43%,49.333333333333336%)"><small> </small><span class="username" data-name="Meliott39953">Meliott39953</span>:</strong> <em>PokemonC`esTDur is going to win</em></div><div class="chat chatmessage-exeggudoralola"><strong style="color:hsl(245,40%,64.05764355555556%)"><small> </small><span class="username" data-name="Exeggudor -Alola">Exeggudor -Alola</span>:</strong> <em>Not</em></div><div class="chat chatmessage-realuchihasasuke"><strong style="color:hsl(113,72%,38.00060406379976%)"><small> </small><span class="username" data-name="Real_Uchiha_Sasuke">Real_Uchiha_Sasuke</span>:</strong> <em><b>PokemonC'estDur</b> is a pro</em></div><div class="chat chatmessage-exeggudoralola"><strong style="color:hsl(245,40%,64.05764355555556%)"><small> </small><span class="username" data-name="Exeggudor -Alola">Exeggudor -Alola</span>:</strong> <em>he is good</em></div><div class="spacer battle-history"><br></div><div class="battle-history">PokemonC'estDur withdrew Granbull!<br></div><div class="battle-history">PokemonC'estDur sent out <strong>Eelektross</strong>!<br></div><div class="spacer battle-history"><br></div><div class="battle-history">Registeel used <strong>Toxic</strong>!<br></div><div class="battle-history"><small>The opposing Eelektross was badly poisoned!</small><br></div><div class="spacer battle-history"><br></div><div class="battle-history"><small>Registeel restored a little HP using its Leftovers!</small><br></div><div class="battle-history"><small>The opposing Eelektross was hurt by poison!</small><br></div><div class="spacer battle-history"><br></div><h2 class="battle-history">Turn 11</h2><div class="chat chatmessage-unbanlandorusi"><strong style="color:hsl(249,55%,59.287688206028804%)"><small> </small><span class="username" data-name="Unban Landorus I">Unban Landorus I</span>:</strong> <em>but not broken in ou</em></div><div class="chat chatmessage-realuchihasasuke"><strong style="color:hsl(113,72%,38.00060406379976%)"><small> </small><span class="username" data-name="Real_Uchiha_Sasuke">Real_Uchiha_Sasuke</span>:</strong> <em>omg</em></div><div class="spacer battle-history"><br></div><div class="battle-history">Registeel used <strong>Protect</strong>!<br></div><div class="battle-history"><small>Registeel protected itself!</small><br></div><div class="spacer battle-history"><br></div><div class="battle-history">The opposing Eelektross used <strong>Knock Off</strong>!<br></div><div class="battle-history"><small>Registeel protected itself!</small><br></div><div class="spacer battle-history"><br></div><div class="battle-history"><small>Registeel restored a little HP using its Leftovers!</small><br></div><div class="battle-history"><small>The opposing Eelektross was hurt by poison!</small><br></div><div class="spacer battle-history"><br></div><h2 class="battle-history">Turn 12</h2><div class="spacer battle-history"><br></div><div class="battle-history">Registeel used <strong>Stealth Rock</strong>!<br></div><div class="battle-history"><small>Pointed stones float in the air around the opposing team!</small><br></div><div class="spacer battle-history"><br></div><div class="battle-history">The opposing Eelektross used <strong>Knock Off</strong>!<br></div><div class="battle-history"><small>(Registeel lost <abbr title="−60/364">16.5%</abbr> of its health!)</small><br></div><div class="battle-history"><small>The opposing Eelektross knocked off Registeel's Leftovers!</small><br></div><div class="spacer battle-history"><br></div><div class="battle-history"><small>The opposing Eelektross was hurt by poison!</small><br></div><div class="spacer battle-history"><br></div><div class="battle-history">The opposing Eelektross fainted!<br></div><div class="chat chatmessage-realuchihasasuke"><strong style="color:hsl(113,72%,38.00060406379976%)"><small> </small><span class="username" data-name="Real_Uchiha_Sasuke">Real_Uchiha_Sasuke</span>:</strong> <em>rip that leftovers</em></div><div class="chat"><small>Crrs ☯ joined.</small></div><div class="chat"><small>agujetas joined.</small></div><div class="spacer battle-history"><br></div><div class="battle-history">PokemonC'estDur sent out <strong>Ambipom</strong>!<br></div><div class="battle-history"><small>Pointed stones dug into the opposing Ambipom!</small><br></div><div class="spacer battle-history"><br></div><h2 class="battle-history">Turn 13</h2><div class="chat"><small>Crrs ☯ left.</small></div><div class="spacer battle-history"><br></div><div class="battle-history">Registeel used <strong>Protect</strong>!<br></div><div class="battle-history"><small>Registeel protected itself!</small><br></div><div class="spacer battle-history"><br></div><div class="battle-history">The opposing Ambipom used <strong>Low Kick</strong>!<br></div><div class="battle-history"><small>Registeel protected itself!</small><br></div><div class="spacer battle-history"><br></div><h2 class="battle-history">Turn 14</h2><div class="chat"><small>agujetas left.</small></div><div class="chat"><small>Rulebreaking joined.</small></div><div class="chat"><small>cL 2ne1 left.</small></div><div class="spacer battle-history"><br></div><div class="battle-history">Registeel, come back!<br></div><div class="battle-history">Go! Rotom (<strong>Rotom-Mow</strong>)!<br></div><div class="spacer battle-history"><br></div><div class="battle-history">The opposing Ambipom used <strong>Low Kick</strong>!<br></div><div class="battle-history"><small>(Rotom lost <abbr title="−40/241">16.6%</abbr> of its health!)</small><br></div><div class="spacer battle-history"><br></div><h2 class="battle-history">Turn 15</h2><div class="chat chatmessage-realuchihasasuke"><strong style="color:hsl(113,72%,38.00060406379976%)"><small> </small><span class="username" data-name="Real_Uchiha_Sasuke">Real_Uchiha_Sasuke</span>:</strong> <em>what are the chances of PokemonC'estDur winning?</em></div><div class="chat chatmessage-fwogman82"><strong style="color:hsl(77,48%,34%)"><small> </small><span class="username" data-name="Fwogman82">Fwogman82</span>:</strong> <em>this is gonna be close</em></div><div class="chat chatmessage-realuchihasasuke"><strong style="color:hsl(113,72%,38.00060406379976%)"><small> </small><span class="username" data-name="Real_Uchiha_Sasuke">Real_Uchiha_Sasuke</span>:</strong> <em>i have to go</em></div><div class="chat"><small>a1.alex joined.</small></div><div class="chat chatmessage-fwogman82"><strong style="color:hsl(77,48%,34%)"><small> </small><span class="username" data-name="Fwogman82">Fwogman82</span>:</strong> <em>bai</em></div><div class="chat"><small>Hell Rayquaza1 joined.</small></div><div class="chat chatmessage-hexxal"><strong style="color:hsl(278,43%,52.71167609516483%)"><small> </small><span class="username" data-name="HexxaL">HexxaL</span>:</strong> <em>PokemonC'estDur is my friend do not touch it!</em></div><div class="chat chatmessage-jdcomix"><strong style="color:hsl(37,44%,37.894936369085656%)"><small> </small><span class="username" data-name="Jdcomix">Jdcomix</span>:</strong> <em>lol</em></div><div class="chat chatmessage-benmeehan"><strong style="color:hsl(239,59%,66.62020337531916%)"><small> </small><span class="username" data-name="Ben Meehan">Ben Meehan</span>:</strong> <em>hey hell ray</em></div><div class="spacer battle-history"><br></div><div class="battle-history">PokemonC'estDur withdrew Ambipom!<br></div><div class="battle-history">PokemonC'estDur sent out <strong>Blastoise</strong>!<br></div><div class="battle-history"><small>Pointed stones dug into the opposing Blastoise!</small><br></div><div class="spacer battle-history"><br></div><div class="battle-history">Rotom used <strong>Thunderbolt</strong>!<br></div><div class="battle-history"><small>It's super effective!</small><br></div><div class="battle-history"><small>(The opposing Blastoise lost <abbr title="−188/362">51.9%</abbr> of its health!)</small><br></div><div class="spacer battle-history"><br></div><div class="battle-history"><small>The opposing Blastoise restored a little HP using its Leftovers!</small><br></div><div class="spacer battle-history"><br></div><h2 class="battle-history">Turn 16</h2><div class="chat chatmessage-unbanlandorusi"><strong style="color:hsl(249,55%,59.287688206028804%)"><small> </small><span class="username" data-name="Unban Landorus I">Unban Landorus I</span>:</strong> <em>so when will he be unbanned</em></div><div class="chat chatmessage-jeran"><strong style="color:hsl(334,66%,46%)"><small>★</small><span class="username" data-name="Jeran">Jeran</span>:</strong> <em>do u actually think he can win?</em></div><div class="chat chatmessage-texasfootball"><strong style="color:hsl(183,47%,46%)"><small> </small><span class="username" data-name="Texas Football">Texas Football</span>:</strong> <em><b>Ladies and Men the Heisman Trophy winner of 2016-17 Football season is Jeran</b></em></div><div class="chat chatmessage-jdcomix"><strong style="color:hsl(37,44%,37.894936369085656%)"><small> </small><span class="username" data-name="Jdcomix">Jdcomix</span>:</strong> <em>jeran yes</em></div><div class="spacer battle-history"><br></div><div class="battle-history">Rotom used <strong>Thunderbolt</strong>!<br></div><div class="battle-history"><small>It's super effective!</small><br></div><div class="battle-history"><small>(The opposing Blastoise lost <abbr title="−151/362">41.7%</abbr> of its health!)</small><br></div><div class="spacer battle-history"><br></div><div class="battle-history">The opposing Blastoise fainted!<br></div><div class="chat chatmessage-texasfootball"><strong style="color:hsl(183,47%,46%)"><small> </small><span class="username" data-name="Texas Football">Texas Football</span>:</strong> <em><b>Please give your applause</b></em></div><div class="chat"><small>Real_Uchiha_Sasuke left.</small></div><div class="spacer battle-history"><br></div><div class="battle-history">PokemonC'estDur sent out <strong>Ambipom</strong>!<br></div><div class="battle-history"><small>Pointed stones dug into the opposing Ambipom!</small><br></div><div class="spacer battle-history"><br></div><h2 class="battle-history">Turn 17</h2><div class="chat chatmessage-jcazzi"><strong style="color:hsl(184,61%,45.791241370174646%)"><small> </small><span class="username" data-name="jcazzi♔">jcazzi♔</span>:</strong> <em>pokemon'estDur can't win</em></div><div class="chat chatmessage-hjkjflfylyf"><strong style="color:hsl(302,86%,40%)"><small> </small><span class="username" data-name="hjkjflfylyf">hjkjflfylyf</span>:</strong> <em>jeran won</em></div><div class="chat chatmessage-jdcomix"><strong style="color:hsl(37,44%,37.894936369085656%)"><small> </small><span class="username" data-name="Jdcomix">Jdcomix</span>:</strong> <em>unban landorus i he will never be unbanned lol</em></div><div class="spacer battle-history"><br></div><div class="battle-history">Rotom, come back!<br></div><div class="battle-history">Go! <strong>Registeel</strong>!<br></div><div class="spacer battle-history"><br></div><div class="battle-history">The opposing Ambipom used <strong>U-turn</strong>!<br></div><div class="battle-history"><small>It's not very effective...</small><br></div><div class="battle-history"><small>(Registeel lost <abbr title="−37/364">10.2%</abbr> of its health!)</small><br></div><div class="chat chatmessage-hellrayquaza1"><strong style="color:hsl(142,66%,36%)"><small> </small><span class="username" data-name="Hell Rayquaza1">Hell Rayquaza1</span>:</strong> <em><b>Boooooo</b></em></div><div class="chat chatmessage-camelectro"><strong style="color:hsl(99,88%,34.330920981103624%)"><small> </small><span class="username" data-name="Camelectro">Camelectro</span>:</strong> <em>from 3-5 to 3-3...</em></div><div class="chat chatmessage-rulebreaking"><strong style="color:hsl(138,64%,35%)"><small> </small><span class="username" data-name="Rulebreaking">Rulebreaking</span>:</strong> <em>The reason I lost was because I let my registeel lose</em></div><div class="chat chatmessage-rulebreaking"><strong style="color:hsl(138,64%,35%)"><small> </small><span class="username" data-name="Rulebreaking">Rulebreaking</span>:</strong> <em>die*</em></div><div class="spacer battle-history"><br></div><div class="battle-history">The opposing Ambipom went back to PokemonC'estDur!<br></div><div class="battle-history">PokemonC'estDur sent out <strong>Sigilyph</strong>!<br></div><div class="spacer battle-history"><br></div><h2 class="battle-history">Turn 18</h2><div class="chat chatmessage-jcazzi"><strong style="color:hsl(184,61%,45.791241370174646%)"><small> </small><span class="username" data-name="jcazzi♔">jcazzi♔</span>:</strong> <em>you mean faint</em></div><div class="chat chatmessage-hexxal"><strong style="color:hsl(278,43%,52.71167609516483%)"><small> </small><span class="username" data-name="HexxaL">HexxaL</span>:</strong> <em>NOOOO GOD</em></div><div class="chat"><small>TheNewBrends11 joined.</small></div><div class="chat chatmessage-exeggudoralola"><strong style="color:hsl(245,40%,64.05764355555556%)"><small> </small><span class="username" data-name="Exeggudor -Alola">Exeggudor -Alola</span>:</strong> <em>Meloetta</em></div><div class="chat chatmessage-unbanlandorusi"><strong style="color:hsl(249,55%,59.287688206028804%)"><small> </small><span class="username" data-name="Unban Landorus I">Unban Landorus I</span>:</strong> <em>when will he</em></div><div class="chat"><small>Ben52201 joined.</small></div><div class="spacer battle-history"><br></div><div class="battle-history">The opposing Sigilyph used <strong>Calm Mind</strong>!<br></div><div class="battle-history"><small>The opposing Sigilyph's Special Attack rose!</small><br></div><div class="battle-history"><small>The opposing Sigilyph's Special Defense rose!</small><br></div><div class="spacer battle-history"><br></div><div class="battle-history">Registeel used <strong>Seismic Toss</strong>!<br></div><div class="battle-history"><small>(The opposing Sigilyph lost <abbr title="−100/285">35.1%</abbr> of its health!)</small><br></div><div class="spacer battle-history"><br></div><h2 class="battle-history">Turn 19</h2><div class="chat chatmessage-hjkjflfylyf"><strong style="color:hsl(302,86%,40%)"><small> </small><span class="username" data-name="hjkjflfylyf">hjkjflfylyf</span>:</strong> <em>you can do it jeran</em></div><div class="chat"><small>Ben52201 left.</small></div><div class="spacer battle-history"><br></div><div class="battle-history">Registeel, come back!<br></div><div class="battle-history">Go! <strong>Scrafty</strong>!<br></div><div class="spacer battle-history"><br></div><div class="battle-history">The opposing Sigilyph used <strong>Heat Wave</strong>!<br></div><div class="battle-history"><small>Scrafty avoided the attack!</small><br></div><div class="spacer battle-history"><br></div><h2 class="battle-history">Turn 20</h2><div class="chat"><small>a1.alex left.</small></div><div class="chat chatmessage-jdcomix"><strong style="color:hsl(37,44%,37.894936369085656%)"><small> </small><span class="username" data-name="Jdcomix">Jdcomix</span>:</strong> <em>rip</em></div><div class="chat chatmessage-pokemoncestdur"><strong style="color:hsl(351,69%,45%)"><small>★</small><span class="username" data-name="PokemonC'estDur">PokemonC'estDur</span>:</strong> <em>:/</em></div><div class="spacer battle-history"><br></div><div class="battle-history">PokemonC'estDur withdrew Sigilyph!<br></div><div class="battle-history">PokemonC'estDur sent out <strong>Granbull</strong>!<br></div><div class="battle-history"><small>Pointed stones dug into the opposing Granbull!</small><br></div><div class="battle-history"><small>[The opposing Granbull's Intimidate]</small><br></div><div class="battle-history"><small>Scrafty's Attack fell!</small><br></div><div class="spacer battle-history"><br></div><div class="battle-history">Scrafty used <strong>Knock Off</strong>!<br></div><div class="battle-history"><small>It's not very effective...</small><br></div><div class="battle-history"><small>(The opposing Granbull lost <abbr title="−24/384">6.3%</abbr> of its health!)</small><br></div><div class="spacer battle-history"><br></div><h2 class="battle-history">Turn 21</h2><div class="chat chatmessage-ourobore"><strong style="color:hsl(126,50%,36%)"><small> </small><span class="username" data-name="Ourobore">Ourobore</span>:</strong> <em>damn</em></div><div class="chat"><small>Ben52201 joined.</small></div><div class="spacer battle-history"><br></div><div class="battle-history">Scrafty, come back!<br></div><div class="battle-history">Go! <strong>Registeel</strong>!<br></div><div class="spacer battle-history"><br></div><div class="battle-history">PokemonC'estDur withdrew Granbull!<br></div><div class="battle-history">PokemonC'estDur sent out <strong>Sigilyph</strong>!<br></div><div class="spacer battle-history"><br></div><h2 class="battle-history">Turn 22</h2><div class="chat"><small>pivot5 joined.</small></div><div class="chat"><small>Rulebreaking left.</small></div><div class="chat"><small>SharuDOTexe joined.</small></div><div class="chat chatmessage-ourobore"><strong style="color:hsl(126,50%,36%)"><small> </small><span class="username" data-name="Ourobore">Ourobore</span>:</strong> <em>wow</em></div><div class="spacer battle-history"><br></div><div class="battle-history">Registeel, come back!<br></div><div class="battle-history">Go! Rotom (<strong>Rotom-Mow</strong>)!<br></div><div class="spacer battle-history"><br></div><div class="battle-history">The opposing Sigilyph used <strong>Heat Wave</strong>!<br></div><div class="battle-history"><small>It's super effective!</small><br></div><div class="battle-history"><small>(Rotom lost <abbr title="−201/241">83.4%</abbr> of its health!)</small><br></div><div class="spacer battle-history"><br></div><div class="battle-history">Rotom fainted!<br></div><div class="chat chatmessage-ourobore"><strong style="color:hsl(126,50%,36%)"><small> </small><span class="username" data-name="Ourobore">Ourobore</span>:</strong> <em>plays</em></div><div class="spacer battle-history"><br></div><div class="battle-history">Go! <strong>Scrafty</strong>!<br></div><div class="spacer battle-history"><br></div><h2 class="battle-history">Turn 23</h2><div class="chat chatmessage-hexxal"><strong style="color:hsl(278,43%,52.71167609516483%)"><small> </small><span class="username" data-name="HexxaL">HexxaL</span>:</strong> <em>OUAIIIIIIIII</em></div><div class="chat chatmessage-majinbooooo"><strong style="color:hsl(122,70%,37%)"><small> </small><span class="username" data-name="Majin͜͡ Booooo✞">Majin͜͡ Booooo✞</span>:</strong> <em>shot</em></div><div class="spacer battle-history"><br></div><div class="battle-history">The opposing Sigilyph used <strong>Air Slash</strong>!<br></div><div class="battle-history"><small>It's super effective!</small><br></div><div class="battle-history"><small>(Scrafty lost <abbr title="−242/273">88.6%</abbr> of its health!)</small><br></div><div class="spacer battle-history"><br></div><div class="battle-history">Scrafty used <strong>Dragon Dance</strong>!<br></div><div class="battle-history"><small>Scrafty's Attack rose!</small><br></div><div class="battle-history"><small>Scrafty's Speed rose!</small><br></div><div class="spacer battle-history"><br></div><div class="battle-history"><small>Scrafty restored a little HP using its Leftovers!</small><br></div><div class="spacer battle-history"><br></div><h2 class="battle-history">Turn 24</h2><div class="chat chatmessage-jdcomix"><strong style="color:hsl(37,44%,37.894936369085656%)"><small> </small><span class="username" data-name="Jdcomix">Jdcomix</span>:</strong> <em>sacking the rotom why?</em></div><div class="spacer battle-history"><br></div><div class="battle-history">Scrafty used <strong>Knock Off</strong>!<br></div><div class="battle-history"><small>It's super effective!</small><br></div><div class="battle-history"><small>(The opposing Sigilyph lost <abbr title="−185/285">64.9%</abbr> of its health!)</small><br></div><div class="battle-history"><small>Scrafty knocked off the opposing Sigilyph's Life Orb!</small><br></div><div class="spacer battle-history"><br></div><div class="battle-history">The opposing Sigilyph fainted!<br></div><div class="spacer battle-history"><br></div><div class="battle-history"><small>Scrafty restored a little HP using its Leftovers!</small><br></div><div class="chat"><small>ferocarril joined.</small></div><div class="chat chatmessage-hellrayquaza1"><strong style="color:hsl(142,66%,36%)"><small> </small><span class="username" data-name="Hell Rayquaza1">Hell Rayquaza1</span>:</strong> <em>you can't afford to lose it</em></div><div class="spacer battle-history"><br></div><div class="battle-history">PokemonC'estDur sent out <strong>Ambipom</strong>!<br></div><div class="battle-history"><small>Pointed stones dug into the opposing Ambipom!</small><br></div><div class="spacer battle-history"><br></div><h2 class="battle-history">Turn 25</h2><div class="chat chatmessage-skyzuma"><strong style="color:hsl(0,53%,51.247486517001605%)"><small> </small><span class="username" data-name="Skyzuma⍟">Skyzuma⍟</span>:</strong> <em>not sure tho</em></div><div class="chat chatmessage-jeran"><strong style="color:hsl(334,66%,46%)"><small>★</small><span class="username" data-name="Jeran">Jeran</span>:</strong> <em>oh well</em></div><div class="chat chatmessage-fwogman82"><strong style="color:hsl(77,48%,34%)"><small> </small><span class="username" data-name="Fwogman82">Fwogman82</span>:</strong> <em>this is so close</em></div><div class="chat chatmessage-hjkjflfylyf"><strong style="color:hsl(302,86%,40%)"><small> </small><span class="username" data-name="hjkjflfylyf">hjkjflfylyf</span>:</strong> <em>fake out?</em></div><div class="chat"><small>littlelachyjn joined.</small></div><div class="chat chatmessage-lpdp"><strong style="color:hsl(203,85%,44%)"><small> </small><span class="username" data-name="LPDP">LPDP</span>:</strong> <em>*insert epic anime music*</em></div><div class="spacer battle-history"><br></div><div class="battle-history">Scrafty, come back!<br></div><div class="battle-history">Go! <strong>Registeel</strong>!<br></div><div class="spacer battle-history"><br></div><div class="battle-history">The opposing Ambipom used <strong>Low Kick</strong>!<br></div><div class="battle-history"><small>It's super effective!</small><br></div><div class="battle-history"><small>(Registeel lost <abbr title="−174/364">47.8%</abbr> of its health!)</small><br></div><div class="spacer battle-history"><br></div><div class="battle-history">Registeel fainted!<br></div><div class="spacer battle-history"><br></div><div class="battle-history">Go! <strong>Scrafty</strong>!<br></div><div class="spacer battle-history"><br></div><h2 class="battle-history">Turn 26</h2><div class="chat chatmessage-thenewbrends11"><strong style="color:hsl(233,82%,60.38891409545889%)"><small> </small><span class="username" data-name="TheNewBrends11">TheNewBrends11</span>:</strong> <em>ambi is quite deadly due to his high speed and power</em></div><div class="chat chatmessage-pokemoncestdur"><strong style="color:hsl(351,69%,45%)"><small>★</small><span class="username" data-name="PokemonC'estDur">PokemonC'estDur</span>:</strong> <em>gg</em></div><div class="chat chatmessage-transfers"><strong style="color:hsl(50,44%,38%)"><small> </small><span class="username" data-name="Transfers">Transfers</span>:</strong> <em>LOL</em></div><div class="chat chatmessage-jdcomix"><strong style="color:hsl(37,44%,37.894936369085656%)"><small> </small><span class="username" data-name="Jdcomix">Jdcomix</span>:</strong> <em>inb4 fake out</em></div><div class="chat chatmessage-hexxal"><strong style="color:hsl(278,43%,52.71167609516483%)"><small> </small><span class="username" data-name="HexxaL">HexxaL</span>:</strong> <em>GGGGGGGGG</em></div><div class="chat chatmessage-jdcomix"><strong style="color:hsl(37,44%,37.894936369085656%)"><small> </small><span class="username" data-name="Jdcomix">Jdcomix</span>:</strong> <em>lol</em></div><div class="chat chatmessage-hexxal"><strong style="color:hsl(278,43%,52.71167609516483%)"><small> </small><span class="username" data-name="HexxaL">HexxaL</span>:</strong> <em>GGGGGGGG</em></div><div class="chat chatmessage-hexxal"><strong style="color:hsl(278,43%,52.71167609516483%)"><small> </small><span class="username" data-name="HexxaL">HexxaL</span>:</strong> <em>GGGGGGGG</em></div><div class="chat chatmessage-sharudotexe"><strong style="color:hsl(162,64%,33%)"><small> </small><span class="username" data-name="SharuDOTexe">SharuDOTexe</span>:</strong> <em>gg</em></div><div class="chat chatmessage-hexxal"><strong style="color:hsl(278,43%,52.71167609516483%)"><small> </small><span class="username" data-name="HexxaL">HexxaL</span>:</strong> <em>GGGGGGGG</em></div><div class="chat chatmessage-jeran"><strong style="color:hsl(334,66%,46%)"><small>★</small><span class="username" data-name="Jeran">Jeran</span>:</strong> <em>shit players can win to</em></div><div class="chat chatmessage-jdcomix"><strong style="color:hsl(37,44%,37.894936369085656%)"><small> </small><span class="username" data-name="Jdcomix">Jdcomix</span>:</strong> <em>that was an awful play jeran</em></div><div class="chat chatmessage-sharudotexe"><strong style="color:hsl(162,64%,33%)"><small> </small><span class="username" data-name="SharuDOTexe">SharuDOTexe</span>:</strong> <em>ggggggggggggg</em></div><div class="spacer battle-history"><br></div><div class="battle-history">The opposing Ambipom used <strong>Low Kick</strong>!<br></div><div class="battle-history"><small>It's super effective!</small><br></div><div class="battle-history"><small>(Scrafty lost <abbr title="−65/273">23.8%</abbr> of its health!)</small><br></div><div class="spacer battle-history"><br></div><div class="battle-history">Scrafty fainted!<br></div><div class="spacer battle-history"><br></div><div class="battle-history"><strong>PokemonC'estDur</strong> won the battle!<br></div><div class="chat chatmessage-camelectro"><strong style="color:hsl(99,88%,34.330920981103624%)"><small> </small><span class="username" data-name="Camelectro">Camelectro</span>:</strong> <em>hahaahahahaha</em></div><div class="chat chatmessage-benmeehan"><strong style="color:hsl(239,59%,66.62020337531916%)"><small> </small><span class="username" data-name="Ben Meehan">Ben Meehan</span>:</strong> <em>gg</em></div><div class="chat chatmessage-hexxal"><strong style="color:hsl(278,43%,52.71167609516483%)"><small> </small><span class="username" data-name="HexxaL">HexxaL</span>:</strong> <em>GGGGGGGG</em></div><div class="chat"><small>Hell Rayquaza1 left.</small></div><div class="chat"><small>n1bel left.</small></div><div class="chat chatmessage-hexxal"><strong style="color:hsl(278,43%,52.71167609516483%)"><small> </small><span class="username" data-name="HexxaL">HexxaL</span>:</strong> <em>GGGGGGGG</em></div><div class="chat chatmessage-jdcomix"><strong style="color:hsl(37,44%,37.894936369085656%)"><small> </small><span class="username" data-name="Jdcomix">Jdcomix</span>:</strong> <em>looool</em></div><div class="chat chatmessage-hexxal"><strong style="color:hsl(278,43%,52.71167609516483%)"><small> </small><span class="username" data-name="HexxaL">HexxaL</span>:</strong> <em>GGGGGGGG</em></div><div class="chat chatmessage-hexxal"><strong style="color:hsl(278,43%,52.71167609516483%)"><small> </small><span class="username" data-name="HexxaL">HexxaL</span>:</strong> <em>GGGGGGGG</em></div><div class="chat chatmessage-hexxal"><strong style="color:hsl(278,43%,52.71167609516483%)"><small> </small><span class="username" data-name="HexxaL">HexxaL</span>:</strong> <em>GGGGGGGG</em></div><div class="chat chatmessage-exeggudoralola"><strong style="color:hsl(245,40%,64.05764355555556%)"><small> </small><span class="username" data-name="Exeggudor -Alola">Exeggudor -Alola</span>:</strong> <em>Gg</em></div><div class="chat chatmessage-majinbooooo"><strong style="color:hsl(122,70%,37%)"><small> </small><span class="username" data-name="Majin͜͡ Booooo✞">Majin͜͡ Booooo✞</span>:</strong> <em>Jeran</em></div><div class="chat chatmessage-pokemoncestdur"><strong style="color:hsl(351,69%,45%)"><small>★</small><span class="username" data-name="PokemonC'estDur">PokemonC'estDur</span>:</strong> <em>hatred</em></div><div class="chat"><small>Kchamp left.</small></div><div class="chat chatmessage-jdcomix"><strong style="color:hsl(37,44%,37.894936369085656%)"><small> </small><span class="username" data-name="Jdcomix">Jdcomix</span>:</strong> <em>you choked</em></div><div class="chat"><small>Im rly Bored left.</small></div><div class="chat"><small>Ben52201 left.</small></div><div class="chat chatmessage-luxiobro"><strong style="color:hsl(265,62%,56.268894522034735%)"><small> </small><span class="username" data-name="LuxioBro">LuxioBro</span>:</strong> <em>salty</em></div><div class="chat chatmessage-majinbooooo"><strong style="color:hsl(122,70%,37%)"><small> </small><span class="username" data-name="Majin͜͡ Booooo✞">Majin͜͡ Booooo✞</span>:</strong> <em>the only shit player is you</em></div><div class="chat"><small>Texas Football left.</small></div><div class="chat"><small>PokemonC'estDur left.</small></div><div class="chat"><small>HexxaL left.</small></div><div class="chat"><small>hjkjflfylyf left.</small></div><div class="chat"><small>Jeran left.</small></div><div class="chat"><small>TheNewBrends11 left.</small></div><div class="chat"><small>AlamoMario left.</small></div><div class="chat chatmessage-majinbooooo"><strong style="color:hsl(122,70%,37%)"><small> </small><span class="username" data-name="Majin͜͡ Booooo✞">Majin͜͡ Booooo✞</span>:</strong> <em>full of headweight</em></div><div class="chat"><small>pivot5 left.</small></div><div class="chat"><small>VitalFlames left.</small></div><div class="chat"><small>Exeggudor -Alola left.</small></div><div class="chat"><small>Ben Meehan left.</small></div><div class="chat"><small>bigruss55555 left.</small></div><div class="chat"><small>SharuDOTexe left.</small></div><div class="chat"><small>itry99 left.</small></div><div class="chat chatmessage-jdcomix"><strong style="color:hsl(37,44%,37.894936369085656%)"><small> </small><span class="username" data-name="Jdcomix">Jdcomix</span>:</strong> <em>Jeran stop being so damn cocky</em></div><div class="chat"><small>thefossefox left.</small></div><div class="chat"><small>DougSwellows left.</small></div><div class="chat"><small>LuxioBro left.</small></div><div class="chat"><small>Majin͜͡ Booooo✞ left.</small></div><div class="chat chatmessage-fwogman82"><strong style="color:hsl(77,48%,34%)"><small> </small><span class="username" data-name="Fwogman82">Fwogman82</span>:</strong> <em>lol</em></div><div class="chat"><small>Zganefon left.</small></div><div class="chat"><small>Jdcomix left.</small></div><div class="chat chatmessage-ourobore"><strong style="color:hsl(126,50%,36%)"><small> </small><span class="username" data-name="Ourobore">Ourobore</span>:</strong> <em>lmfao</em></div><div class="chat"><small>littlelachyjn left.</small></div><div class="chat"><small>Skyzuma⍟ left.</small></div><div class="chat chatmessage-jcazzi"><strong style="color:hsl(184,61%,45.791241370174646%)"><small> </small><span class="username" data-name="jcazzi♔">jcazzi♔</span>:</strong> <em>was I the only person routing for ejran</em></div><div class="chat"><small>jcazzi♔ left.</small></div><div class="chat"><small>pradhaaan left.</small></div><div class="chat"><small>Transfers left.</small></div><div class="chat chatmessage-ourobore"><strong style="color:hsl(126,50%,36%)"><small> </small><span class="username" data-name="Ourobore">Ourobore</span>:</strong> <em>yes</em></div><div class="chat"><small>Ourobore left.</small></div><div class="chat"><small>Unban Landorus I left.</small></div><div class="chat"><small>Leafage joined.</small></div><div class="chat"><small>LPDP left.</small></div><div class="chat"><small>Leafage left.</small></div><div class="chat"><small>DJCHOZLEY joined.</small></div><div class="chat"><small>Fwogman82 left.</small></div><div class="chat"><small>diegoagr04 left.</small></div><div class="chat"><small>DJCHOZLEY left.</small></div><div class="chat"><small>Krohnos left.</small></div><div class="chat"><small>Meliott39953 left.</small></div><div class="chat"><small>ferocarril left.</small></div><div class="chat"><small>Camelectro left.</small></div></div><div class="inner-preempt"></div></div></div>
</div>
<script>
let daily = Math.floor(Date.now()/1000/60/60/24);document.write('<script src="https://play.pokemonshowdown.com/js/replay-embed.js?version'+daily+'"></'+'script>');
</script>
