<!DOCTYPE html>
<meta charset="utf-8" />
<!-- version 1 -->
<title>RU replay: CaptKnightwalker vs. Solgaleon</title>
<style>
html,body {font-family:Verdana, sans-serif;font-size:10pt;margin:0;padding:0;}body{padding:12px 0;} .battle-log {font-family:Verdana, sans-serif;font-size:10pt;} .battle-log-inline {border:1px solid #AAAAAA;background:#EEF2F5;color:black;max-width:640px;margin:0 auto 80px;padding-bottom:5px;} .battle-log .inner {padding:4px 8px 0px 8px;} .battle-log .inner-preempt {padding:0 8px 4px 8px;} .battle-log .inner-after {margin-top:0.5em;} .battle-log h2 {margin:0.5em -8px;padding:4px 8px;border:1px solid #AAAAAA;background:#E0E7EA;border-left:0;border-right:0;font-family:Verdana, sans-serif;font-size:13pt;} .battle-log .chat {vertical-align:middle;padding:3px 0 3px 0;font-size:8pt;} .battle-log .chat strong {color:#40576A;} .battle-log .chat em {padding:1px 4px 1px 3px;color:#000000;font-style:normal;} .chat.mine {background:rgba(0,0,0,0.05);margin-left:-8px;margin-right:-8px;padding-left:8px;padding-right:8px;} .spoiler {color:#BBBBBB;background:#BBBBBB;padding:0px 3px;} .spoiler:hover, .spoiler:active, .spoiler-shown {color:#000000;background:#E2E2E2;padding:0px 3px;} .spoiler a {color:#BBBBBB;} .spoiler:hover a, .spoiler:active a, .spoiler-shown a {color:#2288CC;} .chat code, .chat .spoiler:hover code, .chat .spoiler:active code, .chat .spoiler-shown code {border:1px solid #C0C0C0;background:#EEEEEE;color:black;padding:0 2px;} .chat .spoiler code {border:1px solid #CCCCCC;background:#CCCCCC;color:#CCCCCC;} .battle-log .rated {padding:3px 4px;} .battle-log .rated strong {color:white;background:#89A;padding:1px 4px;border-radius:4px;} .spacer {margin-top:0.5em;} .message-announce {background:#6688AA;color:white;padding:1px 4px 2px;} .message-announce a, .broadcast-green a, .broadcast-blue a, .broadcast-red a {color:#DDEEFF;} .broadcast-green {background-color:#559955;color:white;padding:2px 4px;} .broadcast-blue {background-color:#6688AA;color:white;padding:2px 4px;} .infobox {border:1px solid #6688AA;padding:2px 4px;} .infobox-limited {max-height:200px;overflow:auto;overflow-x:hidden;} .broadcast-red {background-color:#AA5544;color:white;padding:2px 4px;} .message-learn-canlearn {font-weight:bold;color:#228822;text-decoration:underline;} .message-learn-cannotlearn {font-weight:bold;color:#CC2222;text-decoration:underline;} .message-effect-weak {font-weight:bold;color:#CC2222;} .message-effect-resist {font-weight:bold;color:#6688AA;} .message-effect-immune {font-weight:bold;color:#666666;} .message-learn-list {margin-top:0;margin-bottom:0;} .message-throttle-notice, .message-error {color:#992222;} .message-overflow, .chat small.message-overflow {font-size:0pt;} .message-overflow::before {font-size:9pt;content:'...';} .subtle {color:#3A4A66;}
</style>
<div class="wrapper replay-wrapper" style="max-width:1180px;margin:0 auto">
<input type="hidden" name="replayid" value="ru-574895948" />
<div class="battle"></div><div class="battle-log"></div><div class="replay-controls"></div><div class="replay-controls-2"></div>
<h1 style="font-weight:normal;text-align:center"><strong>RU</strong><br /><a href="http://pokemonshowdown.com/users/captknightwalker" class="subtle" target="_blank">CaptKnightwalker</a> vs. <a href="http://pokemonshowdown.com/users/solgaleon" class="subtle" target="_blank">Solgaleon</a></h1>
<script type="text/plain" class="battle-log-data">|j|CaptKnightwalker
|j|Solgaleon
|player|p1|CaptKnightwalker|251
|player|p2|Solgaleon|2
|gametype|singles
|gen|6
|tier|RU
|seed|14334,8687,23078,36102
|rule|Sleep Clause Mod: Limit one foe put to sleep
|rule|Species Clause: Limit one of each Pokémon
|rule|OHKO Clause: OHKO moves are banned
|rule|Moody Clause: Moody is banned
|rule|Evasion Moves Clause: Evasion moves are banned
|rule|Endless Battle Clause: Forcing endless battles is banned
|rule|HP Percentage Mod: HP is shown in percentages
|clearpoke
|poke|p1|Flygon, M|item
|poke|p1|Magneton|item
|poke|p1|Diancie|item
|poke|p1|Slowking, M|item
|poke|p1|Venusaur, F|item
|poke|p1|Scyther, M, shiny|item
|poke|p2|Hoopa|item
|poke|p2|Scrafty, M|item
|poke|p2|Registeel|item
|poke|p2|Flygon, M|item
|poke|p2|Scyther, F|item
|poke|p2|Rotom-Mow|item
|rule|Swagger Clause: Swagger is banned
|rule|Baton Pass Clause: Limit one Baton Passer, can't pass Spe and other stats simultaneously
|teampreview
|c|☆CaptKnightwalker|ssry  for delay
|c|☆CaptKnightwalker|hf
|c|☆Solgaleon|dw, hf
|j|CobalionCouncil
|choice|team 6, team 2, team 3, team 4, team 5, team 1|team 3, team 2, team 1, team 4, team 5, team 6
|
|start
|switch|p1a: Scooter|Scyther, M, shiny|281\/281
|switch|p2a: Registeel|Registeel|364\/364
|turn|1
|choice|move knockoff|move stealthrock
|
|move|p1a: Scooter|Knock Off|p2a: Registeel
|-damage|p2a: Registeel|256\/364
|-enditem|p2a: Registeel|Leftovers|[from] move: Knock Off|[of] p1a: Scooter
|move|p2a: Registeel|Stealth Rock|p1a: Scooter
|-sidestart|p1: CaptKnightwalker|move: Stealth Rock
|
|upkeep
|turn|2
|choice|switch 6|move protect
|
|switch|p1a: Flygon|Flygon, M|364\/364
|-damage|p1a: Flygon|342\/364|[from] Stealth Rock
|move|p2a: Registeel|Protect|p2a: Registeel
|-fail|p2a: Registeel
|
|-heal|p1a: Flygon|364\/364|[from] item: Leftovers
|upkeep
|turn|3
|choice|move defog|switch 5
|
|switch|p2a: Scyther|Scyther, F|283\/283
|move|p1a: Flygon|Defog|p2a: Scyther
|-unboost|p2a: Scyther|evasion|1
|-sideend|p1: CaptKnightwalker|Stealth Rock|[from] move: Defog|[of] p1a: Flygon
|
|upkeep
|turn|4
|choice|move roost|move knockoff
|
|move|p2a: Scyther|Knock Off|p1a: Flygon
|-damage|p1a: Flygon|237\/364
|-enditem|p1a: Flygon|Leftovers|[from] move: Knock Off|[of] p2a: Scyther
|move|p1a: Flygon|Roost|p1a: Flygon
|-heal|p1a: Flygon|364\/364
|
|upkeep
|turn|5
|choice|move uturn|move uturn
|
|move|p2a: Scyther|U-turn|p1a: Flygon
|-damage|p1a: Flygon|235\/364
|choice||switch 2
|
|switch|p2a: Scrafty|Scrafty, M|273\/273
|move|p1a: Flygon|U-turn|p2a: Scrafty
|-damage|p2a: Scrafty|227\/273
|choice|switch 6|
|
|switch|p1a: Scooter|Scyther, M, shiny|281\/281
|
|-heal|p2a: Scrafty|244\/273|[from] item: Leftovers
|upkeep
|turn|6
|j|Arikrox
|choice|move uturn|move knockoff
|
|move|p1a: Scooter|U-turn|p2a: Scrafty
|-damage|p2a: Scrafty|84\/273
|choice|switch 5|
|
|switch|p1a: Venusaur|Venusaur, F|364\/364
|move|p2a: Scrafty|Knock Off|p1a: Venusaur
|-damage|p1a: Venusaur|247\/364
|-enditem|p1a: Venusaur|Black Sludge|[from] move: Knock Off|[of] p2a: Scrafty
|
|-heal|p2a: Scrafty|101\/273|[from] item: Leftovers
|upkeep
|turn|7
|choice|move leechseed|switch 2
|
|switch|p2a: Scyther|Scyther, F|283\/283
|move|p1a: Venusaur|Leech Seed|p2a: Scyther
|-start|p2a: Scyther|move: Leech Seed
|
|-damage|p2a: Scyther|248\/283|[from] Leech Seed|[of] p1a: Venusaur
|-heal|p1a: Venusaur|282\/364|[silent]
|upkeep
|turn|8
|choice|switch 3|move uturn
|
|switch|p1a: Diancie|Diancie|299\/299
|move|p2a: Scyther|U-turn|p1a: Diancie
|-resisted|p1a: Diancie
|-damage|p1a: Diancie|261\/299
|choice||switch 6
|
|switch|p2a: Rotom|Rotom-Mow|241\/241
|
|-heal|p1a: Diancie|279\/299|[from] item: Leftovers
|upkeep
|turn|9
|choice|switch 3|move voltswitch
|
|switch|p1a: Venusaur|Venusaur, F|282\/364
|move|p2a: Rotom|Volt Switch|p1a: Venusaur
|-resisted|p1a: Venusaur
|-damage|p1a: Venusaur|230\/364
|choice||switch 3
|
|switch|p2a: Hoopa|Hoopa|301\/301
|
|upkeep
|turn|10
|choice|switch 5|move hyperspacehole
|
|switch|p1a: Scooter|Scyther, M, shiny|281\/281
|move|p2a: Hoopa|Hyperspace Hole|p1a: Scooter
|-damage|p1a: Scooter|0 fnt
|faint|p1a: Scooter
|
|upkeep
|c| CobalionCouncil|biem
|c|☆CaptKnightwalker|the game i decide to change teams f
|choice|switch 2|
|
|switch|p1a: Magneton|Magneton|241\/241
|turn|11
|c|☆Solgaleon|wat is biem
|c|☆Solgaleon|bedoel je niet "boem"
|c| CobalionCouncil|nee, biem
|c| CobalionCouncil|ken je dat filmpje niet
|c|☆Solgaleon|is dat een nieuw woord
|choice|switch 5|switch 4
|
|switch|p2a: Flygon|Flygon, M|301\/301
|switch|p1a: Venusaur|Venusaur, F|230\/364
|
|upkeep
|turn|12
|c| CobalionCouncil|smh
|c|☆Solgaleon|nee
|c| CobalionCouncil|geniaal is dat
|choice|move synthesis|move dracometeor
|
|move|p2a: Flygon|Draco Meteor|p1a: Venusaur
|-damage|p1a: Venusaur|16\/364
|-unboost|p2a: Flygon|spa|2
|-damage|p2a: Flygon|271\/301|[from] item: Life Orb
|move|p1a: Venusaur|Synthesis|p1a: Venusaur
|-heal|p1a: Venusaur|198\/364
|
|upkeep
|turn|13
|c| CobalionCouncil|zo'n zwerver die biem zegt
|choice|move synthesis|move uturn
|
|move|p2a: Flygon|U-turn|p1a: Venusaur
|-damage|p1a: Venusaur|143\/364
|-damage|p2a: Flygon|241\/301|[from] item: Life Orb
|c|☆Solgaleon|o...ke
|c|☆Solgaleon|is dat filmpje bekend
|choice||switch 4
|
|switch|p2a: Hoopa|Hoopa|301\/301
|move|p1a: Venusaur|Synthesis|p1a: Venusaur
|-heal|p1a: Venusaur|325\/364
|
|upkeep
|turn|14
|choice|move leechseed|move hyperspacehole
|
|move|p2a: Hoopa|Hyperspace Hole|p1a: Venusaur
|-supereffective|p1a: Venusaur
|-damage|p1a: Venusaur|0 fnt
|faint|p1a: Venusaur
|
|upkeep
|c| CobalionCouncil|ja
|c|☆Solgaleon|hoeveel views
|c| CobalionCouncil|best wel heel erg
|c| CobalionCouncil|moet ik het opzoeken?
|c|☆Solgaleon|ja
|choice|switch 5|
|
|switch|p1a: Magneton|Magneton|241\/241
|turn|15
|choice|move flashcannon|switch 4
|
|switch|p2a: Flygon|Flygon, M|241\/301
|move|p1a: Magneton|Flash Cannon|p2a: Flygon
|-damage|p2a: Flygon|0 fnt
|faint|p2a: Flygon
|
|upkeep
|c| CobalionCouncil|http:\/\/www.dumpert.nl\/tag\/biem
|c| CobalionCouncil|hele circlejerk geworden
|c|☆Solgaleon|"dikke boem in file"
|c|☆Solgaleon|???
|c| CobalionCouncil|http:\/\/www.dumpert.nl\/mediabase\/6931235\/31e87e2b\/hoe_ging_die_knal_.html
|c| CobalionCouncil|dit is het origineel
|c| CobalionCouncil|ook nog op YouTube gepost, remixen van gemaakt, al die shit
|c|☆CaptKnightwalker|u mind ending this fast?
|c|☆Solgaleon|jezus
|c|☆Solgaleon|okay sorry
|choice||switch 6
|
|switch|p2a: Scyther|Scyther, F|248\/283
|turn|16
|c|☆Solgaleon|was a little distracted
|choice|switch 3|move knockoff
|
|switch|p1a: Diancie|Diancie|279\/299
|move|p2a: Scyther|Knock Off|p1a: Diancie
|-resisted|p1a: Diancie
|-damage|p1a: Diancie|246\/299
|-enditem|p1a: Diancie|Leftovers|[from] move: Knock Off|[of] p2a: Scyther
|
|upkeep
|turn|17
|c|☆Solgaleon|cc die gast lijkt op fpb
|choice|move stealthrock|move uturn
|
|move|p2a: Scyther|U-turn|p1a: Diancie
|-resisted|p1a: Diancie
|-damage|p1a: Diancie|204\/299
|c| CobalionCouncil|hoe dat zo?
|choice||switch 3
|
|switch|p2a: Rotom|Rotom-Mow|241\/241
|move|p1a: Diancie|Stealth Rock|p2a: Rotom
|-sidestart|p2: Solgaleon|move: Stealth Rock
|
|upkeep
|turn|18
|c|☆Solgaleon|ja is gewoon zo
|choice|switch 3|move leafstorm
|
|switch|p1a: Magneton|Magneton|241\/241
|move|p2a: Rotom|Leaf Storm|p1a: Magneton|[miss]
|-miss|p2a: Rotom|p1a: Magneton
|
|upkeep
|turn|19
|c| CobalionCouncil|meer op Drud, aangezien hij knorrig is
|choice|move thunderbolt|move leafstorm
|
|move|p2a: Rotom|Leaf Storm|p1a: Magneton
|-resisted|p1a: Magneton
|-damage|p1a: Magneton|114\/241
|-unboost|p2a: Rotom|spa|2
|move|p1a: Magneton|Thunderbolt|p2a: Rotom
|-resisted|p2a: Rotom
|-damage|p2a: Rotom|163\/241
|
|upkeep
|turn|20
|c|☆Solgaleon|is fpb niet knorrig dan
|choice|move thunderbolt|switch 5
|
|switch|p2a: Registeel|Registeel|256\/364
|-damage|p2a: Registeel|234\/364|[from] Stealth Rock
|move|p1a: Magneton|Thunderbolt|p2a: Registeel
|-crit|p2a: Registeel
|-damage|p2a: Registeel|0 fnt
|faint|p2a: Registeel
|
|upkeep
|choice||switch 5
|
|switch|p2a: Rotom|Rotom-Mow|163\/241
|-damage|p2a: Rotom|133\/241|[from] Stealth Rock
|turn|21
|choice|switch 6|move leafstorm
|
|switch|p1a: Flygon|Flygon, M|235\/364
|move|p2a: Rotom|Leaf Storm|p1a: Flygon
|-damage|p1a: Flygon|37\/364
|-unboost|p2a: Rotom|spa|2
|
|upkeep
|turn|22
|c| CobalionCouncil|valt mee
|choice|switch 4|move leafstorm
|
|switch|p1a: Slowking|Slowking, M|394\/394
|move|p2a: Rotom|Leaf Storm|p1a: Slowking
|-supereffective|p1a: Slowking
|-damage|p1a: Slowking|202\/394
|-unboost|p2a: Rotom|spa|2
|
|-heal|p1a: Slowking|226\/394|[from] item: Leftovers
|upkeep
|turn|23
|choice|move thunderwave|switch 2
|
|switch|p2a: Scrafty|Scrafty, M|101\/273
|-damage|p2a: Scrafty|84\/273|[from] Stealth Rock
|move|p1a: Slowking|Thunder Wave|p2a: Scrafty
|-status|p2a: Scrafty|par
|
|-heal|p1a: Slowking|250\/394|[from] item: Leftovers
|-heal|p2a: Scrafty|101\/273 par|[from] item: Leftovers
|upkeep
|turn|24
|choice|move slackoff|move highjumpkick
|
|move|p1a: Slowking|Slack Off|p1a: Slowking
|-heal|p1a: Slowking|394\/394
|move|p2a: Scrafty|High Jump Kick|p1a: Slowking
|-resisted|p1a: Slowking
|-damage|p1a: Slowking|315\/394
|
|-heal|p1a: Slowking|339\/394|[from] item: Leftovers
|-heal|p2a: Scrafty|118\/273 par|[from] item: Leftovers
|upkeep
|turn|25
|choice|move scald|move dragondance
|
|move|p1a: Slowking|Scald|p2a: Scrafty
|-damage|p2a: Scrafty|30\/273 par
|cant|p2a: Scrafty|par
|
|-heal|p1a: Slowking|363\/394|[from] item: Leftovers
|-activate|p2a: Scrafty|ability: Shed Skin
|-curestatus|p2a: Scrafty|par|[msg]
|-heal|p2a: Scrafty|47\/273|[from] item: Leftovers
|upkeep
|turn|26
|choice|move thunderwave|move rest
|
|move|p2a: Scrafty|Rest|p2a: Scrafty
|-status|p2a: Scrafty|slp
|-heal|p2a: Scrafty|273\/273 slp|[silent]
|-status|p2a: Scrafty|slp|[from] move: Rest
|move|p1a: Slowking|Thunder Wave|p2a: Scrafty
|-fail|p2a: Scrafty
|
|-activate|p2a: Scrafty|ability: Shed Skin
|-curestatus|p2a: Scrafty|slp|[msg]
|-heal|p1a: Slowking|387\/394|[from] item: Leftovers
|upkeep
|turn|27
|choice|move thunderwave|move dragondance
|
|move|p2a: Scrafty|Dragon Dance|p2a: Scrafty
|-boost|p2a: Scrafty|atk|1
|-boost|p2a: Scrafty|spe|1
|move|p1a: Slowking|Thunder Wave|p2a: Scrafty
|-status|p2a: Scrafty|par
|
|-heal|p1a: Slowking|394\/394|[from] item: Leftovers
|upkeep
|turn|28
|choice|move dragontail|move highjumpkick
|
|cant|p2a: Scrafty|par
|move|p1a: Slowking|Dragon Tail|p2a: Scrafty
|-damage|p2a: Scrafty|244\/273 par
|drag|p2a: Rotom|Rotom-Mow|133\/241
|-damage|p2a: Rotom|103\/241|[from] Stealth Rock
|
|upkeep
|turn|29
|choice|switch 4|move leafstorm
|
|switch|p1a: Flygon|Flygon, M|37\/364
|move|p2a: Rotom|Leaf Storm|p1a: Flygon|[miss]
|-miss|p2a: Rotom|p1a: Flygon
|
|upkeep
|turn|30
|choice|move uturn|move leafstorm
|
|move|p2a: Rotom|Leaf Storm|p1a: Flygon
|-damage|p1a: Flygon|0 fnt
|-unboost|p2a: Rotom|spa|2
|faint|p1a: Flygon
|
|upkeep
|choice|switch 6|
|
|switch|p1a: Magneton|Magneton|114\/241
|turn|31
|choice|move thunderbolt|switch 3
|
|switch|p2a: Scyther|Scyther, F|248\/283
|-damage|p2a: Scyther|107\/283|[from] Stealth Rock
|move|p1a: Magneton|Thunderbolt|p2a: Scyther
|-supereffective|p2a: Scyther
|-damage|p2a: Scyther|0 fnt
|faint|p2a: Scyther
|
|upkeep
|j|AFuckNotBeingGiven
|choice||switch 3
|
|switch|p2a: Rotom|Rotom-Mow|103\/241
|-damage|p2a: Rotom|73\/241|[from] Stealth Rock
|turn|32
|choice|move thunderbolt|move leafstorm
|
|move|p2a: Rotom|Leaf Storm|p1a: Magneton|[miss]
|-miss|p2a: Rotom|p1a: Magneton
|move|p1a: Magneton|Thunderbolt|p2a: Rotom
|-resisted|p2a: Rotom
|-damage|p2a: Rotom|0 fnt
|faint|p2a: Rotom
|
|upkeep
|c| Arikrox|wow
|c| CobalionCouncil|and that's the whole game ladies and gents
|c|☆Solgaleon|how
|c|☆Solgaleon|did that happen
|choice||switch 4
|
|switch|p2a: Hoopa|Hoopa|301\/301
|-damage|p2a: Hoopa|264\/301|[from] Stealth Rock
|turn|33
|choice|move thunderbolt|move shadowball
|
|move|p2a: Hoopa|Shadow Ball|p1a: Magneton
|-damage|p1a: Magneton|0 fnt
|faint|p1a: Magneton
|
|upkeep
|choice|switch 3|
|
|switch|p1a: Diancie|Diancie|204\/299
|turn|34
|c| AFuckNotBeingGiven|tbh CKW is just skilled
|choice|move diamondstorm|switch 2
|
|switch|p2a: Scrafty|Scrafty, M|244\/273 par
|-damage|p2a: Scrafty|227\/273 par|[from] Stealth Rock
|move|p1a: Diancie|Diamond Storm|p2a: Scrafty
|-resisted|p2a: Scrafty
|-damage|p2a: Scrafty|173\/273 par
|-boost|p1a: Diancie|def|1
|
|-heal|p2a: Scrafty|190\/273 par|[from] item: Leftovers
|upkeep
|turn|35
|choice|move moonblast|move highjumpkick
|
|move|p1a: Diancie|Moonblast|p2a: Scrafty
|-supereffective|p2a: Scrafty
|-crit|p2a: Scrafty
|-damage|p2a: Scrafty|0 fnt
|faint|p2a: Scrafty
|
|upkeep
|c|☆CaptKnightwalker|yeah this sucked
|c| AFuckNotBeingGiven|;-;
|j|Cavalovisk
|l|Cavalovisk
|choice||switch 2
|
|switch|p2a: Hoopa|Hoopa|264\/301
|-damage|p2a: Hoopa|227\/301|[from] Stealth Rock
|turn|36
|choice|move diamondstorm|move shadowball
|
|move|p2a: Hoopa|Shadow Ball|p1a: Diancie
|-damage|p1a: Diancie|81\/299
|move|p1a: Diancie|Diamond Storm|p2a: Hoopa
|-damage|p2a: Hoopa|62\/301
|-boost|p1a: Diancie|def|1
|
|upkeep
|turn|37
|choice|move diamondstorm|move shadowball
|
|move|p2a: Hoopa|Shadow Ball|p1a: Diancie
|-damage|p1a: Diancie|0 fnt
|faint|p1a: Diancie
|
|upkeep
|choice|switch 4|
|
|switch|p1a: Slowking|Slowking, M|394\/394
|turn|38
|choice|move scald|move shadowball
|
|move|p2a: Hoopa|Shadow Ball|p1a: Slowking
|-supereffective|p1a: Slowking
|-damage|p1a: Slowking|0 fnt
|faint|p1a: Slowking
|
|win|Solgaleon
|l|AFuckNotBeingGiven
|c|☆Solgaleon|do u have g2 replay
|c|☆Solgaleon|i forgot to save it
|c|☆CaptKnightwalker|see u still wn :)</script>
</div>
<div class="battle-log battle-log-inline"><div class="inner"><div class="battle-options"></div><div class="inner"><div class="chat"><small>CaptKnightwalker joined.</small></div><div class="chat"><small>Solgaleon joined.</small></div><div class=""><small>Format:</small> <br><strong>RU</strong></div><div class=""><small><em>Sleep Clause Mod:</em> Limit one foe put to sleep</small></div><div class=""><small><em>Species Clause:</em> Limit one of each Pokémon</small></div><div class=""><small><em>OHKO Clause:</em> OHKO moves are banned</small></div><div class=""><small><em>Moody Clause:</em> Moody is banned</small></div><div class=""><small><em>Evasion Moves Clause:</em> Evasion moves are banned</small></div><div class=""><small><em>Endless Battle Clause:</em> Forcing endless battles is banned</small></div><div class=""><small><em>HP Percentage Mod:</em> HP is shown in percentages</small></div><div class=""><small><em>Swagger Clause:</em> Swagger is banned</small></div><div class=""><small><em>Baton Pass Clause:</em> Limit one Baton Passer, can't pass Spe and other stats simultaneously</small></div><div class="chat battle-history"><strong>CaptKnightwalker's team:</strong> <em style="color:#445566;display:block;">Flygon / Magneton / Diancie / Slowking / Venusaur / Scyther</em></div><div class="chat battle-history"><strong>Solgaleon's team:</strong> <em style="color:#445566;display:block;">Hoopa / Scrafty / Registeel / Flygon / Scyther / Rotom-Mow</em></div><div class="chat chatmessage-captknightwalker"><strong style="color:hsl(48,43%,34%)"><small>☆</small><span class="username" data-name="CaptKnightwalker">CaptKnightwalker</span>:</strong> <em>ssry  for delay</em></div><div class="chat chatmessage-captknightwalker"><strong style="color:hsl(48,43%,34%)"><small>☆</small><span class="username" data-name="CaptKnightwalker">CaptKnightwalker</span>:</strong> <em>hf</em></div><div class="chat chatmessage-solgaleon"><strong style="color:hsl(198,61%,44%)"><small>☆</small><span class="username" data-name="Solgaleon">Solgaleon</span>:</strong> <em>dw, hf</em></div><div class="chat"><small>CobalionCouncil joined.</small></div><div class="spacer battle-history"><br></div><div class="battle-history">Battle started between CaptKnightwalker and Solgaleon!<br></div><div class="spacer battle-history"><br></div><div class="battle-history">Go! Scooter (<strong>Scyther</strong>)!<br></div><div class="spacer battle-history"><br></div><div class="battle-history">Solgaleon sent out <strong>Registeel</strong>!<br></div><div class="spacer battle-history"><br></div><h2 class="battle-history">Turn 1</h2><div class="spacer battle-history"><br></div><div class="battle-history">Scooter used <strong>Knock Off</strong>!<br></div><div class="battle-history"><small>(The opposing Registeel lost <abbr title="−108/364">29.7%</abbr> of its health!)</small><br></div><div class="battle-history"><small>Scooter knocked off the opposing Registeel's Leftovers!</small><br></div><div class="spacer battle-history"><br></div><div class="battle-history">The opposing Registeel used <strong>Stealth Rock</strong>!<br></div><div class="battle-history"><small>Pointed stones float in the air around your team!</small><br></div><div class="spacer battle-history"><br></div><h2 class="battle-history">Turn 2</h2><div class="spacer battle-history"><br></div><div class="battle-history">Scooter, come back!<br></div><div class="battle-history">Go! <strong>Flygon</strong>!<br></div><div class="battle-history"><small>Pointed stones dug into Flygon!</small><br></div><div class="spacer battle-history"><br></div><div class="battle-history">The opposing Registeel used <strong>Protect</strong>!<br></div><div class="battle-history"><small>But it failed!</small><br></div><div class="spacer battle-history"><br></div><div class="battle-history"><small>Flygon restored a little HP using its Leftovers!</small><br></div><div class="spacer battle-history"><br></div><h2 class="battle-history">Turn 3</h2><div class="spacer battle-history"><br></div><div class="battle-history">Solgaleon withdrew Registeel!<br></div><div class="battle-history">Solgaleon sent out <strong>Scyther</strong>!<br></div><div class="spacer battle-history"><br></div><div class="battle-history">Flygon used <strong>Defog</strong>!<br></div><div class="battle-history"><small>The opposing Scyther's evasiveness fell!</small><br></div><div class="battle-history"><small>The pointed stones disappeared from around your team!</small><br></div><div class="spacer battle-history"><br></div><h2 class="battle-history">Turn 4</h2><div class="spacer battle-history"><br></div><div class="battle-history">The opposing Scyther used <strong>Knock Off</strong>!<br></div><div class="battle-history"><small>(Flygon lost <abbr title="−127/364">34.9%</abbr> of its health!)</small><br></div><div class="battle-history"><small>The opposing Scyther knocked off Flygon's Leftovers!</small><br></div><div class="spacer battle-history"><br></div><div class="battle-history">Flygon used <strong>Roost</strong>!<br></div><div class="battle-history"><small>Flygon restored its HP.</small><br></div><div class="spacer battle-history"><br></div><h2 class="battle-history">Turn 5</h2><div class="spacer battle-history"><br></div><div class="battle-history">The opposing Scyther used <strong>U-turn</strong>!<br></div><div class="battle-history"><small>(Flygon lost <abbr title="−129/364">35.4%</abbr> of its health!)</small><br></div><div class="spacer battle-history"><br></div><div class="battle-history">The opposing Scyther went back to Solgaleon!<br></div><div class="battle-history">Solgaleon sent out <strong>Scrafty</strong>!<br></div><div class="spacer battle-history"><br></div><div class="battle-history">Flygon used <strong>U-turn</strong>!<br></div><div class="battle-history"><small>(The opposing Scrafty lost <abbr title="−46/273">16.8%</abbr> of its health!)</small><br></div><div class="spacer battle-history"><br></div><div class="battle-history">Flygon went back to CaptKnightwalker!<br></div><div class="battle-history">Go! Scooter (<strong>Scyther</strong>)!<br></div><div class="spacer battle-history"><br></div><div class="battle-history"><small>The opposing Scrafty restored a little HP using its Leftovers!</small><br></div><div class="spacer battle-history"><br></div><h2 class="battle-history">Turn 6</h2><div class="chat"><small>Arikrox joined.</small></div><div class="spacer battle-history"><br></div><div class="battle-history">Scooter used <strong>U-turn</strong>!<br></div><div class="battle-history"><small>(The opposing Scrafty lost <abbr title="−160/273">58.6%</abbr> of its health!)</small><br></div><div class="spacer battle-history"><br></div><div class="battle-history">Scooter went back to CaptKnightwalker!<br></div><div class="battle-history">Go! <strong>Venusaur</strong>!<br></div><div class="spacer battle-history"><br></div><div class="battle-history">The opposing Scrafty used <strong>Knock Off</strong>!<br></div><div class="battle-history"><small>(Venusaur lost <abbr title="−117/364">32.1%</abbr> of its health!)</small><br></div><div class="battle-history"><small>The opposing Scrafty knocked off Venusaur's Black Sludge!</small><br></div><div class="spacer battle-history"><br></div><div class="battle-history"><small>The opposing Scrafty restored a little HP using its Leftovers!</small><br></div><div class="spacer battle-history"><br></div><h2 class="battle-history">Turn 7</h2><div class="spacer battle-history"><br></div><div class="battle-history">Solgaleon withdrew Scrafty!<br></div><div class="battle-history">Solgaleon sent out <strong>Scyther</strong>!<br></div><div class="spacer battle-history"><br></div><div class="battle-history">Venusaur used <strong>Leech Seed</strong>!<br></div><div class="battle-history"><small>The opposing Scyther was seeded!</small><br></div><div class="spacer battle-history"><br></div><div class="battle-history"><small>The opposing Scyther's health is sapped by Leech Seed!</small><br></div><div class="spacer battle-history"><br></div><h2 class="battle-history">Turn 8</h2><div class="spacer battle-history"><br></div><div class="battle-history">Venusaur, come back!<br></div><div class="battle-history">Go! <strong>Diancie</strong>!<br></div><div class="spacer battle-history"><br></div><div class="battle-history">The opposing Scyther used <strong>U-turn</strong>!<br></div><div class="battle-history"><small>It's not very effective...</small><br></div><div class="battle-history"><small>(Diancie lost <abbr title="−38/299">12.7%</abbr> of its health!)</small><br></div><div class="spacer battle-history"><br></div><div class="battle-history">The opposing Scyther went back to Solgaleon!<br></div><div class="battle-history">Solgaleon sent out Rotom (<strong>Rotom-Mow</strong>)!<br></div><div class="spacer battle-history"><br></div><div class="battle-history"><small>Diancie restored a little HP using its Leftovers!</small><br></div><div class="spacer battle-history"><br></div><h2 class="battle-history">Turn 9</h2><div class="spacer battle-history"><br></div><div class="battle-history">Diancie, come back!<br></div><div class="battle-history">Go! <strong>Venusaur</strong>!<br></div><div class="spacer battle-history"><br></div><div class="battle-history">The opposing Rotom used <strong>Volt Switch</strong>!<br></div><div class="battle-history"><small>It's not very effective...</small><br></div><div class="battle-history"><small>(Venusaur lost <abbr title="−52/364">14.3%</abbr> of its health!)</small><br></div><div class="spacer battle-history"><br></div><div class="battle-history">The opposing Rotom went back to Solgaleon!<br></div><div class="battle-history">Solgaleon sent out <strong>Hoopa</strong>!<br></div><div class="spacer battle-history"><br></div><h2 class="battle-history">Turn 10</h2><div class="spacer battle-history"><br></div><div class="battle-history">Venusaur, come back!<br></div><div class="battle-history">Go! Scooter (<strong>Scyther</strong>)!<br></div><div class="spacer battle-history"><br></div><div class="battle-history">The opposing Hoopa used <strong>Hyperspace Hole</strong>!<br></div><div class="battle-history"><small>(Scooter lost <abbr title="−281/281">100%</abbr> of its health!)</small><br></div><div class="spacer battle-history"><br></div><div class="battle-history">Scooter fainted!<br></div><div class="chat chatmessage-cobalioncouncil"><strong style="color:hsl(342,82%,46.39025449357308%)"><small> </small><span class="username" data-name="CobalionCouncil">CobalionCouncil</span>:</strong> <em>biem</em></div><div class="chat chatmessage-captknightwalker"><strong style="color:hsl(48,43%,34%)"><small>☆</small><span class="username" data-name="CaptKnightwalker">CaptKnightwalker</span>:</strong> <em>the game i decide to change teams f</em></div><div class="spacer battle-history"><br></div><div class="battle-history">Go! <strong>Magneton</strong>!<br></div><div class="spacer battle-history"><br></div><h2 class="battle-history">Turn 11</h2><div class="chat chatmessage-solgaleon"><strong style="color:hsl(198,61%,44%)"><small>☆</small><span class="username" data-name="Solgaleon">Solgaleon</span>:</strong> <em>wat is biem</em></div><div class="chat chatmessage-solgaleon"><strong style="color:hsl(198,61%,44%)"><small>☆</small><span class="username" data-name="Solgaleon">Solgaleon</span>:</strong> <em>bedoel je niet "boem"</em></div><div class="chat chatmessage-cobalioncouncil"><strong style="color:hsl(342,82%,46.39025449357308%)"><small> </small><span class="username" data-name="CobalionCouncil">CobalionCouncil</span>:</strong> <em>nee, biem</em></div><div class="chat chatmessage-cobalioncouncil"><strong style="color:hsl(342,82%,46.39025449357308%)"><small> </small><span class="username" data-name="CobalionCouncil">CobalionCouncil</span>:</strong> <em>ken je dat filmpje niet</em></div><div class="chat chatmessage-solgaleon"><strong style="color:hsl(198,61%,44%)"><small>☆</small><span class="username" data-name="Solgaleon">Solgaleon</span>:</strong> <em>is dat een nieuw woord</em></div><div class="spacer battle-history"><br></div><div class="battle-history">Solgaleon withdrew Hoopa!<br></div><div class="battle-history">Solgaleon sent out <strong>Flygon</strong>!<br></div><div class="spacer battle-history"><br></div><div class="battle-history">Magneton, come back!<br></div><div class="battle-history">Go! <strong>Venusaur</strong>!<br></div><div class="spacer battle-history"><br></div><h2 class="battle-history">Turn 12</h2><div class="chat chatmessage-cobalioncouncil"><strong style="color:hsl(342,82%,46.39025449357308%)"><small> </small><span class="username" data-name="CobalionCouncil">CobalionCouncil</span>:</strong> <em>smh</em></div><div class="chat chatmessage-solgaleon"><strong style="color:hsl(198,61%,44%)"><small>☆</small><span class="username" data-name="Solgaleon">Solgaleon</span>:</strong> <em>nee</em></div><div class="chat chatmessage-cobalioncouncil"><strong style="color:hsl(342,82%,46.39025449357308%)"><small> </small><span class="username" data-name="CobalionCouncil">CobalionCouncil</span>:</strong> <em>geniaal is dat</em></div><div class="spacer battle-history"><br></div><div class="battle-history">The opposing Flygon used <strong>Draco Meteor</strong>!<br></div><div class="battle-history"><small>(Venusaur lost <abbr title="−214/364">58.8%</abbr> of its health!)</small><br></div><div class="battle-history"><small>The opposing Flygon's Special Attack fell harshly!</small><br></div><div class="battle-history"><small>The opposing Flygon lost some of its HP!</small><br></div><div class="spacer battle-history"><br></div><div class="battle-history">Venusaur used <strong>Synthesis</strong>!<br></div><div class="battle-history"><small>Venusaur restored its HP.</small><br></div><div class="spacer battle-history"><br></div><h2 class="battle-history">Turn 13</h2><div class="chat chatmessage-cobalioncouncil"><strong style="color:hsl(342,82%,46.39025449357308%)"><small> </small><span class="username" data-name="CobalionCouncil">CobalionCouncil</span>:</strong> <em>zo'n zwerver die biem zegt</em></div><div class="spacer battle-history"><br></div><div class="battle-history">The opposing Flygon used <strong>U-turn</strong>!<br></div><div class="battle-history"><small>(Venusaur lost <abbr title="−55/364">15.1%</abbr> of its health!)</small><br></div><div class="battle-history"><small>The opposing Flygon lost some of its HP!</small><br></div><div class="chat chatmessage-solgaleon"><strong style="color:hsl(198,61%,44%)"><small>☆</small><span class="username" data-name="Solgaleon">Solgaleon</span>:</strong> <em>o...ke</em></div><div class="chat chatmessage-solgaleon"><strong style="color:hsl(198,61%,44%)"><small>☆</small><span class="username" data-name="Solgaleon">Solgaleon</span>:</strong> <em>is dat filmpje bekend</em></div><div class="spacer battle-history"><br></div><div class="battle-history">The opposing Flygon went back to Solgaleon!<br></div><div class="battle-history">Solgaleon sent out <strong>Hoopa</strong>!<br></div><div class="spacer battle-history"><br></div><div class="battle-history">Venusaur used <strong>Synthesis</strong>!<br></div><div class="battle-history"><small>Venusaur restored its HP.</small><br></div><div class="spacer battle-history"><br></div><h2 class="battle-history">Turn 14</h2><div class="spacer battle-history"><br></div><div class="battle-history">The opposing Hoopa used <strong>Hyperspace Hole</strong>!<br></div><div class="battle-history"><small>It's super effective!</small><br></div><div class="battle-history"><small>(Venusaur lost <abbr title="−325/364">89.3%</abbr> of its health!)</small><br></div><div class="spacer battle-history"><br></div><div class="battle-history">Venusaur fainted!<br></div><div class="chat chatmessage-cobalioncouncil"><strong style="color:hsl(342,82%,46.39025449357308%)"><small> </small><span class="username" data-name="CobalionCouncil">CobalionCouncil</span>:</strong> <em>ja</em></div><div class="chat chatmessage-solgaleon"><strong style="color:hsl(198,61%,44%)"><small>☆</small><span class="username" data-name="Solgaleon">Solgaleon</span>:</strong> <em>hoeveel views</em></div><div class="chat chatmessage-cobalioncouncil"><strong style="color:hsl(342,82%,46.39025449357308%)"><small> </small><span class="username" data-name="CobalionCouncil">CobalionCouncil</span>:</strong> <em>best wel heel erg</em></div><div class="chat chatmessage-cobalioncouncil"><strong style="color:hsl(342,82%,46.39025449357308%)"><small> </small><span class="username" data-name="CobalionCouncil">CobalionCouncil</span>:</strong> <em>moet ik het opzoeken?</em></div><div class="chat chatmessage-solgaleon"><strong style="color:hsl(198,61%,44%)"><small>☆</small><span class="username" data-name="Solgaleon">Solgaleon</span>:</strong> <em>ja</em></div><div class="spacer battle-history"><br></div><div class="battle-history">Go! <strong>Magneton</strong>!<br></div><div class="spacer battle-history"><br></div><h2 class="battle-history">Turn 15</h2><div class="spacer battle-history"><br></div><div class="battle-history">Solgaleon withdrew Hoopa!<br></div><div class="battle-history">Solgaleon sent out <strong>Flygon</strong>!<br></div><div class="spacer battle-history"><br></div><div class="battle-history">Magneton used <strong>Flash Cannon</strong>!<br></div><div class="battle-history"><small>(The opposing Flygon lost <abbr title="−241/301">80.1%</abbr> of its health!)</small><br></div><div class="spacer battle-history"><br></div><div class="battle-history">The opposing Flygon fainted!<br></div><div class="chat chatmessage-cobalioncouncil"><strong style="color:hsl(342,82%,46.39025449357308%)"><small> </small><span class="username" data-name="CobalionCouncil">CobalionCouncil</span>:</strong> <em><a href="http://www.dumpert.nl/tag/biem" rel="noopener" target="_blank">http://www.dumpert.nl/tag/biem</a></em></div><div class="chat chatmessage-cobalioncouncil"><strong style="color:hsl(342,82%,46.39025449357308%)"><small> </small><span class="username" data-name="CobalionCouncil">CobalionCouncil</span>:</strong> <em>hele circlejerk geworden</em></div><div class="chat chatmessage-solgaleon"><strong style="color:hsl(198,61%,44%)"><small>☆</small><span class="username" data-name="Solgaleon">Solgaleon</span>:</strong> <em>"dikke boem in file"</em></div><div class="chat chatmessage-solgaleon"><strong style="color:hsl(198,61%,44%)"><small>☆</small><span class="username" data-name="Solgaleon">Solgaleon</span>:</strong> <em>???</em></div><div class="chat chatmessage-cobalioncouncil"><strong style="color:hsl(342,82%,46.39025449357308%)"><small> </small><span class="username" data-name="CobalionCouncil">CobalionCouncil</span>:</strong> <em><a href="http://www.dumpert.nl/mediabase/6931235/31e87e2b/hoe_ging_die_knal_.html" rel="noopener" target="_blank">http://www.dumpert.nl/mediabase/6931235/31e87e2b/hoe_ging_die_knal_.html</a></em></div><div class="chat chatmessage-cobalioncouncil"><strong style="color:hsl(342,82%,46.39025449357308%)"><small> </small><span class="username" data-name="CobalionCouncil">CobalionCouncil</span>:</strong> <em>dit is het origineel</em></div><div class="chat chatmessage-cobalioncouncil"><strong style="color:hsl(342,82%,46.39025449357308%)"><small> </small><span class="username" data-name="CobalionCouncil">CobalionCouncil</span>:</strong> <em>ook nog op YouTube gepost, remixen van gemaakt, al die shit</em></div><div class="chat chatmessage-captknightwalker"><strong style="color:hsl(48,43%,34%)"><small>☆</small><span class="username" data-name="CaptKnightwalker">CaptKnightwalker</span>:</strong> <em>u mind ending this fast?</em></div><div class="chat chatmessage-solgaleon"><strong style="color:hsl(198,61%,44%)"><small>☆</small><span class="username" data-name="Solgaleon">Solgaleon</span>:</strong> <em>jezus</em></div><div class="chat chatmessage-solgaleon"><strong style="color:hsl(198,61%,44%)"><small>☆</small><span class="username" data-name="Solgaleon">Solgaleon</span>:</strong> <em>okay sorry</em></div><div class="spacer battle-history"><br></div><div class="battle-history">Solgaleon sent out <strong>Scyther</strong>!<br></div><div class="spacer battle-history"><br></div><h2 class="battle-history">Turn 16</h2><div class="chat chatmessage-solgaleon"><strong style="color:hsl(198,61%,44%)"><small>☆</small><span class="username" data-name="Solgaleon">Solgaleon</span>:</strong> <em>was a little distracted</em></div><div class="spacer battle-history"><br></div><div class="battle-history">Magneton, come back!<br></div><div class="battle-history">Go! <strong>Diancie</strong>!<br></div><div class="spacer battle-history"><br></div><div class="battle-history">The opposing Scyther used <strong>Knock Off</strong>!<br></div><div class="battle-history"><small>It's not very effective...</small><br></div><div class="battle-history"><small>(Diancie lost <abbr title="−33/299">11.0%</abbr> of its health!)</small><br></div><div class="battle-history"><small>The opposing Scyther knocked off Diancie's Leftovers!</small><br></div><div class="spacer battle-history"><br></div><h2 class="battle-history">Turn 17</h2><div class="chat chatmessage-solgaleon"><strong style="color:hsl(198,61%,44%)"><small>☆</small><span class="username" data-name="Solgaleon">Solgaleon</span>:</strong> <em>cc die gast lijkt op fpb</em></div><div class="spacer battle-history"><br></div><div class="battle-history">The opposing Scyther used <strong>U-turn</strong>!<br></div><div class="battle-history"><small>It's not very effective...</small><br></div><div class="battle-history"><small>(Diancie lost <abbr title="−42/299">14.0%</abbr> of its health!)</small><br></div><div class="chat chatmessage-cobalioncouncil"><strong style="color:hsl(342,82%,46.39025449357308%)"><small> </small><span class="username" data-name="CobalionCouncil">CobalionCouncil</span>:</strong> <em>hoe dat zo?</em></div><div class="spacer battle-history"><br></div><div class="battle-history">The opposing Scyther went back to Solgaleon!<br></div><div class="battle-history">Solgaleon sent out Rotom (<strong>Rotom-Mow</strong>)!<br></div><div class="spacer battle-history"><br></div><div class="battle-history">Diancie used <strong>Stealth Rock</strong>!<br></div><div class="battle-history"><small>Pointed stones float in the air around the opposing team!</small><br></div><div class="spacer battle-history"><br></div><h2 class="battle-history">Turn 18</h2><div class="chat chatmessage-solgaleon"><strong style="color:hsl(198,61%,44%)"><small>☆</small><span class="username" data-name="Solgaleon">Solgaleon</span>:</strong> <em>ja is gewoon zo</em></div><div class="spacer battle-history"><br></div><div class="battle-history">Diancie, come back!<br></div><div class="battle-history">Go! <strong>Magneton</strong>!<br></div><div class="spacer battle-history"><br></div><div class="battle-history">The opposing Rotom used <strong>Leaf Storm</strong>!<br></div><div class="battle-history"><small>Magneton avoided the attack!</small><br></div><div class="spacer battle-history"><br></div><h2 class="battle-history">Turn 19</h2><div class="chat chatmessage-cobalioncouncil"><strong style="color:hsl(342,82%,46.39025449357308%)"><small> </small><span class="username" data-name="CobalionCouncil">CobalionCouncil</span>:</strong> <em>meer op Drud, aangezien hij knorrig is</em></div><div class="spacer battle-history"><br></div><div class="battle-history">The opposing Rotom used <strong>Leaf Storm</strong>!<br></div><div class="battle-history"><small>It's not very effective...</small><br></div><div class="battle-history"><small>(Magneton lost <abbr title="−127/241">52.7%</abbr> of its health!)</small><br></div><div class="battle-history"><small>The opposing Rotom's Special Attack fell harshly!</small><br></div><div class="spacer battle-history"><br></div><div class="battle-history">Magneton used <strong>Thunderbolt</strong>!<br></div><div class="battle-history"><small>It's not very effective...</small><br></div><div class="battle-history"><small>(The opposing Rotom lost <abbr title="−78/241">32.4%</abbr> of its health!)</small><br></div><div class="spacer battle-history"><br></div><h2 class="battle-history">Turn 20</h2><div class="chat chatmessage-solgaleon"><strong style="color:hsl(198,61%,44%)"><small>☆</small><span class="username" data-name="Solgaleon">Solgaleon</span>:</strong> <em>is fpb niet knorrig dan</em></div><div class="spacer battle-history"><br></div><div class="battle-history">Solgaleon withdrew Rotom!<br></div><div class="battle-history">Solgaleon sent out <strong>Registeel</strong>!<br></div><div class="battle-history"><small>Pointed stones dug into the opposing Registeel!</small><br></div><div class="spacer battle-history"><br></div><div class="battle-history">Magneton used <strong>Thunderbolt</strong>!<br></div><div class="battle-history"><small>A critical hit!</small><br></div><div class="battle-history"><small>(The opposing Registeel lost <abbr title="−234/364">64.3%</abbr> of its health!)</small><br></div><div class="spacer battle-history"><br></div><div class="battle-history">The opposing Registeel fainted!<br></div><div class="spacer battle-history"><br></div><div class="battle-history">Solgaleon sent out Rotom (<strong>Rotom-Mow</strong>)!<br></div><div class="battle-history"><small>Pointed stones dug into the opposing Rotom!</small><br></div><div class="spacer battle-history"><br></div><h2 class="battle-history">Turn 21</h2><div class="spacer battle-history"><br></div><div class="battle-history">Magneton, come back!<br></div><div class="battle-history">Go! <strong>Flygon</strong>!<br></div><div class="spacer battle-history"><br></div><div class="battle-history">The opposing Rotom used <strong>Leaf Storm</strong>!<br></div><div class="battle-history"><small>(Flygon lost <abbr title="−198/364">54.4%</abbr> of its health!)</small><br></div><div class="battle-history"><small>The opposing Rotom's Special Attack fell harshly!</small><br></div><div class="spacer battle-history"><br></div><h2 class="battle-history">Turn 22</h2><div class="chat chatmessage-cobalioncouncil"><strong style="color:hsl(342,82%,46.39025449357308%)"><small> </small><span class="username" data-name="CobalionCouncil">CobalionCouncil</span>:</strong> <em>valt mee</em></div><div class="spacer battle-history"><br></div><div class="battle-history">Flygon, come back!<br></div><div class="battle-history">Go! <strong>Slowking</strong>!<br></div><div class="spacer battle-history"><br></div><div class="battle-history">The opposing Rotom used <strong>Leaf Storm</strong>!<br></div><div class="battle-history"><small>It's super effective!</small><br></div><div class="battle-history"><small>(Slowking lost <abbr title="−192/394">48.7%</abbr> of its health!)</small><br></div><div class="battle-history"><small>The opposing Rotom's Special Attack fell harshly!</small><br></div><div class="spacer battle-history"><br></div><div class="battle-history"><small>Slowking restored a little HP using its Leftovers!</small><br></div><div class="spacer battle-history"><br></div><h2 class="battle-history">Turn 23</h2><div class="spacer battle-history"><br></div><div class="battle-history">Solgaleon withdrew Rotom!<br></div><div class="battle-history">Solgaleon sent out <strong>Scrafty</strong>!<br></div><div class="battle-history"><small>Pointed stones dug into the opposing Scrafty!</small><br></div><div class="spacer battle-history"><br></div><div class="battle-history">Slowking used <strong>Thunder Wave</strong>!<br></div><div class="battle-history"><small>The opposing Scrafty is paralyzed! It may be unable to move!</small><br></div><div class="spacer battle-history"><br></div><div class="battle-history"><small>Slowking restored a little HP using its Leftovers!</small><br></div><div class="battle-history"><small>The opposing Scrafty restored a little HP using its Leftovers!</small><br></div><div class="spacer battle-history"><br></div><h2 class="battle-history">Turn 24</h2><div class="spacer battle-history"><br></div><div class="battle-history">Slowking used <strong>Slack Off</strong>!<br></div><div class="battle-history"><small>Slowking restored its HP.</small><br></div><div class="spacer battle-history"><br></div><div class="battle-history">The opposing Scrafty used <strong>High Jump Kick</strong>!<br></div><div class="battle-history"><small>It's not very effective...</small><br></div><div class="battle-history"><small>(Slowking lost <abbr title="−79/394">20.1%</abbr> of its health!)</small><br></div><div class="spacer battle-history"><br></div><div class="battle-history"><small>Slowking restored a little HP using its Leftovers!</small><br></div><div class="battle-history"><small>The opposing Scrafty restored a little HP using its Leftovers!</small><br></div><div class="spacer battle-history"><br></div><h2 class="battle-history">Turn 25</h2><div class="spacer battle-history"><br></div><div class="battle-history">Slowking used <strong>Scald</strong>!<br></div><div class="battle-history"><small>(The opposing Scrafty lost <abbr title="−88/273">32.2%</abbr> of its health!)</small><br></div><div class="spacer battle-history"><br></div><div class="battle-history">The opposing Scrafty is paralyzed! It can't move!<br></div><div class="spacer battle-history"><br></div><div class="battle-history"><small>Slowking restored a little HP using its Leftovers!</small><br></div><div class="battle-history"><small>[The opposing Scrafty's Shed Skin]</small><br></div><div class="battle-history"><small>The opposing Scrafty was cured of paralysis.</small><br></div><div class="battle-history"><small>The opposing Scrafty restored a little HP using its Leftovers!</small><br></div><div class="spacer battle-history"><br></div><h2 class="battle-history">Turn 26</h2><div class="spacer battle-history"><br></div><div class="battle-history">The opposing Scrafty used <strong>Rest</strong>!<br></div><div class="battle-history"><small>The opposing Scrafty fell asleep!</small><br></div><div class="battle-history"><small>The opposing Scrafty slept and became healthy!</small><br></div><div class="spacer battle-history"><br></div><div class="battle-history">Slowking used <strong>Thunder Wave</strong>!<br></div><div class="battle-history"><small>But it failed!</small><br></div><div class="spacer battle-history"><br></div><div class="battle-history"><small>[The opposing Scrafty's Shed Skin]</small><br></div><div class="battle-history"><small>The opposing Scrafty woke up!</small><br></div><div class="battle-history"><small>Slowking restored a little HP using its Leftovers!</small><br></div><div class="spacer battle-history"><br></div><h2 class="battle-history">Turn 27</h2><div class="spacer battle-history"><br></div><div class="battle-history">The opposing Scrafty used <strong>Dragon Dance</strong>!<br></div><div class="battle-history"><small>The opposing Scrafty's Attack rose!</small><br></div><div class="battle-history"><small>The opposing Scrafty's Speed rose!</small><br></div><div class="spacer battle-history"><br></div><div class="battle-history">Slowking used <strong>Thunder Wave</strong>!<br></div><div class="battle-history"><small>The opposing Scrafty is paralyzed! It may be unable to move!</small><br></div><div class="spacer battle-history"><br></div><div class="battle-history"><small>Slowking restored a little HP using its Leftovers!</small><br></div><div class="spacer battle-history"><br></div><h2 class="battle-history">Turn 28</h2><div class="spacer battle-history"><br></div><div class="battle-history">The opposing Scrafty is paralyzed! It can't move!<br></div><div class="spacer battle-history"><br></div><div class="battle-history">Slowking used <strong>Dragon Tail</strong>!<br></div><div class="battle-history"><small>(The opposing Scrafty lost <abbr title="−29/273">10.6%</abbr> of its health!)</small><br></div><div class="spacer battle-history"><br></div><div class="battle-history">Rotom (<strong>Rotom-Mow</strong>) was dragged out!<br></div><div class="battle-history"><small>Pointed stones dug into the opposing Rotom!</small><br></div><div class="spacer battle-history"><br></div><h2 class="battle-history">Turn 29</h2><div class="spacer battle-history"><br></div><div class="battle-history">Slowking, come back!<br></div><div class="battle-history">Go! <strong>Flygon</strong>!<br></div><div class="spacer battle-history"><br></div><div class="battle-history">The opposing Rotom used <strong>Leaf Storm</strong>!<br></div><div class="battle-history"><small>Flygon avoided the attack!</small><br></div><div class="spacer battle-history"><br></div><h2 class="battle-history">Turn 30</h2><div class="spacer battle-history"><br></div><div class="battle-history">The opposing Rotom used <strong>Leaf Storm</strong>!<br></div><div class="battle-history"><small>(Flygon lost <abbr title="−37/364">10.2%</abbr> of its health!)</small><br></div><div class="battle-history"><small>The opposing Rotom's Special Attack fell harshly!</small><br></div><div class="spacer battle-history"><br></div><div class="battle-history">Flygon fainted!<br></div><div class="spacer battle-history"><br></div><div class="battle-history">Go! <strong>Magneton</strong>!<br></div><div class="spacer battle-history"><br></div><h2 class="battle-history">Turn 31</h2><div class="spacer battle-history"><br></div><div class="battle-history">Solgaleon withdrew Rotom!<br></div><div class="battle-history">Solgaleon sent out <strong>Scyther</strong>!<br></div><div class="battle-history"><small>Pointed stones dug into the opposing Scyther!</small><br></div><div class="spacer battle-history"><br></div><div class="battle-history">Magneton used <strong>Thunderbolt</strong>!<br></div><div class="battle-history"><small>It's super effective!</small><br></div><div class="battle-history"><small>(The opposing Scyther lost <abbr title="−107/283">37.8%</abbr> of its health!)</small><br></div><div class="spacer battle-history"><br></div><div class="battle-history">The opposing Scyther fainted!<br></div><div class="chat"><small>AFuckNotBeingGiven joined.</small></div><div class="spacer battle-history"><br></div><div class="battle-history">Solgaleon sent out Rotom (<strong>Rotom-Mow</strong>)!<br></div><div class="battle-history"><small>Pointed stones dug into the opposing Rotom!</small><br></div><div class="spacer battle-history"><br></div><h2 class="battle-history">Turn 32</h2><div class="spacer battle-history"><br></div><div class="battle-history">The opposing Rotom used <strong>Leaf Storm</strong>!<br></div><div class="battle-history"><small>Magneton avoided the attack!</small><br></div><div class="spacer battle-history"><br></div><div class="battle-history">Magneton used <strong>Thunderbolt</strong>!<br></div><div class="battle-history"><small>It's not very effective...</small><br></div><div class="battle-history"><small>(The opposing Rotom lost <abbr title="−73/241">30.3%</abbr> of its health!)</small><br></div><div class="spacer battle-history"><br></div><div class="battle-history">The opposing Rotom fainted!<br></div><div class="chat chatmessage-arikrox"><strong style="color:hsl(159,44%,41%)"><small> </small><span class="username" data-name="Arikrox">Arikrox</span>:</strong> <em>wow</em></div><div class="chat chatmessage-cobalioncouncil"><strong style="color:hsl(342,82%,46.39025449357308%)"><small> </small><span class="username" data-name="CobalionCouncil">CobalionCouncil</span>:</strong> <em>and that's the whole game ladies and gents</em></div><div class="chat chatmessage-solgaleon"><strong style="color:hsl(198,61%,44%)"><small>☆</small><span class="username" data-name="Solgaleon">Solgaleon</span>:</strong> <em>how</em></div><div class="chat chatmessage-solgaleon"><strong style="color:hsl(198,61%,44%)"><small>☆</small><span class="username" data-name="Solgaleon">Solgaleon</span>:</strong> <em>did that happen</em></div><div class="spacer battle-history"><br></div><div class="battle-history">Solgaleon sent out <strong>Hoopa</strong>!<br></div><div class="battle-history"><small>Pointed stones dug into the opposing Hoopa!</small><br></div><div class="spacer battle-history"><br></div><h2 class="battle-history">Turn 33</h2><div class="spacer battle-history"><br></div><div class="battle-history">The opposing Hoopa used <strong>Shadow Ball</strong>!<br></div><div class="battle-history"><small>(Magneton lost <abbr title="−114/241">47.3%</abbr> of its health!)</small><br></div><div class="spacer battle-history"><br></div><div class="battle-history">Magneton fainted!<br></div><div class="spacer battle-history"><br></div><div class="battle-history">Go! <strong>Diancie</strong>!<br></div><div class="spacer battle-history"><br></div><h2 class="battle-history">Turn 34</h2><div class="chat chatmessage-afucknotbeinggiven"><strong style="color:hsl(341,56%,49%)"><small> </small><span class="username" data-name="AFuckNotBeingGiven">AFuckNotBeingGiven</span>:</strong> <em>tbh CKW is just skilled</em></div><div class="spacer battle-history"><br></div><div class="battle-history">Solgaleon withdrew Hoopa!<br></div><div class="battle-history">Solgaleon sent out <strong>Scrafty</strong>!<br></div><div class="battle-history"><small>Pointed stones dug into the opposing Scrafty!</small><br></div><div class="spacer battle-history"><br></div><div class="battle-history">Diancie used <strong>Diamond Storm</strong>!<br></div><div class="battle-history"><small>It's not very effective...</small><br></div><div class="battle-history"><small>(The opposing Scrafty lost <abbr title="−54/273">19.8%</abbr> of its health!)</small><br></div><div class="battle-history"><small>Diancie's Defense rose!</small><br></div><div class="spacer battle-history"><br></div><div class="battle-history"><small>The opposing Scrafty restored a little HP using its Leftovers!</small><br></div><div class="spacer battle-history"><br></div><h2 class="battle-history">Turn 35</h2><div class="spacer battle-history"><br></div><div class="battle-history">Diancie used <strong>Moonblast</strong>!<br></div><div class="battle-history"><small>It's super effective!</small><br></div><div class="battle-history"><small>A critical hit!</small><br></div><div class="battle-history"><small>(The opposing Scrafty lost <abbr title="−190/273">69.6%</abbr> of its health!)</small><br></div><div class="spacer battle-history"><br></div><div class="battle-history">The opposing Scrafty fainted!<br></div><div class="chat chatmessage-captknightwalker"><strong style="color:hsl(48,43%,34%)"><small>☆</small><span class="username" data-name="CaptKnightwalker">CaptKnightwalker</span>:</strong> <em>yeah this sucked</em></div><div class="chat chatmessage-afucknotbeinggiven"><strong style="color:hsl(341,56%,49%)"><small> </small><span class="username" data-name="AFuckNotBeingGiven">AFuckNotBeingGiven</span>:</strong> <em>;-;</em></div><div class="chat"><small>Cavalovisk joined.</small></div><div class="chat"><small>Cavalovisk left.</small></div><div class="spacer battle-history"><br></div><div class="battle-history">Solgaleon sent out <strong>Hoopa</strong>!<br></div><div class="battle-history"><small>Pointed stones dug into the opposing Hoopa!</small><br></div><div class="spacer battle-history"><br></div><h2 class="battle-history">Turn 36</h2><div class="spacer battle-history"><br></div><div class="battle-history">The opposing Hoopa used <strong>Shadow Ball</strong>!<br></div><div class="battle-history"><small>(Diancie lost <abbr title="−123/299">41.1%</abbr> of its health!)</small><br></div><div class="spacer battle-history"><br></div><div class="battle-history">Diancie used <strong>Diamond Storm</strong>!<br></div><div class="battle-history"><small>(The opposing Hoopa lost <abbr title="−165/301">54.8%</abbr> of its health!)</small><br></div><div class="battle-history"><small>Diancie's Defense rose!</small><br></div><div class="spacer battle-history"><br></div><h2 class="battle-history">Turn 37</h2><div class="spacer battle-history"><br></div><div class="battle-history">The opposing Hoopa used <strong>Shadow Ball</strong>!<br></div><div class="battle-history"><small>(Diancie lost <abbr title="−81/299">27.1%</abbr> of its health!)</small><br></div><div class="spacer battle-history"><br></div><div class="battle-history">Diancie fainted!<br></div><div class="spacer battle-history"><br></div><div class="battle-history">Go! <strong>Slowking</strong>!<br></div><div class="spacer battle-history"><br></div><h2 class="battle-history">Turn 38</h2><div class="spacer battle-history"><br></div><div class="battle-history">The opposing Hoopa used <strong>Shadow Ball</strong>!<br></div><div class="battle-history"><small>It's super effective!</small><br></div><div class="battle-history"><small>(Slowking lost <abbr title="−394/394">100%</abbr> of its health!)</small><br></div><div class="spacer battle-history"><br></div><div class="battle-history">Slowking fainted!<br></div><div class="spacer battle-history"><br></div><div class="battle-history"><strong>Solgaleon</strong> won the battle!<br></div><div class="chat"><small>AFuckNotBeingGiven left.</small></div><div class="chat chatmessage-solgaleon"><strong style="color:hsl(198,61%,44%)"><small>☆</small><span class="username" data-name="Solgaleon">Solgaleon</span>:</strong> <em>do u have g2 replay</em></div><div class="chat chatmessage-solgaleon"><strong style="color:hsl(198,61%,44%)"><small>☆</small><span class="username" data-name="Solgaleon">Solgaleon</span>:</strong> <em>i forgot to save it</em></div><div class="chat chatmessage-captknightwalker"><strong style="color:hsl(48,43%,34%)"><small>☆</small><span class="username" data-name="CaptKnightwalker">CaptKnightwalker</span>:</strong> <em>see u still wn :)</em></div></div><div class="inner-preempt"></div></div></div>
</div>
<script>
let daily = Math.floor(Date.now()/1000/60/60/24);document.write('<script src="https://play.pokemonshowdown.com/js/replay-embed.js?version'+daily+'"></'+'script>');
</script>
