<!DOCTYPE html>
<meta charset="utf-8" />
<!-- version 1 -->
<title>RU replay: fran #17 vs. tjdaas</title>
<style>
html,body {font-family:Verdana, sans-serif;font-size:10pt;margin:0;padding:0;}body{padding:12px 0;} .battle-log {font-family:Verdana, sans-serif;font-size:10pt;} .battle-log-inline {border:1px solid #AAAAAA;background:#EEF2F5;color:black;max-width:640px;margin:0 auto 80px;padding-bottom:5px;} .battle-log .inner {padding:4px 8px 0px 8px;} .battle-log .inner-preempt {padding:0 8px 4px 8px;} .battle-log .inner-after {margin-top:0.5em;} .battle-log h2 {margin:0.5em -8px;padding:4px 8px;border:1px solid #AAAAAA;background:#E0E7EA;border-left:0;border-right:0;font-family:Verdana, sans-serif;font-size:13pt;} .battle-log .chat {vertical-align:middle;padding:3px 0 3px 0;font-size:8pt;} .battle-log .chat strong {color:#40576A;} .battle-log .chat em {padding:1px 4px 1px 3px;color:#000000;font-style:normal;} .chat.mine {background:rgba(0,0,0,0.05);margin-left:-8px;margin-right:-8px;padding-left:8px;padding-right:8px;} .spoiler {color:#BBBBBB;background:#BBBBBB;padding:0px 3px;} .spoiler:hover, .spoiler:active, .spoiler-shown {color:#000000;background:#E2E2E2;padding:0px 3px;} .spoiler a {color:#BBBBBB;} .spoiler:hover a, .spoiler:active a, .spoiler-shown a {color:#2288CC;} .chat code, .chat .spoiler:hover code, .chat .spoiler:active code, .chat .spoiler-shown code {border:1px solid #C0C0C0;background:#EEEEEE;color:black;padding:0 2px;} .chat .spoiler code {border:1px solid #CCCCCC;background:#CCCCCC;color:#CCCCCC;} .battle-log .rated {padding:3px 4px;} .battle-log .rated strong {color:white;background:#89A;padding:1px 4px;border-radius:4px;} .spacer {margin-top:0.5em;} .message-announce {background:#6688AA;color:white;padding:1px 4px 2px;} .message-announce a, .broadcast-green a, .broadcast-blue a, .broadcast-red a {color:#DDEEFF;} .broadcast-green {background-color:#559955;color:white;padding:2px 4px;} .broadcast-blue {background-color:#6688AA;color:white;padding:2px 4px;} .infobox {border:1px solid #6688AA;padding:2px 4px;} .infobox-limited {max-height:200px;overflow:auto;overflow-x:hidden;} .broadcast-red {background-color:#AA5544;color:white;padding:2px 4px;} .message-learn-canlearn {font-weight:bold;color:#228822;text-decoration:underline;} .message-learn-cannotlearn {font-weight:bold;color:#CC2222;text-decoration:underline;} .message-effect-weak {font-weight:bold;color:#CC2222;} .message-effect-resist {font-weight:bold;color:#6688AA;} .message-effect-immune {font-weight:bold;color:#666666;} .message-learn-list {margin-top:0;margin-bottom:0;} .message-throttle-notice, .message-error {color:#992222;} .message-overflow, .chat small.message-overflow {font-size:0pt;} .message-overflow::before {font-size:9pt;content:'...';} .subtle {color:#3A4A66;}
</style>
<div class="wrapper replay-wrapper" style="max-width:1180px;margin:0 auto">
<input type="hidden" name="replayid" value="ru-574395729" />
<div class="battle"></div><div class="battle-log"></div><div class="replay-controls"></div><div class="replay-controls-2"></div>
<h1 style="font-weight:normal;text-align:center"><strong>RU</strong><br /><a href="http://pokemonshowdown.com/users/fran17" class="subtle" target="_blank">fran #17</a> vs. <a href="http://pokemonshowdown.com/users/tjdaas" class="subtle" target="_blank">tjdaas</a></h1>
<script type="text/plain" class="battle-log-data">|j|fran #17
|j|tjdaas
|player|p1|fran #17|201
|player|p2|tjdaas|17
|gametype|singles
|gen|6
|tier|RU
|seed|13432,14604,39420,26500
|rule|Sleep Clause Mod: Limit one foe put to sleep
|rule|Species Clause: Limit one of each Pokémon
|rule|OHKO Clause: OHKO moves are banned
|rule|Moody Clause: Moody is banned
|rule|Evasion Moves Clause: Evasion moves are banned
|rule|Endless Battle Clause: Forcing endless battles is banned
|rule|HP Percentage Mod: HP is shown in percentages
|clearpoke
|poke|p1|Frogadier, F|item
|poke|p1|Meloetta|item
|poke|p1|Registeel|item
|poke|p1|Tangela, F|item
|poke|p1|Alomomola, F|item
|poke|p1|Flygon, F|item
|poke|p2|Houndoom, F|item
|poke|p2|Medicham, M|item
|poke|p2|Omastar, F|item
|poke|p2|Flygon, M|item
|poke|p2|Rotom|item
|poke|p2|Venusaur, F|item
|rule|Swagger Clause: Swagger is banned
|rule|Baton Pass Clause: Limit one Baton Passer, can't pass Spe and other stats simultaneously
|teampreview
|c|☆fran #17|hf :)
|c|☆tjdaas|u2
|choice|team 1, team 2, team 3, team 4, team 5, team 6|team 3, team 2, team 1, team 4, team 5, team 6
|
|start
|switch|p1a: Frogadier|Frogadier, F|249\/249
|switch|p2a: Omastar|Omastar, F|281\/281
|turn|1
|choice|move grassknot|move stealthrock
|
|move|p1a: Frogadier|Grass Knot|p2a: Omastar
|-start|p1a: Frogadier|typechange|Grass|[from] Protean
|-supereffective|p2a: Omastar
|-enditem|p2a: Omastar|Focus Sash
|-damage|p2a: Omastar|1\/281
|-damage|p1a: Frogadier|225\/249|[from] item: Life Orb
|move|p2a: Omastar|Stealth Rock|p1a: Frogadier
|-sidestart|p1: fran #17|move: Stealth Rock
|
|upkeep
|turn|2
|choice|move grassknot|move spikes
|
|move|p1a: Frogadier|Grass Knot|p2a: Omastar
|-supereffective|p2a: Omastar
|-damage|p2a: Omastar|0 fnt
|-damage|p1a: Frogadier|201\/249|[from] item: Life Orb
|faint|p2a: Omastar
|
|upkeep
|choice||switch 4
|
|switch|p2a: Flygon|Flygon, M|301\/301
|turn|3
|choice|switch 4|move uturn
|
|switch|p1a: Tangela|Tangela, F|304\/304
|-damage|p1a: Tangela|266\/304|[from] Stealth Rock
|move|p2a: Flygon|U-turn|p1a: Tangela
|-supereffective|p1a: Tangela
|-damage|p1a: Tangela|178\/304
|-damage|p2a: Flygon|271\/301|[from] item: Life Orb
|choice||switch 3
|
|switch|p2a: Houndoom|Houndoom, F|291\/291
|
|upkeep
|turn|4
|choice|switch 6|switch 5
|
|switch|p2a: Rotom|Rotom|304\/304
|switch|p1a: Flygon|Flygon, F|301\/301
|-damage|p1a: Flygon|283\/301|[from] Stealth Rock
|
|upkeep
|turn|5
|choice|move uturn|move willowisp
|
|move|p1a: Flygon|U-turn|p2a: Rotom
|-resisted|p2a: Rotom
|-damage|p2a: Rotom|262\/304
|choice|switch 6|
|
|switch|p1a: Tangela|Tangela, F|279\/304
|-damage|p1a: Tangela|241\/304|[from] Stealth Rock
|move|p2a: Rotom|Will-O-Wisp|p1a: Tangela
|-status|p1a: Tangela|brn
|
|-heal|p2a: Rotom|281\/304|[from] item: Leftovers
|-damage|p1a: Tangela|203\/304 brn|[from] brn
|upkeep
|turn|6
|choice|move knockoff|switch 6
|
|switch|p2a: Venusaur|Venusaur, F|301\/301
|move|p1a: Tangela|Knock Off|p2a: Venusaur
|-damage|p2a: Venusaur|276\/301
|-enditem|p2a: Venusaur|Life Orb|[from] move: Knock Off|[of] p1a: Tangela
|
|-damage|p1a: Tangela|165\/304 brn|[from] brn
|upkeep
|turn|7
|choice|switch 3|move sleeppowder
|
|switch|p1a: Registeel|Registeel|364\/364
|-damage|p1a: Registeel|342\/364|[from] Stealth Rock
|move|p2a: Venusaur|Sleep Powder|p1a: Registeel|[miss]
|-miss|p2a: Venusaur|p1a: Registeel
|
|-heal|p1a: Registeel|364\/364|[from] item: Leftovers
|upkeep
|turn|8
|choice|move stealthrock|move sleeppowder
|
|move|p2a: Venusaur|Sleep Powder|p1a: Registeel|[miss]
|-miss|p2a: Venusaur|p1a: Registeel
|move|p1a: Registeel|Stealth Rock|p2a: Venusaur
|-sidestart|p2: tjdaas|move: Stealth Rock
|
|upkeep
|turn|9
|choice|move seismictoss|move sleeppowder
|
|move|p2a: Venusaur|Sleep Powder|p1a: Registeel
|-status|p1a: Registeel|slp
|cant|p1a: Registeel|slp
|
|upkeep
|turn|10
|choice|switch 5|switch 2
|
|switch|p2a: Medicham|Medicham, M|261\/261
|-damage|p2a: Medicham|245\/261|[from] Stealth Rock
|switch|p1a: Alomomola|Alomomola, F|501\/501
|-damage|p1a: Alomomola|439\/501|[from] Stealth Rock
|
|-heal|p1a: Alomomola|470\/501|[from] item: Leftovers
|upkeep
|turn|11
|choice|move protect|move trick
|
|move|p1a: Alomomola|Protect|p1a: Alomomola
|-singleturn|p1a: Alomomola|Protect
|move|p2a: Medicham|Trick|p1a: Alomomola
|-activate|p1a: Alomomola|move: Protect
|
|-heal|p1a: Alomomola|501\/501|[from] item: Leftovers
|upkeep
|turn|12
|choice|switch 6|switch 3
|
|switch|p2a: Flygon|Flygon, M|271\/301
|-damage|p2a: Flygon|253\/301|[from] Stealth Rock
|switch|p1a: Flygon|Flygon, F|283\/301
|-damage|p1a: Flygon|265\/301|[from] Stealth Rock
|
|upkeep
|turn|13
|choice|move outrage|move outrage
|
|move|p1a: Flygon|Outrage|p2a: Flygon
|-supereffective|p2a: Flygon
|-damage|p2a: Flygon|0 fnt
|faint|p2a: Flygon
|
|upkeep
|choice||switch 6
|
|switch|p2a: Rotom|Rotom|281\/304
|-damage|p2a: Rotom|243\/304|[from] Stealth Rock
|turn|14
|choice|move outrage|move willowisp
|
|move|p1a: Flygon|Outrage|p2a: Rotom|[from]lockedmove
|-damage|p2a: Rotom|24\/304
|move|p2a: Rotom|Will-O-Wisp|p1a: Flygon
|-status|p1a: Flygon|brn
|
|-heal|p2a: Rotom|43\/304|[from] item: Leftovers
|-damage|p1a: Flygon|228\/301 brn|[from] brn
|upkeep
|turn|15
|choice|move outrage|move painsplit
|
|move|p1a: Flygon|Outrage|p2a: Rotom|[from]lockedmove
|-damage|p2a: Rotom|0 fnt
|-start|p1a: Flygon|confusion|[fatigue]
|faint|p2a: Rotom
|
|-damage|p1a: Flygon|191\/301 brn|[from] brn
|upkeep
|choice||switch 2
|
|switch|p2a: Venusaur|Venusaur, F|276\/301
|-damage|p2a: Venusaur|239\/301|[from] Stealth Rock
|turn|16
|choice|switch 3|switch 3
|
|switch|p1a: Tangela|Tangela, F|266\/304 brn
|-damage|p1a: Tangela|228\/304 brn|[from] Stealth Rock
|switch|p2a: Medicham|Medicham, M|245\/261
|-damage|p2a: Medicham|229\/261|[from] Stealth Rock
|
|-damage|p1a: Tangela|190\/304 brn|[from] brn
|upkeep
|turn|17
|choice|move leechseed|switch 3
|
|switch|p2a: Venusaur|Venusaur, F|239\/301
|-damage|p2a: Venusaur|202\/301|[from] Stealth Rock
|move|p1a: Tangela|Leech Seed|p2a: Venusaur
|-immune|p2a: Venusaur|[msg]
|
|-damage|p1a: Tangela|152\/304 brn|[from] brn
|upkeep
|turn|18
|choice|move knockoff|move sludgebomb
|
|move|p2a: Venusaur|Sludge Bomb|p1a: Tangela
|-supereffective|p1a: Tangela
|-damage|p1a: Tangela|0 fnt
|faint|p1a: Tangela
|
|upkeep
|choice|switch 2|
|
|switch|p1a: Meloetta|Meloetta|404\/404
|-damage|p1a: Meloetta|354\/404|[from] Stealth Rock
|turn|19
|choice|move calmmind|switch 5
|
|switch|p2a: Houndoom|Houndoom, F|291\/291
|-damage|p2a: Houndoom|219\/291|[from] Stealth Rock
|move|p1a: Meloetta|Calm Mind|p1a: Meloetta
|-boost|p1a: Meloetta|spa|1
|-boost|p1a: Meloetta|spd|1
|
|-heal|p1a: Meloetta|379\/404|[from] item: Leftovers
|upkeep
|turn|20
|choice|move focusblast|move crunch
|
|move|p2a: Houndoom|Crunch|p1a: Meloetta
|-supereffective|p1a: Meloetta
|-damage|p1a: Meloetta|122\/404
|-damage|p2a: Houndoom|190\/291|[from] item: Life Orb
|move|p1a: Meloetta|Focus Blast|p2a: Houndoom|[miss]
|-miss|p1a: Meloetta|p2a: Houndoom
|
|-heal|p1a: Meloetta|147\/404|[from] item: Leftovers
|upkeep
|turn|21
|c|☆fran #17|dam
|choice|switch 6|move pursuit
|
|-activate|p1a: Meloetta|move: Pursuit
|move|p2a: Houndoom|Pursuit|p1a: Meloetta|[from]Pursuit
|-supereffective|p1a: Meloetta
|-damage|p1a: Meloetta|0 fnt
|-damage|p2a: Houndoom|161\/291|[from] item: Life Orb
|faint|p1a: Meloetta
|
|upkeep
|c|☆fran #17|that's no good :\/
|choice|switch 6|
|
|switch|p1a: Alomomola|Alomomola, F|501\/501
|-damage|p1a: Alomomola|439\/501|[from] Stealth Rock
|turn|22
|choice|move scald|switch 5
|
|switch|p2a: Venusaur|Venusaur, F|202\/301
|-damage|p2a: Venusaur|165\/301|[from] Stealth Rock
|move|p1a: Alomomola|Scald|p2a: Venusaur
|-resisted|p2a: Venusaur
|-damage|p2a: Venusaur|144\/301
|
|-heal|p1a: Alomomola|470\/501|[from] item: Leftovers
|upkeep
|turn|23
|choice|move scald|move synthesis
|
|move|p2a: Venusaur|Synthesis|p2a: Venusaur
|-heal|p2a: Venusaur|294\/301
|move|p1a: Alomomola|Scald|p2a: Venusaur
|-resisted|p2a: Venusaur
|-damage|p2a: Venusaur|274\/301
|-status|p2a: Venusaur|brn
|
|-heal|p1a: Alomomola|501\/501|[from] item: Leftovers
|-damage|p2a: Venusaur|237\/301 brn|[from] brn
|upkeep
|turn|24
|choice|move wish|move leafstorm
|
|move|p2a: Venusaur|Leaf Storm|p1a: Alomomola
|-supereffective|p1a: Alomomola
|-damage|p1a: Alomomola|93\/501
|-unboost|p2a: Venusaur|spa|2
|move|p1a: Alomomola|Wish|p1a: Alomomola
|
|-heal|p1a: Alomomola|124\/501|[from] item: Leftovers
|-damage|p2a: Venusaur|200\/301 brn|[from] brn
|upkeep
|turn|25
|choice|move protect|switch 3
|
|switch|p2a: Medicham|Medicham, M|229\/261
|-damage|p2a: Medicham|213\/261|[from] Stealth Rock
|move|p1a: Alomomola|Protect|p1a: Alomomola
|-fail|p1a: Alomomola
|
|-heal|p1a: Alomomola|374\/501|[from] move: Wish|[wisher] Alomomola
|-heal|p1a: Alomomola|405\/501|[from] item: Leftovers
|upkeep
|turn|26
|choice|move protect|move trick
|
|move|p1a: Alomomola|Protect|p1a: Alomomola
|-singleturn|p1a: Alomomola|Protect
|move|p2a: Medicham|Trick|p1a: Alomomola
|-activate|p1a: Alomomola|move: Protect
|
|-heal|p1a: Alomomola|436\/501|[from] item: Leftovers
|upkeep
|turn|27
|choice|switch 3|switch 3
|
|switch|p2a: Venusaur|Venusaur, F|200\/301 brn
|-damage|p2a: Venusaur|163\/301 brn|[from] Stealth Rock
|switch|p1a: Flygon|Flygon, F|191\/301 brn
|-damage|p1a: Flygon|173\/301 brn|[from] Stealth Rock
|
|-damage|p1a: Flygon|136\/301 brn|[from] brn
|-damage|p2a: Venusaur|126\/301 brn|[from] brn
|upkeep
|turn|28
|choice|move uturn|move synthesis
|
|move|p1a: Flygon|U-turn|p2a: Venusaur
|-damage|p2a: Venusaur|82\/301 brn
|choice|switch 5|
|
|switch|p1a: Registeel|Registeel|364\/364 slp
|-damage|p1a: Registeel|342\/364 slp|[from] Stealth Rock
|move|p2a: Venusaur|Synthesis|p2a: Venusaur
|-heal|p2a: Venusaur|232\/301 brn
|
|-heal|p1a: Registeel|364\/364 slp|[from] item: Leftovers
|-damage|p2a: Venusaur|195\/301 brn|[from] brn
|upkeep
|turn|29
|choice|move seismictoss|switch 3
|
|switch|p2a: Medicham|Medicham, M|213\/261
|-damage|p2a: Medicham|197\/261|[from] Stealth Rock
|cant|p1a: Registeel|slp
|
|upkeep
|turn|30
|choice|switch 4|move highjumpkick
|
|switch|p1a: Frogadier|Frogadier, F|201\/249
|-damage|p1a: Frogadier|170\/249|[from] Stealth Rock
|move|p2a: Medicham|High Jump Kick|p1a: Frogadier
|-damage|p1a: Frogadier|0 fnt
|faint|p1a: Frogadier
|
|upkeep
|choice|switch 3|
|
|switch|p1a: Alomomola|Alomomola, F|501\/501
|-damage|p1a: Alomomola|439\/501|[from] Stealth Rock
|turn|31
|choice|switch 4|switch 3
|
|switch|p2a: Venusaur|Venusaur, F|195\/301 brn
|-damage|p2a: Venusaur|158\/301 brn|[from] Stealth Rock
|switch|p1a: Registeel|Registeel|364\/364 slp
|-damage|p1a: Registeel|342\/364 slp|[from] Stealth Rock
|
|-heal|p1a: Registeel|364\/364 slp|[from] item: Leftovers
|-damage|p2a: Venusaur|121\/301 brn|[from] brn
|upkeep
|turn|32
|choice|move seismictoss|switch 5
|
|switch|p2a: Houndoom|Houndoom, F|161\/291
|-damage|p2a: Houndoom|89\/291|[from] Stealth Rock
|-curestatus|p1a: Registeel|slp|[msg]
|move|p1a: Registeel|Seismic Toss|p2a: Houndoom
|-damage|p2a: Houndoom|0 fnt
|faint|p2a: Houndoom
|
|upkeep
|choice||switch 5
|
|switch|p2a: Venusaur|Venusaur, F|121\/301 brn
|-damage|p2a: Venusaur|84\/301 brn|[from] Stealth Rock
|turn|33
|choice|switch 5|move synthesis
|
|switch|p1a: Flygon|Flygon, F|136\/301 brn
|-damage|p1a: Flygon|118\/301 brn|[from] Stealth Rock
|move|p2a: Venusaur|Synthesis|p2a: Venusaur
|-heal|p2a: Venusaur|234\/301 brn
|
|-damage|p1a: Flygon|81\/301 brn|[from] brn
|-damage|p2a: Venusaur|197\/301 brn|[from] brn
|upkeep
|turn|34
|choice|move outrage|move synthesis
|
|move|p1a: Flygon|Outrage|p2a: Venusaur
|-damage|p2a: Venusaur|96\/301 brn
|move|p2a: Venusaur|Synthesis|p2a: Venusaur
|-heal|p2a: Venusaur|246\/301 brn
|
|-damage|p1a: Flygon|44\/301 brn|[from] brn
|-damage|p2a: Venusaur|209\/301 brn|[from] brn
|upkeep
|turn|35
|choice|move outrage|move synthesis
|
|move|p1a: Flygon|Outrage|p2a: Venusaur|[from]lockedmove
|-damage|p2a: Venusaur|111\/301 brn
|-start|p1a: Flygon|confusion|[fatigue]
|move|p2a: Venusaur|Synthesis|p2a: Venusaur
|-heal|p2a: Venusaur|261\/301 brn
|
|-damage|p1a: Flygon|7\/301 brn|[from] brn
|-damage|p2a: Venusaur|224\/301 brn|[from] brn
|upkeep
|turn|36
|choice|move outrage|move synthesis
|
|-activate|p1a: Flygon|confusion
|move|p1a: Flygon|Outrage|p2a: Venusaur
|-damage|p2a: Venusaur|119\/301 brn
|move|p2a: Venusaur|Synthesis|p2a: Venusaur
|-heal|p2a: Venusaur|269\/301 brn
|
|-damage|p1a: Flygon|0 fnt|[from] brn
|-damage|p2a: Venusaur|232\/301 brn|[from] brn
|upkeep
|faint|p1a: Flygon
|choice|switch 5|
|
|switch|p1a: Registeel|Registeel|364\/364
|-damage|p1a: Registeel|342\/364|[from] Stealth Rock
|turn|37
|choice|move seismictoss|move sleeppowder
|
|move|p2a: Venusaur|Sleep Powder|p1a: Registeel
|-status|p1a: Registeel|slp
|cant|p1a: Registeel|slp
|
|-heal|p1a: Registeel|364\/364 slp|[from] item: Leftovers
|-damage|p2a: Venusaur|195\/301 brn|[from] brn
|upkeep
|turn|38
|choice|move seismictoss|switch 3
|
|switch|p2a: Medicham|Medicham, M|197\/261
|-damage|p2a: Medicham|181\/261|[from] Stealth Rock
|cant|p1a: Registeel|slp
|
|upkeep
|turn|39
|choice|switch 4|move highjumpkick
|
|switch|p1a: Alomomola|Alomomola, F|501\/501
|-damage|p1a: Alomomola|439\/501|[from] Stealth Rock
|move|p2a: Medicham|High Jump Kick|p1a: Alomomola
|-damage|p1a: Alomomola|174\/501
|
|-heal|p1a: Alomomola|205\/501|[from] item: Leftovers
|upkeep
|turn|40
|choice|move protect|switch 3
|
|switch|p2a: Venusaur|Venusaur, F|195\/301 brn
|-damage|p2a: Venusaur|158\/301 brn|[from] Stealth Rock
|move|p1a: Alomomola|Protect|p1a: Alomomola
|-fail|p1a: Alomomola
|
|-heal|p1a: Alomomola|236\/501|[from] item: Leftovers
|-damage|p2a: Venusaur|121\/301 brn|[from] brn
|upkeep
|turn|41
|j|demolition code
|l|demolition code
|choice|move protect|move synthesis
|
|move|p1a: Alomomola|Protect|p1a: Alomomola
|-singleturn|p1a: Alomomola|Protect
|move|p2a: Venusaur|Synthesis|p2a: Venusaur
|-heal|p2a: Venusaur|271\/301 brn
|
|-heal|p1a: Alomomola|267\/501|[from] item: Leftovers
|-damage|p2a: Venusaur|234\/301 brn|[from] brn
|upkeep
|turn|42
|choice|switch 4|switch 3
|
|switch|p2a: Medicham|Medicham, M|181\/261
|-damage|p2a: Medicham|165\/261|[from] Stealth Rock
|switch|p1a: Registeel|Registeel|364\/364 slp
|-damage|p1a: Registeel|342\/364 slp|[from] Stealth Rock
|
|-heal|p1a: Registeel|364\/364 slp|[from] item: Leftovers
|upkeep
|turn|43
|choice|switch 4|move highjumpkick
|
|switch|p1a: Alomomola|Alomomola, F|434\/501
|-damage|p1a: Alomomola|372\/501|[from] Stealth Rock
|move|p2a: Medicham|High Jump Kick|p1a: Alomomola|[miss]
|-miss|p2a: Medicham|p1a: Alomomola
|-damage|p2a: Medicham|35\/261|[from] highjumpkick
|
|-heal|p1a: Alomomola|403\/501|[from] item: Leftovers
|upkeep
|turn|44
|j|Matame
|choice|move protect|switch 3
|
|switch|p2a: Venusaur|Venusaur, F|234\/301 brn
|-damage|p2a: Venusaur|197\/301 brn|[from] Stealth Rock
|move|p1a: Alomomola|Protect|p1a: Alomomola
|-fail|p1a: Alomomola
|
|-heal|p1a: Alomomola|434\/501|[from] item: Leftovers
|-damage|p2a: Venusaur|160\/301 brn|[from] brn
|upkeep
|turn|45
|choice|switch 4|move leafstorm
|
|switch|p1a: Registeel|Registeel|364\/364 slp
|-damage|p1a: Registeel|342\/364 slp|[from] Stealth Rock
|move|p2a: Venusaur|Leaf Storm|p1a: Registeel
|-resisted|p1a: Registeel
|-damage|p1a: Registeel|293\/364 slp
|-unboost|p2a: Venusaur|spa|2
|
|-heal|p1a: Registeel|315\/364 slp|[from] item: Leftovers
|-damage|p2a: Venusaur|123\/301 brn|[from] brn
|upkeep
|turn|46
|choice|move seismictoss|switch 3
|
|switch|p2a: Medicham|Medicham, M|35\/261
|-damage|p2a: Medicham|19\/261|[from] Stealth Rock
|cant|p1a: Registeel|slp
|
|-heal|p1a: Registeel|337\/364 slp|[from] item: Leftovers
|upkeep
|turn|47
|choice|switch 4|move highjumpkick
|
|switch|p1a: Alomomola|Alomomola, F|501\/501
|-damage|p1a: Alomomola|439\/501|[from] Stealth Rock
|move|p2a: Medicham|High Jump Kick|p1a: Alomomola
|-crit|p1a: Alomomola
|-damage|p1a: Alomomola|0 fnt
|faint|p1a: Alomomola
|
|upkeep
|c|☆fran #17|gg lol
|choice|switch 4|
|
|switch|p1a: Registeel|Registeel|337\/364 slp
|-damage|p1a: Registeel|315\/364 slp|[from] Stealth Rock
|turn|48
|c|☆tjdaas|can still miss again
|c|☆fran #17|i hope so
|c|☆tjdaas|jup this game was very haxy
|c|☆tjdaas|on both sides
|choice|move seismictoss|move highjumpkick
|
|move|p2a: Medicham|High Jump Kick|p1a: Registeel
|-supereffective|p1a: Registeel
|-damage|p1a: Registeel|0 fnt
|faint|p1a: Registeel
|
|win|tjdaas
|c|☆fran #17|idk i feel like hitting that blast won the game
|c|☆tjdaas|yeah
|c|☆fran #17|g2?
|c|☆tjdaas|yes
|l|Matame
|l|fran #17
|c|☆tjdaas|But sleep powder missed were also bad for me</script>
</div>
<div class="battle-log battle-log-inline"><div class="inner"><div class="battle-options"></div><div class="inner"><div class="chat"><small>fran #17 joined.</small></div><div class="chat"><small>tjdaas joined.</small></div><div class=""><small>Format:</small> <br><strong>RU</strong></div><div class=""><small><em>Sleep Clause Mod:</em> Limit one foe put to sleep</small></div><div class=""><small><em>Species Clause:</em> Limit one of each Pokémon</small></div><div class=""><small><em>OHKO Clause:</em> OHKO moves are banned</small></div><div class=""><small><em>Moody Clause:</em> Moody is banned</small></div><div class=""><small><em>Evasion Moves Clause:</em> Evasion moves are banned</small></div><div class=""><small><em>Endless Battle Clause:</em> Forcing endless battles is banned</small></div><div class=""><small><em>HP Percentage Mod:</em> HP is shown in percentages</small></div><div class=""><small><em>Swagger Clause:</em> Swagger is banned</small></div><div class=""><small><em>Baton Pass Clause:</em> Limit one Baton Passer, can't pass Spe and other stats simultaneously</small></div><div class="chat battle-history"><strong>fran #17's team:</strong> <em style="color:#445566;display:block;">Frogadier / Meloetta / Registeel / Tangela / Alomomola / Flygon</em></div><div class="chat battle-history"><strong>tjdaas's team:</strong> <em style="color:#445566;display:block;">Houndoom / Medicham / Omastar / Flygon / Rotom / Venusaur</em></div><div class="chat chatmessage-fran17"><strong style="color:hsl(237,82%,63.50458497281799%)"><small>☆</small><span class="username" data-name="fran #17">fran #17</span>:</strong> <em>hf :)</em></div><div class="chat chatmessage-tjdaas"><strong style="color:hsl(248,85%,57.56528247938333%)"><small>☆</small><span class="username" data-name="tjdaas">tjdaas</span>:</strong> <em>u2</em></div><div class="spacer battle-history"><br></div><div class="battle-history">Battle started between fran #17 and tjdaas!<br></div><div class="spacer battle-history"><br></div><div class="battle-history">Go! <strong>Frogadier</strong>!<br></div><div class="spacer battle-history"><br></div><div class="battle-history">tjdaas sent out <strong>Omastar</strong>!<br></div><div class="spacer battle-history"><br></div><h2 class="battle-history">Turn 1</h2><div class="spacer battle-history"><br></div><div class="battle-history">Frogadier used <strong>Grass Knot</strong>!<br></div><div class="spacer battle-history"><br></div><div class="battle-history"><small>[Frogadier's Protean]</small><br><small>Frogadier transformed into the Grass type!</small><br></div><div class="battle-history"><small>It's super effective!</small><br></div><div class="battle-history"><small>The opposing Omastar hung on using its Focus Sash!</small><br></div><div class="battle-history"><small>(The opposing Omastar lost <abbr title="−280/281">99.6%</abbr> of its health!)</small><br></div><div class="battle-history"><small>Frogadier lost some of its HP!</small><br></div><div class="spacer battle-history"><br></div><div class="battle-history">The opposing Omastar used <strong>Stealth Rock</strong>!<br></div><div class="battle-history"><small>Pointed stones float in the air around your team!</small><br></div><div class="spacer battle-history"><br></div><h2 class="battle-history">Turn 2</h2><div class="spacer battle-history"><br></div><div class="battle-history">Frogadier used <strong>Grass Knot</strong>!<br></div><div class="battle-history"><small>It's super effective!</small><br></div><div class="battle-history"><small>(The opposing Omastar lost <abbr title="−1/281">0.4%</abbr> of its health!)</small><br></div><div class="battle-history"><small>Frogadier lost some of its HP!</small><br></div><div class="spacer battle-history"><br></div><div class="battle-history">The opposing Omastar fainted!<br></div><div class="spacer battle-history"><br></div><div class="battle-history">tjdaas sent out <strong>Flygon</strong>!<br></div><div class="spacer battle-history"><br></div><h2 class="battle-history">Turn 3</h2><div class="spacer battle-history"><br></div><div class="battle-history">Frogadier, come back!<br></div><div class="battle-history">Go! <strong>Tangela</strong>!<br></div><div class="battle-history"><small>Pointed stones dug into Tangela!</small><br></div><div class="spacer battle-history"><br></div><div class="battle-history">The opposing Flygon used <strong>U-turn</strong>!<br></div><div class="battle-history"><small>It's super effective!</small><br></div><div class="battle-history"><small>(Tangela lost <abbr title="−88/304">28.9%</abbr> of its health!)</small><br></div><div class="battle-history"><small>The opposing Flygon lost some of its HP!</small><br></div><div class="spacer battle-history"><br></div><div class="battle-history">The opposing Flygon went back to tjdaas!<br></div><div class="battle-history">tjdaas sent out <strong>Houndoom</strong>!<br></div><div class="spacer battle-history"><br></div><h2 class="battle-history">Turn 4</h2><div class="spacer battle-history"><br></div><div class="battle-history">tjdaas withdrew Houndoom!<br></div><div class="battle-history">tjdaas sent out <strong>Rotom</strong>!<br></div><div class="spacer battle-history"><br></div><div class="battle-history">Tangela, come back!<br></div><div class="battle-history">Go! <strong>Flygon</strong>!<br></div><div class="battle-history"><small>Pointed stones dug into Flygon!</small><br></div><div class="spacer battle-history"><br></div><h2 class="battle-history">Turn 5</h2><div class="spacer battle-history"><br></div><div class="battle-history">Flygon used <strong>U-turn</strong>!<br></div><div class="battle-history"><small>It's not very effective...</small><br></div><div class="battle-history"><small>(The opposing Rotom lost <abbr title="−42/304">13.8%</abbr> of its health!)</small><br></div><div class="spacer battle-history"><br></div><div class="battle-history">Flygon went back to fran #17!<br></div><div class="battle-history">Go! <strong>Tangela</strong>!<br></div><div class="battle-history"><small>Pointed stones dug into Tangela!</small><br></div><div class="spacer battle-history"><br></div><div class="battle-history">The opposing Rotom used <strong>Will-O-Wisp</strong>!<br></div><div class="battle-history"><small>Tangela was burned!</small><br></div><div class="spacer battle-history"><br></div><div class="battle-history"><small>The opposing Rotom restored a little HP using its Leftovers!</small><br></div><div class="battle-history"><small>Tangela was hurt by its burn!</small><br></div><div class="spacer battle-history"><br></div><h2 class="battle-history">Turn 6</h2><div class="spacer battle-history"><br></div><div class="battle-history">tjdaas withdrew Rotom!<br></div><div class="battle-history">tjdaas sent out <strong>Venusaur</strong>!<br></div><div class="spacer battle-history"><br></div><div class="battle-history">Tangela used <strong>Knock Off</strong>!<br></div><div class="battle-history"><small>(The opposing Venusaur lost <abbr title="−25/301">8.3%</abbr> of its health!)</small><br></div><div class="battle-history"><small>Tangela knocked off the opposing Venusaur's Life Orb!</small><br></div><div class="spacer battle-history"><br></div><div class="battle-history"><small>Tangela was hurt by its burn!</small><br></div><div class="spacer battle-history"><br></div><h2 class="battle-history">Turn 7</h2><div class="spacer battle-history"><br></div><div class="battle-history">Tangela, come back!<br></div><div class="battle-history">Go! <strong>Registeel</strong>!<br></div><div class="battle-history"><small>Pointed stones dug into Registeel!</small><br></div><div class="spacer battle-history"><br></div><div class="battle-history">The opposing Venusaur used <strong>Sleep Powder</strong>!<br></div><div class="battle-history"><small>Registeel avoided the attack!</small><br></div><div class="spacer battle-history"><br></div><div class="battle-history"><small>Registeel restored a little HP using its Leftovers!</small><br></div><div class="spacer battle-history"><br></div><h2 class="battle-history">Turn 8</h2><div class="spacer battle-history"><br></div><div class="battle-history">The opposing Venusaur used <strong>Sleep Powder</strong>!<br></div><div class="battle-history"><small>Registeel avoided the attack!</small><br></div><div class="spacer battle-history"><br></div><div class="battle-history">Registeel used <strong>Stealth Rock</strong>!<br></div><div class="battle-history"><small>Pointed stones float in the air around the opposing team!</small><br></div><div class="spacer battle-history"><br></div><h2 class="battle-history">Turn 9</h2><div class="spacer battle-history"><br></div><div class="battle-history">The opposing Venusaur used <strong>Sleep Powder</strong>!<br></div><div class="battle-history"><small>Registeel fell asleep!</small><br></div><div class="spacer battle-history"><br></div><div class="battle-history">Registeel is fast asleep.<br></div><div class="spacer battle-history"><br></div><h2 class="battle-history">Turn 10</h2><div class="spacer battle-history"><br></div><div class="battle-history">tjdaas withdrew Venusaur!<br></div><div class="battle-history">tjdaas sent out <strong>Medicham</strong>!<br></div><div class="battle-history"><small>Pointed stones dug into the opposing Medicham!</small><br></div><div class="spacer battle-history"><br></div><div class="battle-history">Registeel, come back!<br></div><div class="battle-history">Go! <strong>Alomomola</strong>!<br></div><div class="battle-history"><small>Pointed stones dug into Alomomola!</small><br></div><div class="spacer battle-history"><br></div><div class="battle-history"><small>Alomomola restored a little HP using its Leftovers!</small><br></div><div class="spacer battle-history"><br></div><h2 class="battle-history">Turn 11</h2><div class="spacer battle-history"><br></div><div class="battle-history">Alomomola used <strong>Protect</strong>!<br></div><div class="battle-history"><small>Alomomola protected itself!</small><br></div><div class="spacer battle-history"><br></div><div class="battle-history">The opposing Medicham used <strong>Trick</strong>!<br></div><div class="battle-history"><small>Alomomola protected itself!</small><br></div><div class="spacer battle-history"><br></div><div class="battle-history"><small>Alomomola restored a little HP using its Leftovers!</small><br></div><div class="spacer battle-history"><br></div><h2 class="battle-history">Turn 12</h2><div class="spacer battle-history"><br></div><div class="battle-history">tjdaas withdrew Medicham!<br></div><div class="battle-history">tjdaas sent out <strong>Flygon</strong>!<br></div><div class="battle-history"><small>Pointed stones dug into the opposing Flygon!</small><br></div><div class="spacer battle-history"><br></div><div class="battle-history">Alomomola, come back!<br></div><div class="battle-history">Go! <strong>Flygon</strong>!<br></div><div class="battle-history"><small>Pointed stones dug into Flygon!</small><br></div><div class="spacer battle-history"><br></div><h2 class="battle-history">Turn 13</h2><div class="spacer battle-history"><br></div><div class="battle-history">Flygon used <strong>Outrage</strong>!<br></div><div class="battle-history"><small>It's super effective!</small><br></div><div class="battle-history"><small>(The opposing Flygon lost <abbr title="−253/301">84.1%</abbr> of its health!)</small><br></div><div class="spacer battle-history"><br></div><div class="battle-history">The opposing Flygon fainted!<br></div><div class="spacer battle-history"><br></div><div class="battle-history">tjdaas sent out <strong>Rotom</strong>!<br></div><div class="battle-history"><small>Pointed stones dug into the opposing Rotom!</small><br></div><div class="spacer battle-history"><br></div><h2 class="battle-history">Turn 14</h2><div class="spacer battle-history"><br></div><div class="battle-history">Flygon used <strong>Outrage</strong>!<br></div><div class="battle-history"><small>(The opposing Rotom lost <abbr title="−219/304">72.0%</abbr> of its health!)</small><br></div><div class="spacer battle-history"><br></div><div class="battle-history">The opposing Rotom used <strong>Will-O-Wisp</strong>!<br></div><div class="battle-history"><small>Flygon was burned!</small><br></div><div class="spacer battle-history"><br></div><div class="battle-history"><small>The opposing Rotom restored a little HP using its Leftovers!</small><br></div><div class="battle-history"><small>Flygon was hurt by its burn!</small><br></div><div class="spacer battle-history"><br></div><h2 class="battle-history">Turn 15</h2><div class="spacer battle-history"><br></div><div class="battle-history">Flygon used <strong>Outrage</strong>!<br></div><div class="battle-history"><small>(The opposing Rotom lost <abbr title="−43/304">14.1%</abbr> of its health!)</small><br></div><div class="battle-history"><small>Flygon became confused due to fatigue!</small><br></div><div class="spacer battle-history"><br></div><div class="battle-history">The opposing Rotom fainted!<br></div><div class="spacer battle-history"><br></div><div class="battle-history"><small>Flygon was hurt by its burn!</small><br></div><div class="spacer battle-history"><br></div><div class="battle-history">tjdaas sent out <strong>Venusaur</strong>!<br></div><div class="battle-history"><small>Pointed stones dug into the opposing Venusaur!</small><br></div><div class="spacer battle-history"><br></div><h2 class="battle-history">Turn 16</h2><div class="spacer battle-history"><br></div><div class="battle-history">Flygon, come back!<br></div><div class="battle-history">Go! <strong>Tangela</strong>!<br></div><div class="battle-history"><small>Pointed stones dug into Tangela!</small><br></div><div class="spacer battle-history"><br></div><div class="battle-history">tjdaas withdrew Venusaur!<br></div><div class="battle-history">tjdaas sent out <strong>Medicham</strong>!<br></div><div class="battle-history"><small>Pointed stones dug into the opposing Medicham!</small><br></div><div class="spacer battle-history"><br></div><div class="battle-history"><small>Tangela was hurt by its burn!</small><br></div><div class="spacer battle-history"><br></div><h2 class="battle-history">Turn 17</h2><div class="spacer battle-history"><br></div><div class="battle-history">tjdaas withdrew Medicham!<br></div><div class="battle-history">tjdaas sent out <strong>Venusaur</strong>!<br></div><div class="battle-history"><small>Pointed stones dug into the opposing Venusaur!</small><br></div><div class="spacer battle-history"><br></div><div class="battle-history">Tangela used <strong>Leech Seed</strong>!<br></div><div class="battle-history"><small>It doesn't affect the opposing Venusaur...</small><br></div><div class="spacer battle-history"><br></div><div class="battle-history"><small>Tangela was hurt by its burn!</small><br></div><div class="spacer battle-history"><br></div><h2 class="battle-history">Turn 18</h2><div class="spacer battle-history"><br></div><div class="battle-history">The opposing Venusaur used <strong>Sludge Bomb</strong>!<br></div><div class="battle-history"><small>It's super effective!</small><br></div><div class="battle-history"><small>(Tangela lost <abbr title="−152/304">50%</abbr> of its health!)</small><br></div><div class="spacer battle-history"><br></div><div class="battle-history">Tangela fainted!<br></div><div class="spacer battle-history"><br></div><div class="battle-history">Go! <strong>Meloetta</strong>!<br></div><div class="battle-history"><small>Pointed stones dug into Meloetta!</small><br></div><div class="spacer battle-history"><br></div><h2 class="battle-history">Turn 19</h2><div class="spacer battle-history"><br></div><div class="battle-history">tjdaas withdrew Venusaur!<br></div><div class="battle-history">tjdaas sent out <strong>Houndoom</strong>!<br></div><div class="battle-history"><small>Pointed stones dug into the opposing Houndoom!</small><br></div><div class="spacer battle-history"><br></div><div class="battle-history">Meloetta used <strong>Calm Mind</strong>!<br></div><div class="battle-history"><small>Meloetta's Special Attack rose!</small><br></div><div class="battle-history"><small>Meloetta's Special Defense rose!</small><br></div><div class="spacer battle-history"><br></div><div class="battle-history"><small>Meloetta restored a little HP using its Leftovers!</small><br></div><div class="spacer battle-history"><br></div><h2 class="battle-history">Turn 20</h2><div class="spacer battle-history"><br></div><div class="battle-history">The opposing Houndoom used <strong>Crunch</strong>!<br></div><div class="battle-history"><small>It's super effective!</small><br></div><div class="battle-history"><small>(Meloetta lost <abbr title="−257/404">63.6%</abbr> of its health!)</small><br></div><div class="battle-history"><small>The opposing Houndoom lost some of its HP!</small><br></div><div class="spacer battle-history"><br></div><div class="battle-history">Meloetta used <strong>Focus Blast</strong>!<br></div><div class="battle-history"><small>The opposing Houndoom avoided the attack!</small><br></div><div class="spacer battle-history"><br></div><div class="battle-history"><small>Meloetta restored a little HP using its Leftovers!</small><br></div><div class="spacer battle-history"><br></div><h2 class="battle-history">Turn 21</h2><div class="chat chatmessage-fran17"><strong style="color:hsl(237,82%,63.50458497281799%)"><small>☆</small><span class="username" data-name="fran #17">fran #17</span>:</strong> <em>dam</em></div><div class="spacer battle-history"><br></div><div class="battle-history"><small>(Meloetta is being withdrawn...)</small><br></div><div class="spacer battle-history"><br></div><div class="battle-history">The opposing Houndoom used <strong>Pursuit</strong>!<br></div><div class="battle-history"><small>It's super effective!</small><br></div><div class="battle-history"><small>(Meloetta lost <abbr title="−147/404">36.4%</abbr> of its health!)</small><br></div><div class="battle-history"><small>The opposing Houndoom lost some of its HP!</small><br></div><div class="spacer battle-history"><br></div><div class="battle-history">Meloetta fainted!<br></div><div class="chat chatmessage-fran17"><strong style="color:hsl(237,82%,63.50458497281799%)"><small>☆</small><span class="username" data-name="fran #17">fran #17</span>:</strong> <em>that's no good :/</em></div><div class="spacer battle-history"><br></div><div class="battle-history">Go! <strong>Alomomola</strong>!<br></div><div class="battle-history"><small>Pointed stones dug into Alomomola!</small><br></div><div class="spacer battle-history"><br></div><h2 class="battle-history">Turn 22</h2><div class="spacer battle-history"><br></div><div class="battle-history">tjdaas withdrew Houndoom!<br></div><div class="battle-history">tjdaas sent out <strong>Venusaur</strong>!<br></div><div class="battle-history"><small>Pointed stones dug into the opposing Venusaur!</small><br></div><div class="spacer battle-history"><br></div><div class="battle-history">Alomomola used <strong>Scald</strong>!<br></div><div class="battle-history"><small>It's not very effective...</small><br></div><div class="battle-history"><small>(The opposing Venusaur lost <abbr title="−21/301">7.0%</abbr> of its health!)</small><br></div><div class="spacer battle-history"><br></div><div class="battle-history"><small>Alomomola restored a little HP using its Leftovers!</small><br></div><div class="spacer battle-history"><br></div><h2 class="battle-history">Turn 23</h2><div class="spacer battle-history"><br></div><div class="battle-history">The opposing Venusaur used <strong>Synthesis</strong>!<br></div><div class="battle-history"><small>The opposing Venusaur restored its HP.</small><br></div><div class="spacer battle-history"><br></div><div class="battle-history">Alomomola used <strong>Scald</strong>!<br></div><div class="battle-history"><small>It's not very effective...</small><br></div><div class="battle-history"><small>(The opposing Venusaur lost <abbr title="−20/301">6.6%</abbr> of its health!)</small><br></div><div class="battle-history"><small>The opposing Venusaur was burned!</small><br></div><div class="spacer battle-history"><br></div><div class="battle-history"><small>Alomomola restored a little HP using its Leftovers!</small><br></div><div class="battle-history"><small>The opposing Venusaur was hurt by its burn!</small><br></div><div class="spacer battle-history"><br></div><h2 class="battle-history">Turn 24</h2><div class="spacer battle-history"><br></div><div class="battle-history">The opposing Venusaur used <strong>Leaf Storm</strong>!<br></div><div class="battle-history"><small>It's super effective!</small><br></div><div class="battle-history"><small>(Alomomola lost <abbr title="−408/501">81.4%</abbr> of its health!)</small><br></div><div class="battle-history"><small>The opposing Venusaur's Special Attack fell harshly!</small><br></div><div class="spacer battle-history"><br></div><div class="battle-history">Alomomola used <strong>Wish</strong>!<br></div><div class="spacer battle-history"><br></div><div class="battle-history"><small>Alomomola restored a little HP using its Leftovers!</small><br></div><div class="battle-history"><small>The opposing Venusaur was hurt by its burn!</small><br></div><div class="spacer battle-history"><br></div><h2 class="battle-history">Turn 25</h2><div class="spacer battle-history"><br></div><div class="battle-history">tjdaas withdrew Venusaur!<br></div><div class="battle-history">tjdaas sent out <strong>Medicham</strong>!<br></div><div class="battle-history"><small>Pointed stones dug into the opposing Medicham!</small><br></div><div class="spacer battle-history"><br></div><div class="battle-history">Alomomola used <strong>Protect</strong>!<br></div><div class="battle-history"><small>But it failed!</small><br></div><div class="spacer battle-history"><br></div><div class="battle-history"><small>Alomomola's wish came true!</small><br></div><div class="battle-history"><small>Alomomola restored a little HP using its Leftovers!</small><br></div><div class="spacer battle-history"><br></div><h2 class="battle-history">Turn 26</h2><div class="spacer battle-history"><br></div><div class="battle-history">Alomomola used <strong>Protect</strong>!<br></div><div class="battle-history"><small>Alomomola protected itself!</small><br></div><div class="spacer battle-history"><br></div><div class="battle-history">The opposing Medicham used <strong>Trick</strong>!<br></div><div class="battle-history"><small>Alomomola protected itself!</small><br></div><div class="spacer battle-history"><br></div><div class="battle-history"><small>Alomomola restored a little HP using its Leftovers!</small><br></div><div class="spacer battle-history"><br></div><h2 class="battle-history">Turn 27</h2><div class="spacer battle-history"><br></div><div class="battle-history">tjdaas withdrew Medicham!<br></div><div class="battle-history">tjdaas sent out <strong>Venusaur</strong>!<br></div><div class="battle-history"><small>Pointed stones dug into the opposing Venusaur!</small><br></div><div class="spacer battle-history"><br></div><div class="battle-history">Alomomola, come back!<br></div><div class="battle-history">Go! <strong>Flygon</strong>!<br></div><div class="battle-history"><small>Pointed stones dug into Flygon!</small><br></div><div class="spacer battle-history"><br></div><div class="battle-history"><small>Flygon was hurt by its burn!</small><br></div><div class="battle-history"><small>The opposing Venusaur was hurt by its burn!</small><br></div><div class="spacer battle-history"><br></div><h2 class="battle-history">Turn 28</h2><div class="spacer battle-history"><br></div><div class="battle-history">Flygon used <strong>U-turn</strong>!<br></div><div class="battle-history"><small>(The opposing Venusaur lost <abbr title="−44/301">14.6%</abbr> of its health!)</small><br></div><div class="spacer battle-history"><br></div><div class="battle-history">Flygon went back to fran #17!<br></div><div class="battle-history">Go! <strong>Registeel</strong>!<br></div><div class="battle-history"><small>Pointed stones dug into Registeel!</small><br></div><div class="spacer battle-history"><br></div><div class="battle-history">The opposing Venusaur used <strong>Synthesis</strong>!<br></div><div class="battle-history"><small>The opposing Venusaur restored its HP.</small><br></div><div class="spacer battle-history"><br></div><div class="battle-history"><small>Registeel restored a little HP using its Leftovers!</small><br></div><div class="battle-history"><small>The opposing Venusaur was hurt by its burn!</small><br></div><div class="spacer battle-history"><br></div><h2 class="battle-history">Turn 29</h2><div class="spacer battle-history"><br></div><div class="battle-history">tjdaas withdrew Venusaur!<br></div><div class="battle-history">tjdaas sent out <strong>Medicham</strong>!<br></div><div class="battle-history"><small>Pointed stones dug into the opposing Medicham!</small><br></div><div class="spacer battle-history"><br></div><div class="battle-history">Registeel is fast asleep.<br></div><div class="spacer battle-history"><br></div><h2 class="battle-history">Turn 30</h2><div class="spacer battle-history"><br></div><div class="battle-history">Registeel, come back!<br></div><div class="battle-history">Go! <strong>Frogadier</strong>!<br></div><div class="battle-history"><small>Pointed stones dug into Frogadier!</small><br></div><div class="spacer battle-history"><br></div><div class="battle-history">The opposing Medicham used <strong>High Jump Kick</strong>!<br></div><div class="battle-history"><small>(Frogadier lost <abbr title="−170/249">68.3%</abbr> of its health!)</small><br></div><div class="spacer battle-history"><br></div><div class="battle-history">Frogadier fainted!<br></div><div class="spacer battle-history"><br></div><div class="battle-history">Go! <strong>Alomomola</strong>!<br></div><div class="battle-history"><small>Pointed stones dug into Alomomola!</small><br></div><div class="spacer battle-history"><br></div><h2 class="battle-history">Turn 31</h2><div class="spacer battle-history"><br></div><div class="battle-history">tjdaas withdrew Medicham!<br></div><div class="battle-history">tjdaas sent out <strong>Venusaur</strong>!<br></div><div class="battle-history"><small>Pointed stones dug into the opposing Venusaur!</small><br></div><div class="spacer battle-history"><br></div><div class="battle-history">Alomomola, come back!<br></div><div class="battle-history">Go! <strong>Registeel</strong>!<br></div><div class="battle-history"><small>Pointed stones dug into Registeel!</small><br></div><div class="spacer battle-history"><br></div><div class="battle-history"><small>Registeel restored a little HP using its Leftovers!</small><br></div><div class="battle-history"><small>The opposing Venusaur was hurt by its burn!</small><br></div><div class="spacer battle-history"><br></div><h2 class="battle-history">Turn 32</h2><div class="spacer battle-history"><br></div><div class="battle-history">tjdaas withdrew Venusaur!<br></div><div class="battle-history">tjdaas sent out <strong>Houndoom</strong>!<br></div><div class="battle-history"><small>Pointed stones dug into the opposing Houndoom!</small><br></div><div class="battle-history"><small>Registeel woke up!</small><br></div><div class="spacer battle-history"><br></div><div class="battle-history">Registeel used <strong>Seismic Toss</strong>!<br></div><div class="battle-history"><small>(The opposing Houndoom lost <abbr title="−89/291">30.6%</abbr> of its health!)</small><br></div><div class="spacer battle-history"><br></div><div class="battle-history">The opposing Houndoom fainted!<br></div><div class="spacer battle-history"><br></div><div class="battle-history">tjdaas sent out <strong>Venusaur</strong>!<br></div><div class="battle-history"><small>Pointed stones dug into the opposing Venusaur!</small><br></div><div class="spacer battle-history"><br></div><h2 class="battle-history">Turn 33</h2><div class="spacer battle-history"><br></div><div class="battle-history">Registeel, come back!<br></div><div class="battle-history">Go! <strong>Flygon</strong>!<br></div><div class="battle-history"><small>Pointed stones dug into Flygon!</small><br></div><div class="spacer battle-history"><br></div><div class="battle-history">The opposing Venusaur used <strong>Synthesis</strong>!<br></div><div class="battle-history"><small>The opposing Venusaur restored its HP.</small><br></div><div class="spacer battle-history"><br></div><div class="battle-history"><small>Flygon was hurt by its burn!</small><br></div><div class="battle-history"><small>The opposing Venusaur was hurt by its burn!</small><br></div><div class="spacer battle-history"><br></div><h2 class="battle-history">Turn 34</h2><div class="spacer battle-history"><br></div><div class="battle-history">Flygon used <strong>Outrage</strong>!<br></div><div class="battle-history"><small>(The opposing Venusaur lost <abbr title="−101/301">33.6%</abbr> of its health!)</small><br></div><div class="spacer battle-history"><br></div><div class="battle-history">The opposing Venusaur used <strong>Synthesis</strong>!<br></div><div class="battle-history"><small>The opposing Venusaur restored its HP.</small><br></div><div class="spacer battle-history"><br></div><div class="battle-history"><small>Flygon was hurt by its burn!</small><br></div><div class="battle-history"><small>The opposing Venusaur was hurt by its burn!</small><br></div><div class="spacer battle-history"><br></div><h2 class="battle-history">Turn 35</h2><div class="spacer battle-history"><br></div><div class="battle-history">Flygon used <strong>Outrage</strong>!<br></div><div class="battle-history"><small>(The opposing Venusaur lost <abbr title="−98/301">32.6%</abbr> of its health!)</small><br></div><div class="battle-history"><small>Flygon became confused due to fatigue!</small><br></div><div class="spacer battle-history"><br></div><div class="battle-history">The opposing Venusaur used <strong>Synthesis</strong>!<br></div><div class="battle-history"><small>The opposing Venusaur restored its HP.</small><br></div><div class="spacer battle-history"><br></div><div class="battle-history"><small>Flygon was hurt by its burn!</small><br></div><div class="battle-history"><small>The opposing Venusaur was hurt by its burn!</small><br></div><div class="spacer battle-history"><br></div><h2 class="battle-history">Turn 36</h2><div class="spacer battle-history"><br></div><div class="battle-history"><small>Flygon is confused!</small><br></div><div class="battle-history">Flygon used <strong>Outrage</strong>!<br></div><div class="battle-history"><small>(The opposing Venusaur lost <abbr title="−105/301">34.9%</abbr> of its health!)</small><br></div><div class="spacer battle-history"><br></div><div class="battle-history">The opposing Venusaur used <strong>Synthesis</strong>!<br></div><div class="battle-history"><small>The opposing Venusaur restored its HP.</small><br></div><div class="spacer battle-history"><br></div><div class="battle-history"><small>Flygon was hurt by its burn!</small><br></div><div class="battle-history"><small>The opposing Venusaur was hurt by its burn!</small><br></div><div class="spacer battle-history"><br></div><div class="battle-history">Flygon fainted!<br></div><div class="spacer battle-history"><br></div><div class="battle-history">Go! <strong>Registeel</strong>!<br></div><div class="battle-history"><small>Pointed stones dug into Registeel!</small><br></div><div class="spacer battle-history"><br></div><h2 class="battle-history">Turn 37</h2><div class="spacer battle-history"><br></div><div class="battle-history">The opposing Venusaur used <strong>Sleep Powder</strong>!<br></div><div class="battle-history"><small>Registeel fell asleep!</small><br></div><div class="spacer battle-history"><br></div><div class="battle-history">Registeel is fast asleep.<br></div><div class="spacer battle-history"><br></div><div class="battle-history"><small>Registeel restored a little HP using its Leftovers!</small><br></div><div class="battle-history"><small>The opposing Venusaur was hurt by its burn!</small><br></div><div class="spacer battle-history"><br></div><h2 class="battle-history">Turn 38</h2><div class="spacer battle-history"><br></div><div class="battle-history">tjdaas withdrew Venusaur!<br></div><div class="battle-history">tjdaas sent out <strong>Medicham</strong>!<br></div><div class="battle-history"><small>Pointed stones dug into the opposing Medicham!</small><br></div><div class="spacer battle-history"><br></div><div class="battle-history">Registeel is fast asleep.<br></div><div class="spacer battle-history"><br></div><h2 class="battle-history">Turn 39</h2><div class="spacer battle-history"><br></div><div class="battle-history">Registeel, come back!<br></div><div class="battle-history">Go! <strong>Alomomola</strong>!<br></div><div class="battle-history"><small>Pointed stones dug into Alomomola!</small><br></div><div class="spacer battle-history"><br></div><div class="battle-history">The opposing Medicham used <strong>High Jump Kick</strong>!<br></div><div class="battle-history"><small>(Alomomola lost <abbr title="−265/501">52.9%</abbr> of its health!)</small><br></div><div class="spacer battle-history"><br></div><div class="battle-history"><small>Alomomola restored a little HP using its Leftovers!</small><br></div><div class="spacer battle-history"><br></div><h2 class="battle-history">Turn 40</h2><div class="spacer battle-history"><br></div><div class="battle-history">tjdaas withdrew Medicham!<br></div><div class="battle-history">tjdaas sent out <strong>Venusaur</strong>!<br></div><div class="battle-history"><small>Pointed stones dug into the opposing Venusaur!</small><br></div><div class="spacer battle-history"><br></div><div class="battle-history">Alomomola used <strong>Protect</strong>!<br></div><div class="battle-history"><small>But it failed!</small><br></div><div class="spacer battle-history"><br></div><div class="battle-history"><small>Alomomola restored a little HP using its Leftovers!</small><br></div><div class="battle-history"><small>The opposing Venusaur was hurt by its burn!</small><br></div><div class="spacer battle-history"><br></div><h2 class="battle-history">Turn 41</h2><div class="chat"><small>demolition code joined.</small></div><div class="chat"><small>demolition code left.</small></div><div class="spacer battle-history"><br></div><div class="battle-history">Alomomola used <strong>Protect</strong>!<br></div><div class="battle-history"><small>Alomomola protected itself!</small><br></div><div class="spacer battle-history"><br></div><div class="battle-history">The opposing Venusaur used <strong>Synthesis</strong>!<br></div><div class="battle-history"><small>The opposing Venusaur restored its HP.</small><br></div><div class="spacer battle-history"><br></div><div class="battle-history"><small>Alomomola restored a little HP using its Leftovers!</small><br></div><div class="battle-history"><small>The opposing Venusaur was hurt by its burn!</small><br></div><div class="spacer battle-history"><br></div><h2 class="battle-history">Turn 42</h2><div class="spacer battle-history"><br></div><div class="battle-history">tjdaas withdrew Venusaur!<br></div><div class="battle-history">tjdaas sent out <strong>Medicham</strong>!<br></div><div class="battle-history"><small>Pointed stones dug into the opposing Medicham!</small><br></div><div class="spacer battle-history"><br></div><div class="battle-history">Alomomola, come back!<br></div><div class="battle-history">Go! <strong>Registeel</strong>!<br></div><div class="battle-history"><small>Pointed stones dug into Registeel!</small><br></div><div class="spacer battle-history"><br></div><div class="battle-history"><small>Registeel restored a little HP using its Leftovers!</small><br></div><div class="spacer battle-history"><br></div><h2 class="battle-history">Turn 43</h2><div class="spacer battle-history"><br></div><div class="battle-history">Registeel, come back!<br></div><div class="battle-history">Go! <strong>Alomomola</strong>!<br></div><div class="battle-history"><small>Pointed stones dug into Alomomola!</small><br></div><div class="spacer battle-history"><br></div><div class="battle-history">The opposing Medicham used <strong>High Jump Kick</strong>!<br></div><div class="battle-history"><small>Alomomola avoided the attack!</small><br></div><div class="battle-history"><small>The opposing Medicham kept going and crashed!</small><br></div><div class="spacer battle-history"><br></div><div class="battle-history"><small>Alomomola restored a little HP using its Leftovers!</small><br></div><div class="spacer battle-history"><br></div><h2 class="battle-history">Turn 44</h2><div class="chat"><small>Matame joined.</small></div><div class="spacer battle-history"><br></div><div class="battle-history">tjdaas withdrew Medicham!<br></div><div class="battle-history">tjdaas sent out <strong>Venusaur</strong>!<br></div><div class="battle-history"><small>Pointed stones dug into the opposing Venusaur!</small><br></div><div class="spacer battle-history"><br></div><div class="battle-history">Alomomola used <strong>Protect</strong>!<br></div><div class="battle-history"><small>But it failed!</small><br></div><div class="spacer battle-history"><br></div><div class="battle-history"><small>Alomomola restored a little HP using its Leftovers!</small><br></div><div class="battle-history"><small>The opposing Venusaur was hurt by its burn!</small><br></div><div class="spacer battle-history"><br></div><h2 class="battle-history">Turn 45</h2><div class="spacer battle-history"><br></div><div class="battle-history">Alomomola, come back!<br></div><div class="battle-history">Go! <strong>Registeel</strong>!<br></div><div class="battle-history"><small>Pointed stones dug into Registeel!</small><br></div><div class="spacer battle-history"><br></div><div class="battle-history">The opposing Venusaur used <strong>Leaf Storm</strong>!<br></div><div class="battle-history"><small>It's not very effective...</small><br></div><div class="battle-history"><small>(Registeel lost <abbr title="−49/364">13.5%</abbr> of its health!)</small><br></div><div class="battle-history"><small>The opposing Venusaur's Special Attack fell harshly!</small><br></div><div class="spacer battle-history"><br></div><div class="battle-history"><small>Registeel restored a little HP using its Leftovers!</small><br></div><div class="battle-history"><small>The opposing Venusaur was hurt by its burn!</small><br></div><div class="spacer battle-history"><br></div><h2 class="battle-history">Turn 46</h2><div class="spacer battle-history"><br></div><div class="battle-history">tjdaas withdrew Venusaur!<br></div><div class="battle-history">tjdaas sent out <strong>Medicham</strong>!<br></div><div class="battle-history"><small>Pointed stones dug into the opposing Medicham!</small><br></div><div class="spacer battle-history"><br></div><div class="battle-history">Registeel is fast asleep.<br></div><div class="spacer battle-history"><br></div><div class="battle-history"><small>Registeel restored a little HP using its Leftovers!</small><br></div><div class="spacer battle-history"><br></div><h2 class="battle-history">Turn 47</h2><div class="spacer battle-history"><br></div><div class="battle-history">Registeel, come back!<br></div><div class="battle-history">Go! <strong>Alomomola</strong>!<br></div><div class="battle-history"><small>Pointed stones dug into Alomomola!</small><br></div><div class="spacer battle-history"><br></div><div class="battle-history">The opposing Medicham used <strong>High Jump Kick</strong>!<br></div><div class="battle-history"><small>A critical hit!</small><br></div><div class="battle-history"><small>(Alomomola lost <abbr title="−439/501">87.6%</abbr> of its health!)</small><br></div><div class="spacer battle-history"><br></div><div class="battle-history">Alomomola fainted!<br></div><div class="chat chatmessage-fran17"><strong style="color:hsl(237,82%,63.50458497281799%)"><small>☆</small><span class="username" data-name="fran #17">fran #17</span>:</strong> <em>gg lol</em></div><div class="spacer battle-history"><br></div><div class="battle-history">Go! <strong>Registeel</strong>!<br></div><div class="battle-history"><small>Pointed stones dug into Registeel!</small><br></div><div class="spacer battle-history"><br></div><h2 class="battle-history">Turn 48</h2><div class="chat chatmessage-tjdaas"><strong style="color:hsl(248,85%,57.56528247938333%)"><small>☆</small><span class="username" data-name="tjdaas">tjdaas</span>:</strong> <em>can still miss again</em></div><div class="chat chatmessage-fran17"><strong style="color:hsl(237,82%,63.50458497281799%)"><small>☆</small><span class="username" data-name="fran #17">fran #17</span>:</strong> <em>i hope so</em></div><div class="chat chatmessage-tjdaas"><strong style="color:hsl(248,85%,57.56528247938333%)"><small>☆</small><span class="username" data-name="tjdaas">tjdaas</span>:</strong> <em>jup this game was very haxy</em></div><div class="chat chatmessage-tjdaas"><strong style="color:hsl(248,85%,57.56528247938333%)"><small>☆</small><span class="username" data-name="tjdaas">tjdaas</span>:</strong> <em>on both sides</em></div><div class="spacer battle-history"><br></div><div class="battle-history">The opposing Medicham used <strong>High Jump Kick</strong>!<br></div><div class="battle-history"><small>It's super effective!</small><br></div><div class="battle-history"><small>(Registeel lost <abbr title="−315/364">86.5%</abbr> of its health!)</small><br></div><div class="spacer battle-history"><br></div><div class="battle-history">Registeel fainted!<br></div><div class="spacer battle-history"><br></div><div class="battle-history"><strong>tjdaas</strong> won the battle!<br></div><div class="chat chatmessage-fran17"><strong style="color:hsl(237,82%,63.50458497281799%)"><small>☆</small><span class="username" data-name="fran #17">fran #17</span>:</strong> <em>idk i feel like hitting that blast won the game</em></div><div class="chat chatmessage-tjdaas"><strong style="color:hsl(248,85%,57.56528247938333%)"><small>☆</small><span class="username" data-name="tjdaas">tjdaas</span>:</strong> <em>yeah</em></div><div class="chat chatmessage-fran17"><strong style="color:hsl(237,82%,63.50458497281799%)"><small>☆</small><span class="username" data-name="fran #17">fran #17</span>:</strong> <em>g2?</em></div><div class="chat chatmessage-tjdaas"><strong style="color:hsl(248,85%,57.56528247938333%)"><small>☆</small><span class="username" data-name="tjdaas">tjdaas</span>:</strong> <em>yes</em></div><div class="chat"><small>Matame left.</small></div><div class="chat"><small>fran #17 left.</small></div><div class="chat chatmessage-tjdaas"><strong style="color:hsl(248,85%,57.56528247938333%)"><small>☆</small><span class="username" data-name="tjdaas">tjdaas</span>:</strong> <em>But sleep powder missed were also bad for me</em></div></div><div class="inner-preempt"></div></div></div>
</div>
<script>
let daily = Math.floor(Date.now()/1000/60/60/24);document.write('<script src="https://play.pokemonshowdown.com/js/replay-embed.js?version'+daily+'"></'+'script>');
</script>
