<!DOCTYPE html>
<meta charset="utf-8" />
<!-- version 1 -->
<title>RU replay: Gears Of Madness vs. HAIRY TOENAIL</title>
<style>
html,body {font-family:Verdana, sans-serif;font-size:10pt;margin:0;padding:0;}body{padding:12px 0;} .battle-log {font-family:Verdana, sans-serif;font-size:10pt;} .battle-log-inline {border:1px solid #AAAAAA;background:#EEF2F5;color:black;max-width:640px;margin:0 auto 80px;padding-bottom:5px;} .battle-log .inner {padding:4px 8px 0px 8px;} .battle-log .inner-preempt {padding:0 8px 4px 8px;} .battle-log .inner-after {margin-top:0.5em;} .battle-log h2 {margin:0.5em -8px;padding:4px 8px;border:1px solid #AAAAAA;background:#E0E7EA;border-left:0;border-right:0;font-family:Verdana, sans-serif;font-size:13pt;} .battle-log .chat {vertical-align:middle;padding:3px 0 3px 0;font-size:8pt;} .battle-log .chat strong {color:#40576A;} .battle-log .chat em {padding:1px 4px 1px 3px;color:#000000;font-style:normal;} .chat.mine {background:rgba(0,0,0,0.05);margin-left:-8px;margin-right:-8px;padding-left:8px;padding-right:8px;} .spoiler {color:#BBBBBB;background:#BBBBBB;padding:0px 3px;} .spoiler:hover, .spoiler:active, .spoiler-shown {color:#000000;background:#E2E2E2;padding:0px 3px;} .spoiler a {color:#BBBBBB;} .spoiler:hover a, .spoiler:active a, .spoiler-shown a {color:#2288CC;} .chat code, .chat .spoiler:hover code, .chat .spoiler:active code, .chat .spoiler-shown code {border:1px solid #C0C0C0;background:#EEEEEE;color:black;padding:0 2px;} .chat .spoiler code {border:1px solid #CCCCCC;background:#CCCCCC;color:#CCCCCC;} .battle-log .rated {padding:3px 4px;} .battle-log .rated strong {color:white;background:#89A;padding:1px 4px;border-radius:4px;} .spacer {margin-top:0.5em;} .message-announce {background:#6688AA;color:white;padding:1px 4px 2px;} .message-announce a, .broadcast-green a, .broadcast-blue a, .broadcast-red a {color:#DDEEFF;} .broadcast-green {background-color:#559955;color:white;padding:2px 4px;} .broadcast-blue {background-color:#6688AA;color:white;padding:2px 4px;} .infobox {border:1px solid #6688AA;padding:2px 4px;} .infobox-limited {max-height:200px;overflow:auto;overflow-x:hidden;} .broadcast-red {background-color:#AA5544;color:white;padding:2px 4px;} .message-learn-canlearn {font-weight:bold;color:#228822;text-decoration:underline;} .message-learn-cannotlearn {font-weight:bold;color:#CC2222;text-decoration:underline;} .message-effect-weak {font-weight:bold;color:#CC2222;} .message-effect-resist {font-weight:bold;color:#6688AA;} .message-effect-immune {font-weight:bold;color:#666666;} .message-learn-list {margin-top:0;margin-bottom:0;} .message-throttle-notice, .message-error {color:#992222;} .message-overflow, .chat small.message-overflow {font-size:0pt;} .message-overflow::before {font-size:9pt;content:'...';} .subtle {color:#3A4A66;}
</style>
<div class="wrapper replay-wrapper" style="max-width:1180px;margin:0 auto">
<input type="hidden" name="replayid" value="ru-588047347" />
<div class="battle"></div><div class="battle-log"></div><div class="replay-controls"></div><div class="replay-controls-2"></div>
<h1 style="font-weight:normal;text-align:center"><strong>RU</strong><br /><a href="http://pokemonshowdown.com/users/gearsofmadness" class="subtle" target="_blank">Gears Of Madness</a> vs. <a href="http://pokemonshowdown.com/users/hairytoenail" class="subtle" target="_blank">HAIRY TOENAIL</a></h1>
<script type="text/plain" class="battle-log-data">|j|Gears Of Madness
|j|HAIRY TOENAIL
|player|p1|Gears Of Madness|128
|teamsize|p1|6
|player|p2|HAIRY TOENAIL|62
|teamsize|p2|6
|gametype|singles
|gen|6
|tier|RU
|seed|44831,51123,58588,29547
|rule|Sleep Clause Mod: Limit one foe put to sleep
|rule|Species Clause: Limit one of each Pokémon
|rule|OHKO Clause: OHKO moves are banned
|rule|Moody Clause: Moody is banned
|rule|Evasion Moves Clause: Evasion moves are banned
|rule|Endless Battle Clause: Forcing endless battles is banned
|rule|HP Percentage Mod: HP is shown in percentages
|clearpoke
|poke|p1|Virizion|item
|poke|p1|Diancie|item
|poke|p1|Slowking, M|item
|poke|p1|Meloetta|item
|poke|p1|Escavalier, M|item
|poke|p1|Flygon, M|item
|poke|p2|Camerupt, F, shiny|item
|poke|p2|Escavalier, F|item
|poke|p2|Alomomola, F|item
|poke|p2|Diancie|item
|poke|p2|Xatu, F|item
|poke|p2|Drapion, F|item
|rule|Swagger Clause: Swagger is banned
|rule|Baton Pass Clause: Limit one Baton Passer, can't pass Spe and other stats simultaneously
|teampreview
|c|☆Gears Of Madness|Hf
|c|☆HAIRY TOENAIL|hf
|choice|team 6, team 2, team 3, team 4, team 5, team 1|team 4, team 2, team 3, team 1, team 5, team 6
|
|start
|switch|p1a: Flygon|Flygon, M|301\/301
|switch|p2a: Diancie|Diancie|304\/304
|turn|1
|choice|move earthquake|switch 5
|
|switch|p2a: Xatu|Xatu, F|333\/333
|move|p1a: Flygon|Earthquake|p2a: Xatu
|-immune|p2a: Xatu|[msg]
|
|upkeep
|turn|2
|choice|switch 3|move uturn
|
|switch|p1a: Slowking|Slowking, M|393\/393
|move|p2a: Xatu|U-turn|p1a: Slowking
|-supereffective|p1a: Slowking
|-damage|p1a: Slowking|323\/393
|choice||switch 3
|
|switch|p2a: Alomomola|Alomomola, F|497\/497
|
|upkeep
|turn|3
|choice|move scald|move knockoff
|
|move|p2a: Alomomola|Knock Off|p1a: Slowking
|-supereffective|p1a: Slowking
|-enditem|p1a: Slowking|Colbur Berry|[eat]
|-enditem|p1a: Slowking|Colbur Berry|[weaken]
|-damage|p1a: Slowking|269\/393
|move|p1a: Slowking|Scald|p2a: Alomomola
|-resisted|p2a: Alomomola
|-damage|p2a: Alomomola|436\/497
|
|-heal|p2a: Alomomola|467\/497|[from] item: Leftovers
|upkeep
|turn|4
|choice|move scald|switch 3
|
|switch|p2a: Xatu|Xatu, F|333\/333
|move|p1a: Slowking|Scald|p2a: Xatu
|-damage|p2a: Xatu|207\/333
|
|upkeep
|turn|5
|choice|move scald|move roost
|
|move|p2a: Xatu|Roost|p2a: Xatu
|-heal|p2a: Xatu|333\/333
|move|p1a: Slowking|Scald|p2a: Xatu
|-damage|p2a: Xatu|209\/333
|
|upkeep
|turn|6
|choice|move scald|move toxic
|
|move|p2a: Xatu|Toxic|p1a: Slowking|[miss]
|-miss|p2a: Xatu|p1a: Slowking
|move|p1a: Slowking|Scald|p2a: Xatu
|-damage|p2a: Xatu|74\/333
|
|upkeep
|turn|7
|choice|move scald|move roost
|
|move|p2a: Xatu|Roost|p2a: Xatu
|-heal|p2a: Xatu|241\/333
|move|p1a: Slowking|Scald|p2a: Xatu
|-damage|p2a: Xatu|118\/333
|-status|p2a: Xatu|brn
|
|-damage|p2a: Xatu|77\/333 brn|[from] brn
|upkeep
|turn|8
|choice|switch 4|move roost
|
|switch|p1a: Meloetta|Meloetta|341\/341
|move|p2a: Xatu|Roost|p2a: Xatu
|-heal|p2a: Xatu|244\/333 brn
|
|-damage|p2a: Xatu|203\/333 brn|[from] brn
|upkeep
|turn|9
|choice|move uturn|switch 5
|
|switch|p2a: Diancie|Diancie|304\/304
|move|p1a: Meloetta|U-turn|p2a: Diancie
|-resisted|p2a: Diancie
|-damage|p2a: Diancie|291\/304
|choice|switch 2|
|
|switch|p1a: Diancie|Diancie|303\/303
|
|-heal|p2a: Diancie|304\/304|[from] item: Leftovers
|upkeep
|turn|10
|choice|move stealthrock|move stealthrock
|
|move|p1a: Diancie|Stealth Rock|p2a: Diancie
|-sidestart|p2: HAIRY TOENAIL|move: Stealth Rock
|move|p2a: Diancie|Stealth Rock|p1a: Diancie
|-sidestart|p1: Gears Of Madness|move: Stealth Rock
|
|upkeep
|turn|11
|choice|move earthpower|move healbell
|
|move|p1a: Diancie|Earth Power|p2a: Diancie
|-supereffective|p2a: Diancie
|-damage|p2a: Diancie|200\/304
|move|p2a: Diancie|Heal Bell|p2a: Diancie
|-activate|p2a: Diancie|move: Heal Bell
|-curestatus|p2: Xatu|brn|[msg]
|
|-heal|p2a: Diancie|219\/304|[from] item: Leftovers
|upkeep
|turn|12
|choice|move moonblast|switch 3
|
|switch|p2a: Alomomola|Alomomola, F|497\/497
|-damage|p2a: Alomomola|435\/497|[from] Stealth Rock
|move|p1a: Diancie|Moonblast|p2a: Alomomola
|-damage|p2a: Alomomola|231\/497
|
|-heal|p2a: Alomomola|262\/497|[from] item: Leftovers
|upkeep
|turn|13
|choice|move moonblast|switch 2
|
|switch|p2a: Escavalier|Escavalier, F|291\/291
|-damage|p2a: Escavalier|255\/291|[from] Stealth Rock
|move|p1a: Diancie|Moonblast|p2a: Escavalier
|-resisted|p2a: Escavalier
|-damage|p2a: Escavalier|178\/291
|
|-heal|p2a: Escavalier|196\/291|[from] item: Leftovers
|upkeep
|turn|14
|choice|switch 5|move swordsdance
|
|switch|p1a: Escavalier|Escavalier, M|343\/343
|-damage|p1a: Escavalier|301\/343|[from] Stealth Rock
|move|p2a: Escavalier|Swords Dance|p2a: Escavalier
|-boost|p2a: Escavalier|atk|2
|
|-heal|p2a: Escavalier|214\/291|[from] item: Leftovers
|-heal|p1a: Escavalier|322\/343|[from] item: Leftovers
|upkeep
|turn|15
|choice|move megahorn|move drillrun
|
|move|p2a: Escavalier|Drill Run|p1a: Escavalier
|-damage|p1a: Escavalier|130\/343
|move|p1a: Escavalier|Megahorn|p2a: Escavalier|[miss]
|-miss|p1a: Escavalier|p2a: Escavalier
|
|-heal|p2a: Escavalier|232\/291|[from] item: Leftovers
|-heal|p1a: Escavalier|151\/343|[from] item: Leftovers
|upkeep
|turn|16
|choice|move megahorn|move megahorn
|
|move|p2a: Escavalier|Megahorn|p1a: Escavalier
|-resisted|p1a: Escavalier
|-damage|p1a: Escavalier|0 fnt
|faint|p1a: Escavalier
|
|-heal|p2a: Escavalier|250\/291|[from] item: Leftovers
|upkeep
|choice|switch 6|
|
|switch|p1a: Virizion|Virizion|329\/329
|-damage|p1a: Virizion|309\/329|[from] Stealth Rock
|turn|17
|choice|move hiddenpower|move protect
|
|move|p2a: Escavalier|Protect|p2a: Escavalier
|-singleturn|p2a: Escavalier|Protect
|move|p1a: Virizion|Hidden Power|p2a: Escavalier
|-activate|p2a: Escavalier|move: Protect
|
|-heal|p2a: Escavalier|268\/291|[from] item: Leftovers
|upkeep
|turn|18
|choice|move hiddenpower|move megahorn
|
|move|p1a: Virizion|Hidden Power|p2a: Escavalier
|-supereffective|p2a: Escavalier
|-damage|p2a: Escavalier|0 fnt
|-damage|p1a: Virizion|277\/329|[from] item: Life Orb
|faint|p2a: Escavalier
|
|upkeep
|choice||switch 4
|
|switch|p2a: Camerupt|Camerupt, F, shiny|343\/343
|-damage|p2a: Camerupt|301\/343|[from] Stealth Rock
|turn|19
|choice|switch 4|move willowisp
|
|switch|p1a: Slowking|Slowking, M|393\/393
|-damage|p1a: Slowking|344\/393|[from] Stealth Rock
|move|p2a: Camerupt|Will-O-Wisp|p1a: Slowking
|-status|p1a: Slowking|brn
|
|-damage|p1a: Slowking|295\/393 brn|[from] brn
|upkeep
|turn|20
|choice|move scald|switch 2
|
|switch|p2a: Alomomola|Alomomola, F|427\/497
|-damage|p2a: Alomomola|365\/497|[from] Stealth Rock
|move|p1a: Slowking|Scald|p2a: Alomomola
|-resisted|p2a: Alomomola
|-damage|p2a: Alomomola|305\/497
|
|-heal|p2a: Alomomola|336\/497|[from] item: Leftovers
|-damage|p1a: Slowking|246\/393 brn|[from] brn
|upkeep
|turn|21
|choice|move scald|move wish
|
|move|p2a: Alomomola|Wish|p2a: Alomomola
|move|p1a: Slowking|Scald|p2a: Alomomola
|-resisted|p2a: Alomomola
|-damage|p2a: Alomomola|276\/497
|
|-heal|p2a: Alomomola|307\/497|[from] item: Leftovers
|-damage|p1a: Slowking|197\/393 brn|[from] brn
|upkeep
|turn|22
|choice|move slackoff|switch 5
|
|switch|p2a: Xatu|Xatu, F|203\/333
|-damage|p2a: Xatu|120\/333|[from] Stealth Rock
|move|p1a: Slowking|Slack Off|p1a: Slowking
|-heal|p1a: Slowking|393\/393 brn
|
|-heal|p2a: Xatu|333\/333|[from] move: Wish|[wisher] Alomomola
|-damage|p1a: Slowking|344\/393 brn|[from] brn
|upkeep
|turn|23
|choice|move scald|move nightshade
|
|move|p2a: Xatu|Night Shade|p1a: Slowking
|-damage|p1a: Slowking|244\/393 brn
|move|p1a: Slowking|Scald|p2a: Xatu
|-damage|p2a: Xatu|195\/333
|
|-damage|p1a: Slowking|195\/393 brn|[from] brn
|upkeep
|turn|24
|choice|move slackoff|move roost
|
|move|p2a: Xatu|Roost|p2a: Xatu
|-heal|p2a: Xatu|333\/333
|move|p1a: Slowking|Slack Off|p1a: Slowking
|-heal|p1a: Slowking|392\/393 brn
|
|-damage|p1a: Slowking|343\/393 brn|[from] brn
|upkeep
|turn|25
|choice|move scald|move nightshade
|
|move|p2a: Xatu|Night Shade|p1a: Slowking
|-damage|p1a: Slowking|243\/393 brn
|move|p1a: Slowking|Scald|p2a: Xatu
|-damage|p2a: Xatu|197\/333
|
|-damage|p1a: Slowking|194\/393 brn|[from] brn
|upkeep
|turn|26
|choice|move slackoff|move nightshade
|
|move|p2a: Xatu|Night Shade|p1a: Slowking
|-damage|p1a: Slowking|94\/393 brn
|move|p1a: Slowking|Slack Off|p1a: Slowking
|-heal|p1a: Slowking|291\/393 brn
|
|-damage|p1a: Slowking|242\/393 brn|[from] brn
|upkeep
|turn|27
|choice|move slackoff|move roost
|
|move|p2a: Xatu|Roost|p2a: Xatu
|-heal|p2a: Xatu|333\/333
|move|p1a: Slowking|Slack Off|p1a: Slowking
|-heal|p1a: Slowking|393\/393 brn
|
|-damage|p1a: Slowking|344\/393 brn|[from] brn
|upkeep
|turn|28
|choice|move scald|move nightshade
|
|move|p2a: Xatu|Night Shade|p1a: Slowking
|-damage|p1a: Slowking|244\/393 brn
|move|p1a: Slowking|Scald|p2a: Xatu
|-damage|p2a: Xatu|200\/333
|-status|p2a: Xatu|brn
|
|-damage|p2a: Xatu|159\/333 brn|[from] brn
|-damage|p1a: Slowking|195\/393 brn|[from] brn
|upkeep
|turn|29
|choice|move slackoff|move roost
|
|move|p2a: Xatu|Roost|p2a: Xatu
|-heal|p2a: Xatu|326\/333 brn
|move|p1a: Slowking|Slack Off|p1a: Slowking
|-heal|p1a: Slowking|392\/393 brn
|
|-damage|p2a: Xatu|285\/333 brn|[from] brn
|-damage|p1a: Slowking|343\/393 brn|[from] brn
|upkeep
|turn|30
|choice|move scald|move nightshade
|
|move|p2a: Xatu|Night Shade|p1a: Slowking
|-damage|p1a: Slowking|243\/393 brn
|move|p1a: Slowking|Scald|p2a: Xatu
|-damage|p2a: Xatu|164\/333 brn
|
|-damage|p2a: Xatu|123\/333 brn|[from] brn
|-damage|p1a: Slowking|194\/393 brn|[from] brn
|upkeep
|turn|31
|choice|switch 2|move roost
|
|switch|p1a: Meloetta|Meloetta|341\/341
|-damage|p1a: Meloetta|299\/341|[from] Stealth Rock
|move|p2a: Xatu|Roost|p2a: Xatu
|-heal|p2a: Xatu|290\/333 brn
|
|-damage|p2a: Xatu|249\/333 brn|[from] brn
|upkeep
|turn|32
|choice|move hypervoice|switch 5
|
|switch|p2a: Alomomola|Alomomola, F|472\/497
|-damage|p2a: Alomomola|410\/497|[from] Stealth Rock
|move|p1a: Meloetta|Hyper Voice|p2a: Alomomola
|-damage|p2a: Alomomola|91\/497
|
|-heal|p2a: Alomomola|122\/497|[from] item: Leftovers
|upkeep
|turn|33
|choice|switch 5|move protect
|
|switch|p1a: Diancie|Diancie|303\/303
|-damage|p1a: Diancie|266\/303|[from] Stealth Rock
|move|p2a: Alomomola|Protect|p2a: Alomomola
|-fail|p2a: Alomomola
|
|-heal|p2a: Alomomola|153\/497|[from] item: Leftovers
|upkeep
|turn|34
|choice|move moonblast|move protect
|
|move|p2a: Alomomola|Protect|p2a: Alomomola
|-singleturn|p2a: Alomomola|Protect
|move|p1a: Diancie|Moonblast|p2a: Alomomola
|-activate|p2a: Alomomola|move: Protect
|
|-heal|p2a: Alomomola|184\/497|[from] item: Leftovers
|upkeep
|turn|35
|choice|move moonblast|switch 2
|
|switch|p2a: Camerupt|Camerupt, F, shiny|301\/343
|-damage|p2a: Camerupt|259\/343|[from] Stealth Rock
|move|p1a: Diancie|Moonblast|p2a: Camerupt
|-resisted|p2a: Camerupt
|-damage|p2a: Camerupt|163\/343
|
|upkeep
|turn|36
|choice|move earthpower|move earthpower mega
|
|detailschange|p2a: Camerupt|Camerupt-Mega, F, shiny
|-mega|p2a: Camerupt|Camerupt|Cameruptite
|move|p1a: Diancie|Earth Power|p2a: Camerupt
|-supereffective|p2a: Camerupt
|-damage|p2a: Camerupt|0 fnt
|faint|p2a: Camerupt
|
|upkeep
|choice||switch 2
|
|switch|p2a: Alomomola|Alomomola, F|349\/497
|-damage|p2a: Alomomola|287\/497|[from] Stealth Rock
|turn|37
|choice|move moonblast|move wish
|
|move|p2a: Alomomola|Wish|p2a: Alomomola
|move|p1a: Diancie|Moonblast|p2a: Alomomola
|-damage|p2a: Alomomola|91\/497
|
|-heal|p2a: Alomomola|122\/497|[from] item: Leftovers
|upkeep
|turn|38
|choice|switch 4|move protect
|
|switch|p1a: Virizion|Virizion|277\/329
|-damage|p1a: Virizion|257\/329|[from] Stealth Rock
|move|p2a: Alomomola|Protect|p2a: Alomomola
|-fail|p2a: Alomomola
|
|-heal|p2a: Alomomola|370\/497|[from] move: Wish|[wisher] Alomomola
|-heal|p2a: Alomomola|401\/497|[from] item: Leftovers
|upkeep
|turn|39
|choice|move gigadrain|switch 6
|
|switch|p2a: Drapion|Drapion, F|285\/285
|-damage|p2a: Drapion|250\/285|[from] Stealth Rock
|move|p1a: Virizion|Giga Drain|p2a: Drapion
|-resisted|p2a: Drapion
|-damage|p2a: Drapion|164\/285
|-heal|p1a: Virizion|300\/329|[from] drain|[of] p2a: Drapion
|-damage|p1a: Virizion|268\/329|[from] item: Life Orb
|
|upkeep
|turn|40
|choice|switch 4|switch 5
|
|switch|p2a: Xatu|Xatu, F|249\/333 brn
|-damage|p2a: Xatu|166\/333 brn|[from] Stealth Rock
|switch|p1a: Diancie|Diancie|266\/303
|-damage|p1a: Diancie|229\/303|[from] Stealth Rock
|
|-damage|p2a: Xatu|125\/333 brn|[from] brn
|upkeep
|turn|41
|choice|move moonblast|move roost
|
|move|p2a: Xatu|Roost|p2a: Xatu
|-heal|p2a: Xatu|292\/333 brn
|move|p1a: Diancie|Moonblast|p2a: Xatu
|-damage|p2a: Xatu|105\/333 brn
|-unboost|p2a: Xatu|spa|1
|
|-damage|p2a: Xatu|64\/333 brn|[from] brn
|upkeep
|turn|42
|choice|move moonblast|move toxic
|
|move|p2a: Xatu|Toxic|p1a: Diancie
|-status|p1a: Diancie|tox
|move|p1a: Diancie|Moonblast|p2a: Xatu
|-damage|p2a: Xatu|0 fnt
|faint|p2a: Xatu
|
|-damage|p1a: Diancie|211\/303 tox|[from] psn
|upkeep
|choice||switch 6
|
|switch|p2a: Alomomola|Alomomola, F|497\/497
|-damage|p2a: Alomomola|435\/497|[from] Stealth Rock
|turn|43
|choice|move moonblast|move wish
|
|move|p2a: Alomomola|Wish|p2a: Alomomola
|move|p1a: Diancie|Moonblast|p2a: Alomomola
|-damage|p2a: Alomomola|233\/497
|-unboost|p2a: Alomomola|spa|1
|
|-heal|p2a: Alomomola|264\/497|[from] item: Leftovers
|-damage|p1a: Diancie|175\/303 tox|[from] psn
|upkeep
|turn|44
|choice|switch 3|switch 3
|
|switch|p2a: Diancie|Diancie|219\/304
|-damage|p2a: Diancie|181\/304|[from] Stealth Rock
|switch|p1a: Flygon|Flygon, M|301\/301
|-damage|p1a: Flygon|283\/301|[from] Stealth Rock
|
|-heal|p2a: Diancie|304\/304|[from] move: Wish|[wisher] Alomomola
|upkeep
|turn|45
|choice|move earthquake|move moonblast
|
|move|p1a: Flygon|Earthquake|p2a: Diancie
|-supereffective|p2a: Diancie
|-damage|p2a: Diancie|82\/304
|move|p2a: Diancie|Moonblast|p1a: Flygon
|-supereffective|p1a: Flygon
|-damage|p1a: Flygon|11\/301
|-unboost|p1a: Flygon|spa|1
|
|-heal|p2a: Diancie|101\/304|[from] item: Leftovers
|upkeep
|turn|46
|choice|move earthquake|switch 3
|
|switch|p2a: Alomomola|Alomomola, F|429\/497
|-damage|p2a: Alomomola|367\/497|[from] Stealth Rock
|move|p1a: Flygon|Earthquake|p2a: Alomomola
|-damage|p2a: Alomomola|223\/497
|
|-heal|p2a: Alomomola|254\/497|[from] item: Leftovers
|upkeep
|turn|47
|choice|switch 5|move wish
|
|switch|p1a: Meloetta|Meloetta|299\/341
|-damage|p1a: Meloetta|257\/341|[from] Stealth Rock
|move|p2a: Alomomola|Wish|p2a: Alomomola
|
|-heal|p2a: Alomomola|285\/497|[from] item: Leftovers
|upkeep
|turn|48
|choice|move hypervoice|move protect
|
|move|p2a: Alomomola|Protect|p2a: Alomomola
|-singleturn|p2a: Alomomola|Protect
|move|p1a: Meloetta|Hyper Voice|p2a: Alomomola
|-activate|p2a: Alomomola|move: Protect
|
|-heal|p2a: Alomomola|497\/497|[from] move: Wish|[wisher] Alomomola
|upkeep
|turn|49
|choice|move hypervoice|move knockoff
|
|move|p1a: Meloetta|Hyper Voice|p2a: Alomomola
|-damage|p2a: Alomomola|205\/497
|move|p2a: Alomomola|Knock Off|p1a: Meloetta
|-supereffective|p1a: Meloetta
|-damage|p1a: Meloetta|97\/341
|-enditem|p1a: Meloetta|Choice Specs|[from] move: Knock Off|[of] p2a: Alomomola
|
|-heal|p2a: Alomomola|236\/497|[from] item: Leftovers
|upkeep
|turn|50
|choice|move hypervoice|move wish
|
|move|p1a: Meloetta|Hyper Voice|p2a: Alomomola
|-damage|p2a: Alomomola|44\/497
|move|p2a: Alomomola|Wish|p2a: Alomomola
|
|-heal|p2a: Alomomola|75\/497|[from] item: Leftovers
|upkeep
|turn|51
|choice|switch 4|move protect
|
|switch|p1a: Virizion|Virizion|268\/329
|-damage|p1a: Virizion|248\/329|[from] Stealth Rock
|move|p2a: Alomomola|Protect|p2a: Alomomola
|-fail|p2a: Alomomola
|
|-heal|p2a: Alomomola|323\/497|[from] move: Wish|[wisher] Alomomola
|-heal|p2a: Alomomola|354\/497|[from] item: Leftovers
|upkeep
|turn|52
|choice|move gigadrain|switch 5
|
|switch|p2a: Drapion|Drapion, F|164\/285
|-damage|p2a: Drapion|129\/285|[from] Stealth Rock
|move|p1a: Virizion|Giga Drain|p2a: Drapion
|-resisted|p2a: Drapion
|-damage|p2a: Drapion|45\/285
|-heal|p1a: Virizion|290\/329|[from] drain|[of] p2a: Drapion
|-damage|p1a: Virizion|258\/329|[from] item: Life Orb
|
|upkeep
|turn|53
|choice|switch 5|move poisonjab
|
|switch|p1a: Flygon|Flygon, M|11\/301
|-damage|p1a: Flygon|0 fnt|[from] Stealth Rock
|faint|p1a: Flygon
|move|p2a: Drapion|Poison Jab|p1: Flygon|[notarget]
|-notarget
|
|upkeep
|choice|switch 2|
|
|switch|p1a: Slowking|Slowking, M|325\/393 brn
|-damage|p1a: Slowking|276\/393 brn|[from] Stealth Rock
|turn|54
|choice|move scald|switch 5
|
|switch|p2a: Alomomola|Alomomola, F|497\/497
|-damage|p2a: Alomomola|435\/497|[from] Stealth Rock
|move|p1a: Slowking|Scald|p2a: Alomomola
|-resisted|p2a: Alomomola
|-damage|p2a: Alomomola|379\/497
|
|-heal|p2a: Alomomola|410\/497|[from] item: Leftovers
|-damage|p1a: Slowking|227\/393 brn|[from] brn
|upkeep
|turn|55
|choice|move slackoff|move wish
|
|move|p2a: Alomomola|Wish|p2a: Alomomola
|move|p1a: Slowking|Slack Off|p1a: Slowking
|-heal|p1a: Slowking|393\/393 brn
|
|-heal|p2a: Alomomola|441\/497|[from] item: Leftovers
|-damage|p1a: Slowking|344\/393 brn|[from] brn
|upkeep
|turn|56
|choice|move scald|move knockoff
|
|move|p2a: Alomomola|Knock Off|p1a: Slowking
|-supereffective|p1a: Slowking
|-damage|p1a: Slowking|270\/393 brn
|move|p1a: Slowking|Scald|p2a: Alomomola
|-resisted|p2a: Alomomola
|-damage|p2a: Alomomola|383\/497
|
|-heal|p2a: Alomomola|497\/497|[from] move: Wish|[wisher] Alomomola
|-damage|p1a: Slowking|221\/393 brn|[from] brn
|upkeep
|turn|57
|choice|move slackoff|move wish
|
|move|p2a: Alomomola|Wish|p2a: Alomomola
|move|p1a: Slowking|Slack Off|p1a: Slowking
|-heal|p1a: Slowking|393\/393 brn
|
|-damage|p1a: Slowking|344\/393 brn|[from] brn
|upkeep
|turn|58
|choice|move scald|move knockoff
|
|move|p2a: Alomomola|Knock Off|p1a: Slowking
|-supereffective|p1a: Slowking
|-damage|p1a: Slowking|270\/393 brn
|move|p1a: Slowking|Scald|p2a: Alomomola
|-resisted|p2a: Alomomola
|-damage|p2a: Alomomola|440\/497
|
|-heal|p2a: Alomomola|497\/497|[from] move: Wish|[wisher] Alomomola
|-damage|p1a: Slowking|221\/393 brn|[from] brn
|upkeep
|turn|59
|j|metroid90
|l|metroid90
|choice|move slackoff|move scald
|
|move|p2a: Alomomola|Scald|p1a: Slowking
|-resisted|p1a: Slowking
|-damage|p1a: Slowking|200\/393 brn
|move|p1a: Slowking|Slack Off|p1a: Slowking
|-heal|p1a: Slowking|393\/393 brn
|
|-damage|p1a: Slowking|344\/393 brn|[from] brn
|upkeep
|turn|60
|choice|move scald|move wish
|
|move|p2a: Alomomola|Wish|p2a: Alomomola
|move|p1a: Slowking|Scald|p2a: Alomomola
|-resisted|p2a: Alomomola
|-crit|p2a: Alomomola
|-damage|p2a: Alomomola|404\/497
|
|-heal|p2a: Alomomola|435\/497|[from] item: Leftovers
|-damage|p1a: Slowking|295\/393 brn|[from] brn
|upkeep
|turn|61
|choice|move scald|move knockoff
|
|move|p2a: Alomomola|Knock Off|p1a: Slowking
|-supereffective|p1a: Slowking
|-damage|p1a: Slowking|229\/393 brn
|move|p1a: Slowking|Scald|p2a: Alomomola
|-resisted|p2a: Alomomola
|-damage|p2a: Alomomola|375\/497
|
|-heal|p2a: Alomomola|497\/497|[from] move: Wish|[wisher] Alomomola
|-damage|p1a: Slowking|180\/393 brn|[from] brn
|upkeep
|turn|62
|choice|move slackoff|move knockoff
|
|move|p2a: Alomomola|Knock Off|p1a: Slowking
|-supereffective|p1a: Slowking
|-damage|p1a: Slowking|114\/393 brn
|move|p1a: Slowking|Slack Off|p1a: Slowking
|-heal|p1a: Slowking|311\/393 brn
|
|-damage|p1a: Slowking|262\/393 brn|[from] brn
|upkeep
|turn|63
|choice|move scald|move knockoff
|
|move|p2a: Alomomola|Knock Off|p1a: Slowking
|-supereffective|p1a: Slowking
|-damage|p1a: Slowking|196\/393 brn
|move|p1a: Slowking|Scald|p2a: Alomomola
|-resisted|p2a: Alomomola
|-damage|p2a: Alomomola|437\/497
|
|-heal|p2a: Alomomola|468\/497|[from] item: Leftovers
|-damage|p1a: Slowking|147\/393 brn|[from] brn
|upkeep
|turn|64
|choice|move slackoff|move knockoff
|
|move|p2a: Alomomola|Knock Off|p1a: Slowking
|-supereffective|p1a: Slowking
|-damage|p1a: Slowking|81\/393 brn
|move|p1a: Slowking|Slack Off|p1a: Slowking
|-heal|p1a: Slowking|278\/393 brn
|
|-heal|p2a: Alomomola|497\/497|[from] item: Leftovers
|-damage|p1a: Slowking|229\/393 brn|[from] brn
|upkeep
|turn|65
|choice|move slackoff|move wish
|
|move|p2a: Alomomola|Wish|p2a: Alomomola
|move|p1a: Slowking|Slack Off|p1a: Slowking
|-heal|p1a: Slowking|393\/393 brn
|
|-damage|p1a: Slowking|344\/393 brn|[from] brn
|upkeep
|turn|66
|choice|move scald|move knockoff
|
|move|p2a: Alomomola|Knock Off|p1a: Slowking
|-supereffective|p1a: Slowking
|-damage|p1a: Slowking|270\/393 brn
|move|p1a: Slowking|Scald|p2a: Alomomola
|-resisted|p2a: Alomomola
|-damage|p2a: Alomomola|437\/497
|-status|p2a: Alomomola|brn
|
|-heal|p2a: Alomomola|497\/497 brn|[from] move: Wish|[wisher] Alomomola
|-damage|p2a: Alomomola|435\/497 brn|[from] brn
|-damage|p1a: Slowking|221\/393 brn|[from] brn
|upkeep
|turn|67
|choice|switch 5|move scald
|
|switch|p1a: Virizion|Virizion|258\/329
|-damage|p1a: Virizion|238\/329|[from] Stealth Rock
|move|p2a: Alomomola|Scald|p1a: Virizion
|-resisted|p1a: Virizion
|-damage|p1a: Virizion|220\/329
|-status|p1a: Virizion|brn
|
|-heal|p2a: Alomomola|466\/497 brn|[from] item: Leftovers
|-damage|p1a: Virizion|179\/329 brn|[from] brn
|-damage|p2a: Alomomola|404\/497 brn|[from] brn
|upkeep
|turn|68
|choice|move synthesis|move protect
|
|move|p2a: Alomomola|Protect|p2a: Alomomola
|-singleturn|p2a: Alomomola|Protect
|move|p1a: Virizion|Synthesis|p1a: Virizion
|-heal|p1a: Virizion|329\/329 brn
|
|-heal|p2a: Alomomola|435\/497 brn|[from] item: Leftovers
|-damage|p1a: Virizion|288\/329 brn|[from] brn
|-damage|p2a: Alomomola|373\/497 brn|[from] brn
|upkeep
|turn|69
|j|Neutral Zone (‽)
|choice|move gigadrain|move wish
|
|move|p1a: Virizion|Giga Drain|p2a: Alomomola
|-supereffective|p2a: Alomomola
|-crit|p2a: Alomomola
|-damage|p2a: Alomomola|0 fnt
|-heal|p1a: Virizion|329\/329 brn|[from] drain|[of] p2a: Alomomola
|-damage|p1a: Virizion|297\/329 brn|[from] item: Life Orb
|faint|p2a: Alomomola
|
|-damage|p1a: Virizion|256\/329 brn|[from] brn
|upkeep
|choice||switch 5
|
|switch|p2a: Drapion|Drapion, F|45\/285
|-damage|p2a: Drapion|10\/285|[from] Stealth Rock
|turn|70
|c|☆HAIRY TOENAIL|gg
|choice|move gigadrain|move poisonjab
|
|move|p2a: Drapion|Poison Jab|p1a: Virizion
|-supereffective|p1a: Virizion
|-damage|p1a: Virizion|0 fnt
|faint|p1a: Virizion
|
|upkeep
|choice|switch 5|
|
|switch|p1a: Slowking|Slowking, M|352\/393 brn
|-damage|p1a: Slowking|303\/393 brn|[from] Stealth Rock
|turn|71
|choice|move scald|move poisonjab
|
|move|p2a: Drapion|Poison Jab|p1a: Slowking
|-crit|p1a: Slowking
|-damage|p1a: Slowking|153\/393 brn
|move|p1a: Slowking|Scald|p2a: Drapion
|-damage|p2a: Drapion|0 fnt
|faint|p2a: Drapion
|
|-damage|p1a: Slowking|104\/393 brn|[from] brn
|upkeep
|c|☆Gears Of Madness|gg
|choice||switch 3
|
|switch|p2a: Diancie|Diancie|101\/304
|-damage|p2a: Diancie|63\/304|[from] Stealth Rock
|turn|72
|choice|move scald|move moonblast
|
|move|p2a: Diancie|Moonblast|p1a: Slowking
|-damage|p1a: Slowking|0 fnt
|faint|p1a: Slowking
|
|-heal|p2a: Diancie|82\/304|[from] item: Leftovers
|upkeep
|choice|switch 3|
|
|switch|p1a: Diancie|Diancie|175\/303 tox
|-damage|p1a: Diancie|138\/303 tox|[from] Stealth Rock
|turn|73
|choice|move earthpower|move moonblast
|
|move|p1a: Diancie|Earth Power|p2a: Diancie
|-supereffective|p2a: Diancie
|-damage|p2a: Diancie|0 fnt
|faint|p2a: Diancie
|
|win|Gears Of Madness
|l|HAIRY TOENAIL</script>
</div>
<div class="battle-log battle-log-inline"><div class="inner"><div class="battle-options"></div><div class="inner"><div class="chat"><small>Gears Of Madness joined.</small></div><div class="chat"><small>HAIRY TOENAIL joined.</small></div><div class=""><small>Format:</small> <br><strong>RU</strong></div><div class=""><small><em>Sleep Clause Mod:</em> Limit one foe put to sleep</small></div><div class=""><small><em>Species Clause:</em> Limit one of each Pokémon</small></div><div class=""><small><em>OHKO Clause:</em> OHKO moves are banned</small></div><div class=""><small><em>Moody Clause:</em> Moody is banned</small></div><div class=""><small><em>Evasion Moves Clause:</em> Evasion moves are banned</small></div><div class=""><small><em>Endless Battle Clause:</em> Forcing endless battles is banned</small></div><div class=""><small><em>HP Percentage Mod:</em> HP is shown in percentages</small></div><div class=""><small><em>Swagger Clause:</em> Swagger is banned</small></div><div class=""><small><em>Baton Pass Clause:</em> Limit one Baton Passer, can't pass Spe and other stats simultaneously</small></div><div class="chat battle-history"><strong>Gears Of Madness's team:</strong> <em style="color:#445566;display:block;">Virizion / Diancie / Slowking / Meloetta / Escavalier / Flygon</em></div><div class="chat battle-history"><strong>HAIRY TOENAIL's team:</strong> <em style="color:#445566;display:block;">Camerupt / Escavalier / Alomomola / Diancie / Xatu / Drapion</em></div><div class="chat chatmessage-gearsofmadness"><strong style="color:hsl(206,82%,38.927356592719974%)"><small>☆</small><span class="username" data-name="Gears Of Madness">Gears Of Madness</span>:</strong> <em>Hf</em></div><div class="chat chatmessage-hairytoenail"><strong style="color:hsl(350,72%,44%)"><small>☆</small><span class="username" data-name="HAIRY TOENAIL">HAIRY TOENAIL</span>:</strong> <em>hf</em></div><div class="spacer battle-history"><br></div><div class="battle-history">Battle started between Gears Of Madness and HAIRY TOENAIL!<br></div><div class="spacer battle-history"><br></div><div class="battle-history">Go! <strong>Flygon</strong>!<br></div><div class="spacer battle-history"><br></div><div class="battle-history">HAIRY TOENAIL sent out <strong>Diancie</strong>!<br></div><div class="spacer battle-history"><br></div><h2 class="battle-history">Turn 1</h2><div class="spacer battle-history"><br></div><div class="battle-history">HAIRY TOENAIL withdrew Diancie!<br></div><div class="battle-history">HAIRY TOENAIL sent out <strong>Xatu</strong>!<br></div><div class="spacer battle-history"><br></div><div class="battle-history">Flygon used <strong>Earthquake</strong>!<br></div><div class="battle-history"><small>It doesn't affect the opposing Xatu...</small><br></div><div class="spacer battle-history"><br></div><h2 class="battle-history">Turn 2</h2><div class="spacer battle-history"><br></div><div class="battle-history">Flygon, come back!<br></div><div class="battle-history">Go! <strong>Slowking</strong>!<br></div><div class="spacer battle-history"><br></div><div class="battle-history">The opposing Xatu used <strong>U-turn</strong>!<br></div><div class="battle-history"><small>It's super effective!</small><br></div><div class="battle-history"><small>(Slowking lost <abbr title="−70/393">17.8%</abbr> of its health!)</small><br></div><div class="spacer battle-history"><br></div><div class="battle-history">The opposing Xatu went back to HAIRY TOENAIL!<br></div><div class="battle-history">HAIRY TOENAIL sent out <strong>Alomomola</strong>!<br></div><div class="spacer battle-history"><br></div><h2 class="battle-history">Turn 3</h2><div class="spacer battle-history"><br></div><div class="battle-history">The opposing Alomomola used <strong>Knock Off</strong>!<br></div><div class="battle-history"><small>It's super effective!</small><br></div><div class="battle-history"><small>Slowking ate its Colbur Berry!</small><br></div><div class="battle-history"><small>The Colbur Berry weakened the damage to Slowking!</small><br></div><div class="battle-history"><small>(Slowking lost <abbr title="−54/393">13.7%</abbr> of its health!)</small><br></div><div class="spacer battle-history"><br></div><div class="battle-history">Slowking used <strong>Scald</strong>!<br></div><div class="battle-history"><small>It's not very effective...</small><br></div><div class="battle-history"><small>(The opposing Alomomola lost <abbr title="−61/497">12.3%</abbr> of its health!)</small><br></div><div class="spacer battle-history"><br></div><div class="battle-history"><small>The opposing Alomomola restored a little HP using its Leftovers!</small><br></div><div class="spacer battle-history"><br></div><h2 class="battle-history">Turn 4</h2><div class="spacer battle-history"><br></div><div class="battle-history">HAIRY TOENAIL withdrew Alomomola!<br></div><div class="battle-history">HAIRY TOENAIL sent out <strong>Xatu</strong>!<br></div><div class="spacer battle-history"><br></div><div class="battle-history">Slowking used <strong>Scald</strong>!<br></div><div class="battle-history"><small>(The opposing Xatu lost <abbr title="−126/333">37.8%</abbr> of its health!)</small><br></div><div class="spacer battle-history"><br></div><h2 class="battle-history">Turn 5</h2><div class="spacer battle-history"><br></div><div class="battle-history">The opposing Xatu used <strong>Roost</strong>!<br></div><div class="battle-history"><small>The opposing Xatu restored its HP.</small><br></div><div class="spacer battle-history"><br></div><div class="battle-history">Slowking used <strong>Scald</strong>!<br></div><div class="battle-history"><small>(The opposing Xatu lost <abbr title="−124/333">37.2%</abbr> of its health!)</small><br></div><div class="spacer battle-history"><br></div><h2 class="battle-history">Turn 6</h2><div class="spacer battle-history"><br></div><div class="battle-history">The opposing Xatu used <strong>Toxic</strong>!<br></div><div class="battle-history"><small>Slowking avoided the attack!</small><br></div><div class="spacer battle-history"><br></div><div class="battle-history">Slowking used <strong>Scald</strong>!<br></div><div class="battle-history"><small>(The opposing Xatu lost <abbr title="−135/333">40.5%</abbr> of its health!)</small><br></div><div class="spacer battle-history"><br></div><h2 class="battle-history">Turn 7</h2><div class="spacer battle-history"><br></div><div class="battle-history">The opposing Xatu used <strong>Roost</strong>!<br></div><div class="battle-history"><small>The opposing Xatu restored its HP.</small><br></div><div class="spacer battle-history"><br></div><div class="battle-history">Slowking used <strong>Scald</strong>!<br></div><div class="battle-history"><small>(The opposing Xatu lost <abbr title="−123/333">36.9%</abbr> of its health!)</small><br></div><div class="battle-history"><small>The opposing Xatu was burned!</small><br></div><div class="spacer battle-history"><br></div><div class="battle-history"><small>The opposing Xatu was hurt by its burn!</small><br></div><div class="spacer battle-history"><br></div><h2 class="battle-history">Turn 8</h2><div class="spacer battle-history"><br></div><div class="battle-history">Slowking, come back!<br></div><div class="battle-history">Go! <strong>Meloetta</strong>!<br></div><div class="spacer battle-history"><br></div><div class="battle-history">The opposing Xatu used <strong>Roost</strong>!<br></div><div class="battle-history"><small>The opposing Xatu restored its HP.</small><br></div><div class="spacer battle-history"><br></div><div class="battle-history"><small>The opposing Xatu was hurt by its burn!</small><br></div><div class="spacer battle-history"><br></div><h2 class="battle-history">Turn 9</h2><div class="spacer battle-history"><br></div><div class="battle-history">HAIRY TOENAIL withdrew Xatu!<br></div><div class="battle-history">HAIRY TOENAIL sent out <strong>Diancie</strong>!<br></div><div class="spacer battle-history"><br></div><div class="battle-history">Meloetta used <strong>U-turn</strong>!<br></div><div class="battle-history"><small>It's not very effective...</small><br></div><div class="battle-history"><small>(The opposing Diancie lost <abbr title="−13/304">4.3%</abbr> of its health!)</small><br></div><div class="spacer battle-history"><br></div><div class="battle-history">Meloetta went back to Gears Of Madness!<br></div><div class="battle-history">Go! <strong>Diancie</strong>!<br></div><div class="spacer battle-history"><br></div><div class="battle-history"><small>The opposing Diancie restored a little HP using its Leftovers!</small><br></div><div class="spacer battle-history"><br></div><h2 class="battle-history">Turn 10</h2><div class="spacer battle-history"><br></div><div class="battle-history">Diancie used <strong>Stealth Rock</strong>!<br></div><div class="battle-history"><small>Pointed stones float in the air around the opposing team!</small><br></div><div class="spacer battle-history"><br></div><div class="battle-history">The opposing Diancie used <strong>Stealth Rock</strong>!<br></div><div class="battle-history"><small>Pointed stones float in the air around your team!</small><br></div><div class="spacer battle-history"><br></div><h2 class="battle-history">Turn 11</h2><div class="spacer battle-history"><br></div><div class="battle-history">Diancie used <strong>Earth Power</strong>!<br></div><div class="battle-history"><small>It's super effective!</small><br></div><div class="battle-history"><small>(The opposing Diancie lost <abbr title="−104/304">34.2%</abbr> of its health!)</small><br></div><div class="spacer battle-history"><br></div><div class="battle-history">The opposing Diancie used <strong>Heal Bell</strong>!<br></div><div class="battle-history"><small>A bell chimed!</small><br></div><div class="battle-history"><small>The opposing Xatu's burn was healed.</small><br></div><div class="spacer battle-history"><br></div><div class="battle-history"><small>The opposing Diancie restored a little HP using its Leftovers!</small><br></div><div class="spacer battle-history"><br></div><h2 class="battle-history">Turn 12</h2><div class="spacer battle-history"><br></div><div class="battle-history">HAIRY TOENAIL withdrew Diancie!<br></div><div class="battle-history">HAIRY TOENAIL sent out <strong>Alomomola</strong>!<br></div><div class="battle-history"><small>Pointed stones dug into the opposing Alomomola!</small><br></div><div class="spacer battle-history"><br></div><div class="battle-history">Diancie used <strong>Moonblast</strong>!<br></div><div class="battle-history"><small>(The opposing Alomomola lost <abbr title="−204/497">41.0%</abbr> of its health!)</small><br></div><div class="spacer battle-history"><br></div><div class="battle-history"><small>The opposing Alomomola restored a little HP using its Leftovers!</small><br></div><div class="spacer battle-history"><br></div><h2 class="battle-history">Turn 13</h2><div class="spacer battle-history"><br></div><div class="battle-history">HAIRY TOENAIL withdrew Alomomola!<br></div><div class="battle-history">HAIRY TOENAIL sent out <strong>Escavalier</strong>!<br></div><div class="battle-history"><small>Pointed stones dug into the opposing Escavalier!</small><br></div><div class="spacer battle-history"><br></div><div class="battle-history">Diancie used <strong>Moonblast</strong>!<br></div><div class="battle-history"><small>It's not very effective...</small><br></div><div class="battle-history"><small>(The opposing Escavalier lost <abbr title="−77/291">26.5%</abbr> of its health!)</small><br></div><div class="spacer battle-history"><br></div><div class="battle-history"><small>The opposing Escavalier restored a little HP using its Leftovers!</small><br></div><div class="spacer battle-history"><br></div><h2 class="battle-history">Turn 14</h2><div class="spacer battle-history"><br></div><div class="battle-history">Diancie, come back!<br></div><div class="battle-history">Go! <strong>Escavalier</strong>!<br></div><div class="battle-history"><small>Pointed stones dug into Escavalier!</small><br></div><div class="spacer battle-history"><br></div><div class="battle-history">The opposing Escavalier used <strong>Swords Dance</strong>!<br></div><div class="battle-history"><small>The opposing Escavalier's Attack rose sharply!</small><br></div><div class="spacer battle-history"><br></div><div class="battle-history"><small>The opposing Escavalier restored a little HP using its Leftovers!</small><br></div><div class="battle-history"><small>Escavalier restored a little HP using its Leftovers!</small><br></div><div class="spacer battle-history"><br></div><h2 class="battle-history">Turn 15</h2><div class="spacer battle-history"><br></div><div class="battle-history">The opposing Escavalier used <strong>Drill Run</strong>!<br></div><div class="battle-history"><small>(Escavalier lost <abbr title="−192/343">56.0%</abbr> of its health!)</small><br></div><div class="spacer battle-history"><br></div><div class="battle-history">Escavalier used <strong>Megahorn</strong>!<br></div><div class="battle-history"><small>The opposing Escavalier avoided the attack!</small><br></div><div class="spacer battle-history"><br></div><div class="battle-history"><small>The opposing Escavalier restored a little HP using its Leftovers!</small><br></div><div class="battle-history"><small>Escavalier restored a little HP using its Leftovers!</small><br></div><div class="spacer battle-history"><br></div><h2 class="battle-history">Turn 16</h2><div class="spacer battle-history"><br></div><div class="battle-history">The opposing Escavalier used <strong>Megahorn</strong>!<br></div><div class="battle-history"><small>It's not very effective...</small><br></div><div class="battle-history"><small>(Escavalier lost <abbr title="−151/343">44.0%</abbr> of its health!)</small><br></div><div class="spacer battle-history"><br></div><div class="battle-history">Escavalier fainted!<br></div><div class="spacer battle-history"><br></div><div class="battle-history"><small>The opposing Escavalier restored a little HP using its Leftovers!</small><br></div><div class="spacer battle-history"><br></div><div class="battle-history">Go! <strong>Virizion</strong>!<br></div><div class="battle-history"><small>Pointed stones dug into Virizion!</small><br></div><div class="spacer battle-history"><br></div><h2 class="battle-history">Turn 17</h2><div class="spacer battle-history"><br></div><div class="battle-history">The opposing Escavalier used <strong>Protect</strong>!<br></div><div class="battle-history"><small>The opposing Escavalier protected itself!</small><br></div><div class="spacer battle-history"><br></div><div class="battle-history">Virizion used <strong>Hidden Power</strong>!<br></div><div class="battle-history"><small>The opposing Escavalier protected itself!</small><br></div><div class="spacer battle-history"><br></div><div class="battle-history"><small>The opposing Escavalier restored a little HP using its Leftovers!</small><br></div><div class="spacer battle-history"><br></div><h2 class="battle-history">Turn 18</h2><div class="spacer battle-history"><br></div><div class="battle-history">Virizion used <strong>Hidden Power</strong>!<br></div><div class="battle-history"><small>It's super effective!</small><br></div><div class="battle-history"><small>(The opposing Escavalier lost <abbr title="−268/291">92.1%</abbr> of its health!)</small><br></div><div class="battle-history"><small>Virizion lost some of its HP!</small><br></div><div class="spacer battle-history"><br></div><div class="battle-history">The opposing Escavalier fainted!<br></div><div class="spacer battle-history"><br></div><div class="battle-history">HAIRY TOENAIL sent out <strong>Camerupt</strong>!<br></div><div class="battle-history"><small>Pointed stones dug into the opposing Camerupt!</small><br></div><div class="spacer battle-history"><br></div><h2 class="battle-history">Turn 19</h2><div class="spacer battle-history"><br></div><div class="battle-history">Virizion, come back!<br></div><div class="battle-history">Go! <strong>Slowking</strong>!<br></div><div class="battle-history"><small>Pointed stones dug into Slowking!</small><br></div><div class="spacer battle-history"><br></div><div class="battle-history">The opposing Camerupt used <strong>Will-O-Wisp</strong>!<br></div><div class="battle-history"><small>Slowking was burned!</small><br></div><div class="spacer battle-history"><br></div><div class="battle-history"><small>Slowking was hurt by its burn!</small><br></div><div class="spacer battle-history"><br></div><h2 class="battle-history">Turn 20</h2><div class="spacer battle-history"><br></div><div class="battle-history">HAIRY TOENAIL withdrew Camerupt!<br></div><div class="battle-history">HAIRY TOENAIL sent out <strong>Alomomola</strong>!<br></div><div class="battle-history"><small>Pointed stones dug into the opposing Alomomola!</small><br></div><div class="spacer battle-history"><br></div><div class="battle-history">Slowking used <strong>Scald</strong>!<br></div><div class="battle-history"><small>It's not very effective...</small><br></div><div class="battle-history"><small>(The opposing Alomomola lost <abbr title="−60/497">12.1%</abbr> of its health!)</small><br></div><div class="spacer battle-history"><br></div><div class="battle-history"><small>The opposing Alomomola restored a little HP using its Leftovers!</small><br></div><div class="battle-history"><small>Slowking was hurt by its burn!</small><br></div><div class="spacer battle-history"><br></div><h2 class="battle-history">Turn 21</h2><div class="spacer battle-history"><br></div><div class="battle-history">The opposing Alomomola used <strong>Wish</strong>!<br></div><div class="spacer battle-history"><br></div><div class="battle-history">Slowking used <strong>Scald</strong>!<br></div><div class="battle-history"><small>It's not very effective...</small><br></div><div class="battle-history"><small>(The opposing Alomomola lost <abbr title="−60/497">12.1%</abbr> of its health!)</small><br></div><div class="spacer battle-history"><br></div><div class="battle-history"><small>The opposing Alomomola restored a little HP using its Leftovers!</small><br></div><div class="battle-history"><small>Slowking was hurt by its burn!</small><br></div><div class="spacer battle-history"><br></div><h2 class="battle-history">Turn 22</h2><div class="spacer battle-history"><br></div><div class="battle-history">HAIRY TOENAIL withdrew Alomomola!<br></div><div class="battle-history">HAIRY TOENAIL sent out <strong>Xatu</strong>!<br></div><div class="battle-history"><small>Pointed stones dug into the opposing Xatu!</small><br></div><div class="spacer battle-history"><br></div><div class="battle-history">Slowking used <strong>Slack Off</strong>!<br></div><div class="battle-history"><small>Slowking restored its HP.</small><br></div><div class="spacer battle-history"><br></div><div class="battle-history"><small>Alomomola's wish came true!</small><br></div><div class="battle-history"><small>Slowking was hurt by its burn!</small><br></div><div class="spacer battle-history"><br></div><h2 class="battle-history">Turn 23</h2><div class="spacer battle-history"><br></div><div class="battle-history">The opposing Xatu used <strong>Night Shade</strong>!<br></div><div class="battle-history"><small>(Slowking lost <abbr title="−100/393">25.4%</abbr> of its health!)</small><br></div><div class="spacer battle-history"><br></div><div class="battle-history">Slowking used <strong>Scald</strong>!<br></div><div class="battle-history"><small>(The opposing Xatu lost <abbr title="−138/333">41.4%</abbr> of its health!)</small><br></div><div class="spacer battle-history"><br></div><div class="battle-history"><small>Slowking was hurt by its burn!</small><br></div><div class="spacer battle-history"><br></div><h2 class="battle-history">Turn 24</h2><div class="spacer battle-history"><br></div><div class="battle-history">The opposing Xatu used <strong>Roost</strong>!<br></div><div class="battle-history"><small>The opposing Xatu restored its HP.</small><br></div><div class="spacer battle-history"><br></div><div class="battle-history">Slowking used <strong>Slack Off</strong>!<br></div><div class="battle-history"><small>Slowking restored its HP.</small><br></div><div class="spacer battle-history"><br></div><div class="battle-history"><small>Slowking was hurt by its burn!</small><br></div><div class="spacer battle-history"><br></div><h2 class="battle-history">Turn 25</h2><div class="spacer battle-history"><br></div><div class="battle-history">The opposing Xatu used <strong>Night Shade</strong>!<br></div><div class="battle-history"><small>(Slowking lost <abbr title="−100/393">25.4%</abbr> of its health!)</small><br></div><div class="spacer battle-history"><br></div><div class="battle-history">Slowking used <strong>Scald</strong>!<br></div><div class="battle-history"><small>(The opposing Xatu lost <abbr title="−136/333">40.8%</abbr> of its health!)</small><br></div><div class="spacer battle-history"><br></div><div class="battle-history"><small>Slowking was hurt by its burn!</small><br></div><div class="spacer battle-history"><br></div><h2 class="battle-history">Turn 26</h2><div class="spacer battle-history"><br></div><div class="battle-history">The opposing Xatu used <strong>Night Shade</strong>!<br></div><div class="battle-history"><small>(Slowking lost <abbr title="−100/393">25.4%</abbr> of its health!)</small><br></div><div class="spacer battle-history"><br></div><div class="battle-history">Slowking used <strong>Slack Off</strong>!<br></div><div class="battle-history"><small>Slowking restored its HP.</small><br></div><div class="spacer battle-history"><br></div><div class="battle-history"><small>Slowking was hurt by its burn!</small><br></div><div class="spacer battle-history"><br></div><h2 class="battle-history">Turn 27</h2><div class="spacer battle-history"><br></div><div class="battle-history">The opposing Xatu used <strong>Roost</strong>!<br></div><div class="battle-history"><small>The opposing Xatu restored its HP.</small><br></div><div class="spacer battle-history"><br></div><div class="battle-history">Slowking used <strong>Slack Off</strong>!<br></div><div class="battle-history"><small>Slowking restored its HP.</small><br></div><div class="spacer battle-history"><br></div><div class="battle-history"><small>Slowking was hurt by its burn!</small><br></div><div class="spacer battle-history"><br></div><h2 class="battle-history">Turn 28</h2><div class="spacer battle-history"><br></div><div class="battle-history">The opposing Xatu used <strong>Night Shade</strong>!<br></div><div class="battle-history"><small>(Slowking lost <abbr title="−100/393">25.4%</abbr> of its health!)</small><br></div><div class="spacer battle-history"><br></div><div class="battle-history">Slowking used <strong>Scald</strong>!<br></div><div class="battle-history"><small>(The opposing Xatu lost <abbr title="−133/333">39.9%</abbr> of its health!)</small><br></div><div class="battle-history"><small>The opposing Xatu was burned!</small><br></div><div class="spacer battle-history"><br></div><div class="battle-history"><small>The opposing Xatu was hurt by its burn!</small><br></div><div class="battle-history"><small>Slowking was hurt by its burn!</small><br></div><div class="spacer battle-history"><br></div><h2 class="battle-history">Turn 29</h2><div class="spacer battle-history"><br></div><div class="battle-history">The opposing Xatu used <strong>Roost</strong>!<br></div><div class="battle-history"><small>The opposing Xatu restored its HP.</small><br></div><div class="spacer battle-history"><br></div><div class="battle-history">Slowking used <strong>Slack Off</strong>!<br></div><div class="battle-history"><small>Slowking restored its HP.</small><br></div><div class="spacer battle-history"><br></div><div class="battle-history"><small>The opposing Xatu was hurt by its burn!</small><br></div><div class="battle-history"><small>Slowking was hurt by its burn!</small><br></div><div class="spacer battle-history"><br></div><h2 class="battle-history">Turn 30</h2><div class="spacer battle-history"><br></div><div class="battle-history">The opposing Xatu used <strong>Night Shade</strong>!<br></div><div class="battle-history"><small>(Slowking lost <abbr title="−100/393">25.4%</abbr> of its health!)</small><br></div><div class="spacer battle-history"><br></div><div class="battle-history">Slowking used <strong>Scald</strong>!<br></div><div class="battle-history"><small>(The opposing Xatu lost <abbr title="−121/333">36.3%</abbr> of its health!)</small><br></div><div class="spacer battle-history"><br></div><div class="battle-history"><small>The opposing Xatu was hurt by its burn!</small><br></div><div class="battle-history"><small>Slowking was hurt by its burn!</small><br></div><div class="spacer battle-history"><br></div><h2 class="battle-history">Turn 31</h2><div class="spacer battle-history"><br></div><div class="battle-history">Slowking, come back!<br></div><div class="battle-history">Go! <strong>Meloetta</strong>!<br></div><div class="battle-history"><small>Pointed stones dug into Meloetta!</small><br></div><div class="spacer battle-history"><br></div><div class="battle-history">The opposing Xatu used <strong>Roost</strong>!<br></div><div class="battle-history"><small>The opposing Xatu restored its HP.</small><br></div><div class="spacer battle-history"><br></div><div class="battle-history"><small>The opposing Xatu was hurt by its burn!</small><br></div><div class="spacer battle-history"><br></div><h2 class="battle-history">Turn 32</h2><div class="spacer battle-history"><br></div><div class="battle-history">HAIRY TOENAIL withdrew Xatu!<br></div><div class="battle-history">HAIRY TOENAIL sent out <strong>Alomomola</strong>!<br></div><div class="battle-history"><small>Pointed stones dug into the opposing Alomomola!</small><br></div><div class="spacer battle-history"><br></div><div class="battle-history">Meloetta used <strong>Hyper Voice</strong>!<br></div><div class="battle-history"><small>(The opposing Alomomola lost <abbr title="−319/497">64.2%</abbr> of its health!)</small><br></div><div class="spacer battle-history"><br></div><div class="battle-history"><small>The opposing Alomomola restored a little HP using its Leftovers!</small><br></div><div class="spacer battle-history"><br></div><h2 class="battle-history">Turn 33</h2><div class="spacer battle-history"><br></div><div class="battle-history">Meloetta, come back!<br></div><div class="battle-history">Go! <strong>Diancie</strong>!<br></div><div class="battle-history"><small>Pointed stones dug into Diancie!</small><br></div><div class="spacer battle-history"><br></div><div class="battle-history">The opposing Alomomola used <strong>Protect</strong>!<br></div><div class="battle-history"><small>But it failed!</small><br></div><div class="spacer battle-history"><br></div><div class="battle-history"><small>The opposing Alomomola restored a little HP using its Leftovers!</small><br></div><div class="spacer battle-history"><br></div><h2 class="battle-history">Turn 34</h2><div class="spacer battle-history"><br></div><div class="battle-history">The opposing Alomomola used <strong>Protect</strong>!<br></div><div class="battle-history"><small>The opposing Alomomola protected itself!</small><br></div><div class="spacer battle-history"><br></div><div class="battle-history">Diancie used <strong>Moonblast</strong>!<br></div><div class="battle-history"><small>The opposing Alomomola protected itself!</small><br></div><div class="spacer battle-history"><br></div><div class="battle-history"><small>The opposing Alomomola restored a little HP using its Leftovers!</small><br></div><div class="spacer battle-history"><br></div><h2 class="battle-history">Turn 35</h2><div class="spacer battle-history"><br></div><div class="battle-history">HAIRY TOENAIL withdrew Alomomola!<br></div><div class="battle-history">HAIRY TOENAIL sent out <strong>Camerupt</strong>!<br></div><div class="battle-history"><small>Pointed stones dug into the opposing Camerupt!</small><br></div><div class="spacer battle-history"><br></div><div class="battle-history">Diancie used <strong>Moonblast</strong>!<br></div><div class="battle-history"><small>It's not very effective...</small><br></div><div class="battle-history"><small>(The opposing Camerupt lost <abbr title="−96/343">28.0%</abbr> of its health!)</small><br></div><div class="spacer battle-history"><br></div><h2 class="battle-history">Turn 36</h2><div class="spacer battle-history"><br></div><div class="battle-history"><small>The opposing Camerupt's Cameruptite is reacting to HAIRY TOENAIL's Mega Bracelet!</small><br>The opposing Camerupt has Mega Evolved into Mega Camerupt!<br></div><div class="spacer battle-history"><br></div><div class="battle-history">Diancie used <strong>Earth Power</strong>!<br></div><div class="battle-history"><small>It's super effective!</small><br></div><div class="battle-history"><small>(The opposing Camerupt lost <abbr title="−163/343">47.5%</abbr> of its health!)</small><br></div><div class="spacer battle-history"><br></div><div class="battle-history">The opposing Camerupt fainted!<br></div><div class="spacer battle-history"><br></div><div class="battle-history">HAIRY TOENAIL sent out <strong>Alomomola</strong>!<br></div><div class="battle-history"><small>Pointed stones dug into the opposing Alomomola!</small><br></div><div class="spacer battle-history"><br></div><h2 class="battle-history">Turn 37</h2><div class="spacer battle-history"><br></div><div class="battle-history">The opposing Alomomola used <strong>Wish</strong>!<br></div><div class="spacer battle-history"><br></div><div class="battle-history">Diancie used <strong>Moonblast</strong>!<br></div><div class="battle-history"><small>(The opposing Alomomola lost <abbr title="−196/497">39.4%</abbr> of its health!)</small><br></div><div class="spacer battle-history"><br></div><div class="battle-history"><small>The opposing Alomomola restored a little HP using its Leftovers!</small><br></div><div class="spacer battle-history"><br></div><h2 class="battle-history">Turn 38</h2><div class="spacer battle-history"><br></div><div class="battle-history">Diancie, come back!<br></div><div class="battle-history">Go! <strong>Virizion</strong>!<br></div><div class="battle-history"><small>Pointed stones dug into Virizion!</small><br></div><div class="spacer battle-history"><br></div><div class="battle-history">The opposing Alomomola used <strong>Protect</strong>!<br></div><div class="battle-history"><small>But it failed!</small><br></div><div class="spacer battle-history"><br></div><div class="battle-history"><small>Alomomola's wish came true!</small><br></div><div class="battle-history"><small>The opposing Alomomola restored a little HP using its Leftovers!</small><br></div><div class="spacer battle-history"><br></div><h2 class="battle-history">Turn 39</h2><div class="spacer battle-history"><br></div><div class="battle-history">HAIRY TOENAIL withdrew Alomomola!<br></div><div class="battle-history">HAIRY TOENAIL sent out <strong>Drapion</strong>!<br></div><div class="battle-history"><small>Pointed stones dug into the opposing Drapion!</small><br></div><div class="spacer battle-history"><br></div><div class="battle-history">Virizion used <strong>Giga Drain</strong>!<br></div><div class="battle-history"><small>It's not very effective...</small><br></div><div class="battle-history"><small>(The opposing Drapion lost <abbr title="−86/285">30.2%</abbr> of its health!)</small><br></div><div class="battle-history"><small>The opposing Drapion had its energy drained!</small><br></div><div class="battle-history"><small>Virizion lost some of its HP!</small><br></div><div class="spacer battle-history"><br></div><h2 class="battle-history">Turn 40</h2><div class="spacer battle-history"><br></div><div class="battle-history">HAIRY TOENAIL withdrew Drapion!<br></div><div class="battle-history">HAIRY TOENAIL sent out <strong>Xatu</strong>!<br></div><div class="battle-history"><small>Pointed stones dug into the opposing Xatu!</small><br></div><div class="spacer battle-history"><br></div><div class="battle-history">Virizion, come back!<br></div><div class="battle-history">Go! <strong>Diancie</strong>!<br></div><div class="battle-history"><small>Pointed stones dug into Diancie!</small><br></div><div class="spacer battle-history"><br></div><div class="battle-history"><small>The opposing Xatu was hurt by its burn!</small><br></div><div class="spacer battle-history"><br></div><h2 class="battle-history">Turn 41</h2><div class="spacer battle-history"><br></div><div class="battle-history">The opposing Xatu used <strong>Roost</strong>!<br></div><div class="battle-history"><small>The opposing Xatu restored its HP.</small><br></div><div class="spacer battle-history"><br></div><div class="battle-history">Diancie used <strong>Moonblast</strong>!<br></div><div class="battle-history"><small>(The opposing Xatu lost <abbr title="−187/333">56.2%</abbr> of its health!)</small><br></div><div class="battle-history"><small>The opposing Xatu's Special Attack fell!</small><br></div><div class="spacer battle-history"><br></div><div class="battle-history"><small>The opposing Xatu was hurt by its burn!</small><br></div><div class="spacer battle-history"><br></div><h2 class="battle-history">Turn 42</h2><div class="spacer battle-history"><br></div><div class="battle-history">The opposing Xatu used <strong>Toxic</strong>!<br></div><div class="battle-history"><small>Diancie was badly poisoned!</small><br></div><div class="spacer battle-history"><br></div><div class="battle-history">Diancie used <strong>Moonblast</strong>!<br></div><div class="battle-history"><small>(The opposing Xatu lost <abbr title="−64/333">19.2%</abbr> of its health!)</small><br></div><div class="spacer battle-history"><br></div><div class="battle-history">The opposing Xatu fainted!<br></div><div class="spacer battle-history"><br></div><div class="battle-history"><small>Diancie was hurt by poison!</small><br></div><div class="spacer battle-history"><br></div><div class="battle-history">HAIRY TOENAIL sent out <strong>Alomomola</strong>!<br></div><div class="battle-history"><small>Pointed stones dug into the opposing Alomomola!</small><br></div><div class="spacer battle-history"><br></div><h2 class="battle-history">Turn 43</h2><div class="spacer battle-history"><br></div><div class="battle-history">The opposing Alomomola used <strong>Wish</strong>!<br></div><div class="spacer battle-history"><br></div><div class="battle-history">Diancie used <strong>Moonblast</strong>!<br></div><div class="battle-history"><small>(The opposing Alomomola lost <abbr title="−202/497">40.6%</abbr> of its health!)</small><br></div><div class="battle-history"><small>The opposing Alomomola's Special Attack fell!</small><br></div><div class="spacer battle-history"><br></div><div class="battle-history"><small>The opposing Alomomola restored a little HP using its Leftovers!</small><br></div><div class="battle-history"><small>Diancie was hurt by poison!</small><br></div><div class="spacer battle-history"><br></div><h2 class="battle-history">Turn 44</h2><div class="spacer battle-history"><br></div><div class="battle-history">HAIRY TOENAIL withdrew Alomomola!<br></div><div class="battle-history">HAIRY TOENAIL sent out <strong>Diancie</strong>!<br></div><div class="battle-history"><small>Pointed stones dug into the opposing Diancie!</small><br></div><div class="spacer battle-history"><br></div><div class="battle-history">Diancie, come back!<br></div><div class="battle-history">Go! <strong>Flygon</strong>!<br></div><div class="battle-history"><small>Pointed stones dug into Flygon!</small><br></div><div class="spacer battle-history"><br></div><div class="battle-history"><small>Alomomola's wish came true!</small><br></div><div class="spacer battle-history"><br></div><h2 class="battle-history">Turn 45</h2><div class="spacer battle-history"><br></div><div class="battle-history">Flygon used <strong>Earthquake</strong>!<br></div><div class="battle-history"><small>It's super effective!</small><br></div><div class="battle-history"><small>(The opposing Diancie lost <abbr title="−222/304">73.0%</abbr> of its health!)</small><br></div><div class="spacer battle-history"><br></div><div class="battle-history">The opposing Diancie used <strong>Moonblast</strong>!<br></div><div class="battle-history"><small>It's super effective!</small><br></div><div class="battle-history"><small>(Flygon lost <abbr title="−272/301">90.4%</abbr> of its health!)</small><br></div><div class="battle-history"><small>Flygon's Special Attack fell!</small><br></div><div class="spacer battle-history"><br></div><div class="battle-history"><small>The opposing Diancie restored a little HP using its Leftovers!</small><br></div><div class="spacer battle-history"><br></div><h2 class="battle-history">Turn 46</h2><div class="spacer battle-history"><br></div><div class="battle-history">HAIRY TOENAIL withdrew Diancie!<br></div><div class="battle-history">HAIRY TOENAIL sent out <strong>Alomomola</strong>!<br></div><div class="battle-history"><small>Pointed stones dug into the opposing Alomomola!</small><br></div><div class="spacer battle-history"><br></div><div class="battle-history">Flygon used <strong>Earthquake</strong>!<br></div><div class="battle-history"><small>(The opposing Alomomola lost <abbr title="−144/497">29.0%</abbr> of its health!)</small><br></div><div class="spacer battle-history"><br></div><div class="battle-history"><small>The opposing Alomomola restored a little HP using its Leftovers!</small><br></div><div class="spacer battle-history"><br></div><h2 class="battle-history">Turn 47</h2><div class="spacer battle-history"><br></div><div class="battle-history">Flygon, come back!<br></div><div class="battle-history">Go! <strong>Meloetta</strong>!<br></div><div class="battle-history"><small>Pointed stones dug into Meloetta!</small><br></div><div class="spacer battle-history"><br></div><div class="battle-history">The opposing Alomomola used <strong>Wish</strong>!<br></div><div class="spacer battle-history"><br></div><div class="battle-history"><small>The opposing Alomomola restored a little HP using its Leftovers!</small><br></div><div class="spacer battle-history"><br></div><h2 class="battle-history">Turn 48</h2><div class="spacer battle-history"><br></div><div class="battle-history">The opposing Alomomola used <strong>Protect</strong>!<br></div><div class="battle-history"><small>The opposing Alomomola protected itself!</small><br></div><div class="spacer battle-history"><br></div><div class="battle-history">Meloetta used <strong>Hyper Voice</strong>!<br></div><div class="battle-history"><small>The opposing Alomomola protected itself!</small><br></div><div class="spacer battle-history"><br></div><div class="battle-history"><small>Alomomola's wish came true!</small><br></div><div class="spacer battle-history"><br></div><h2 class="battle-history">Turn 49</h2><div class="spacer battle-history"><br></div><div class="battle-history">Meloetta used <strong>Hyper Voice</strong>!<br></div><div class="battle-history"><small>(The opposing Alomomola lost <abbr title="−292/497">58.8%</abbr> of its health!)</small><br></div><div class="spacer battle-history"><br></div><div class="battle-history">The opposing Alomomola used <strong>Knock Off</strong>!<br></div><div class="battle-history"><small>It's super effective!</small><br></div><div class="battle-history"><small>(Meloetta lost <abbr title="−160/341">46.9%</abbr> of its health!)</small><br></div><div class="battle-history"><small>The opposing Alomomola knocked off Meloetta's Choice Specs!</small><br></div><div class="spacer battle-history"><br></div><div class="battle-history"><small>The opposing Alomomola restored a little HP using its Leftovers!</small><br></div><div class="spacer battle-history"><br></div><h2 class="battle-history">Turn 50</h2><div class="spacer battle-history"><br></div><div class="battle-history">Meloetta used <strong>Hyper Voice</strong>!<br></div><div class="battle-history"><small>(The opposing Alomomola lost <abbr title="−192/497">38.6%</abbr> of its health!)</small><br></div><div class="spacer battle-history"><br></div><div class="battle-history">The opposing Alomomola used <strong>Wish</strong>!<br></div><div class="spacer battle-history"><br></div><div class="battle-history"><small>The opposing Alomomola restored a little HP using its Leftovers!</small><br></div><div class="spacer battle-history"><br></div><h2 class="battle-history">Turn 51</h2><div class="spacer battle-history"><br></div><div class="battle-history">Meloetta, come back!<br></div><div class="battle-history">Go! <strong>Virizion</strong>!<br></div><div class="battle-history"><small>Pointed stones dug into Virizion!</small><br></div><div class="spacer battle-history"><br></div><div class="battle-history">The opposing Alomomola used <strong>Protect</strong>!<br></div><div class="battle-history"><small>But it failed!</small><br></div><div class="spacer battle-history"><br></div><div class="battle-history"><small>Alomomola's wish came true!</small><br></div><div class="battle-history"><small>The opposing Alomomola restored a little HP using its Leftovers!</small><br></div><div class="spacer battle-history"><br></div><h2 class="battle-history">Turn 52</h2><div class="spacer battle-history"><br></div><div class="battle-history">HAIRY TOENAIL withdrew Alomomola!<br></div><div class="battle-history">HAIRY TOENAIL sent out <strong>Drapion</strong>!<br></div><div class="battle-history"><small>Pointed stones dug into the opposing Drapion!</small><br></div><div class="spacer battle-history"><br></div><div class="battle-history">Virizion used <strong>Giga Drain</strong>!<br></div><div class="battle-history"><small>It's not very effective...</small><br></div><div class="battle-history"><small>(The opposing Drapion lost <abbr title="−84/285">29.5%</abbr> of its health!)</small><br></div><div class="battle-history"><small>The opposing Drapion had its energy drained!</small><br></div><div class="battle-history"><small>Virizion lost some of its HP!</small><br></div><div class="spacer battle-history"><br></div><h2 class="battle-history">Turn 53</h2><div class="spacer battle-history"><br></div><div class="battle-history">Virizion, come back!<br></div><div class="battle-history">Go! <strong>Flygon</strong>!<br></div><div class="battle-history"><small>Pointed stones dug into Flygon!</small><br></div><div class="spacer battle-history"><br></div><div class="battle-history">Flygon fainted!<br></div><div class="battle-history">The opposing Drapion used <strong>Poison Jab</strong>!<br></div><div class="battle-history"><small>But there was no target...</small><br></div><div class="spacer battle-history"><br></div><div class="battle-history">Go! <strong>Slowking</strong>!<br></div><div class="battle-history"><small>Pointed stones dug into Slowking!</small><br></div><div class="spacer battle-history"><br></div><h2 class="battle-history">Turn 54</h2><div class="spacer battle-history"><br></div><div class="battle-history">HAIRY TOENAIL withdrew Drapion!<br></div><div class="battle-history">HAIRY TOENAIL sent out <strong>Alomomola</strong>!<br></div><div class="battle-history"><small>Pointed stones dug into the opposing Alomomola!</small><br></div><div class="spacer battle-history"><br></div><div class="battle-history">Slowking used <strong>Scald</strong>!<br></div><div class="battle-history"><small>It's not very effective...</small><br></div><div class="battle-history"><small>(The opposing Alomomola lost <abbr title="−56/497">11.3%</abbr> of its health!)</small><br></div><div class="spacer battle-history"><br></div><div class="battle-history"><small>The opposing Alomomola restored a little HP using its Leftovers!</small><br></div><div class="battle-history"><small>Slowking was hurt by its burn!</small><br></div><div class="spacer battle-history"><br></div><h2 class="battle-history">Turn 55</h2><div class="spacer battle-history"><br></div><div class="battle-history">The opposing Alomomola used <strong>Wish</strong>!<br></div><div class="spacer battle-history"><br></div><div class="battle-history">Slowking used <strong>Slack Off</strong>!<br></div><div class="battle-history"><small>Slowking restored its HP.</small><br></div><div class="spacer battle-history"><br></div><div class="battle-history"><small>The opposing Alomomola restored a little HP using its Leftovers!</small><br></div><div class="battle-history"><small>Slowking was hurt by its burn!</small><br></div><div class="spacer battle-history"><br></div><h2 class="battle-history">Turn 56</h2><div class="spacer battle-history"><br></div><div class="battle-history">The opposing Alomomola used <strong>Knock Off</strong>!<br></div><div class="battle-history"><small>It's super effective!</small><br></div><div class="battle-history"><small>(Slowking lost <abbr title="−74/393">18.8%</abbr> of its health!)</small><br></div><div class="spacer battle-history"><br></div><div class="battle-history">Slowking used <strong>Scald</strong>!<br></div><div class="battle-history"><small>It's not very effective...</small><br></div><div class="battle-history"><small>(The opposing Alomomola lost <abbr title="−58/497">11.7%</abbr> of its health!)</small><br></div><div class="spacer battle-history"><br></div><div class="battle-history"><small>Alomomola's wish came true!</small><br></div><div class="battle-history"><small>Slowking was hurt by its burn!</small><br></div><div class="spacer battle-history"><br></div><h2 class="battle-history">Turn 57</h2><div class="spacer battle-history"><br></div><div class="battle-history">The opposing Alomomola used <strong>Wish</strong>!<br></div><div class="spacer battle-history"><br></div><div class="battle-history">Slowking used <strong>Slack Off</strong>!<br></div><div class="battle-history"><small>Slowking restored its HP.</small><br></div><div class="spacer battle-history"><br></div><div class="battle-history"><small>Slowking was hurt by its burn!</small><br></div><div class="spacer battle-history"><br></div><h2 class="battle-history">Turn 58</h2><div class="spacer battle-history"><br></div><div class="battle-history">The opposing Alomomola used <strong>Knock Off</strong>!<br></div><div class="battle-history"><small>It's super effective!</small><br></div><div class="battle-history"><small>(Slowking lost <abbr title="−74/393">18.8%</abbr> of its health!)</small><br></div><div class="spacer battle-history"><br></div><div class="battle-history">Slowking used <strong>Scald</strong>!<br></div><div class="battle-history"><small>It's not very effective...</small><br></div><div class="battle-history"><small>(The opposing Alomomola lost <abbr title="−57/497">11.5%</abbr> of its health!)</small><br></div><div class="spacer battle-history"><br></div><div class="battle-history"><small>Alomomola's wish came true!</small><br></div><div class="battle-history"><small>Slowking was hurt by its burn!</small><br></div><div class="spacer battle-history"><br></div><h2 class="battle-history">Turn 59</h2><div class="chat"><small>metroid90 joined.</small></div><div class="chat"><small>metroid90 left.</small></div><div class="spacer battle-history"><br></div><div class="battle-history">The opposing Alomomola used <strong>Scald</strong>!<br></div><div class="battle-history"><small>It's not very effective...</small><br></div><div class="battle-history"><small>(Slowking lost <abbr title="−21/393">5.3%</abbr> of its health!)</small><br></div><div class="spacer battle-history"><br></div><div class="battle-history">Slowking used <strong>Slack Off</strong>!<br></div><div class="battle-history"><small>Slowking restored its HP.</small><br></div><div class="spacer battle-history"><br></div><div class="battle-history"><small>Slowking was hurt by its burn!</small><br></div><div class="spacer battle-history"><br></div><h2 class="battle-history">Turn 60</h2><div class="spacer battle-history"><br></div><div class="battle-history">The opposing Alomomola used <strong>Wish</strong>!<br></div><div class="spacer battle-history"><br></div><div class="battle-history">Slowking used <strong>Scald</strong>!<br></div><div class="battle-history"><small>It's not very effective...</small><br></div><div class="battle-history"><small>A critical hit!</small><br></div><div class="battle-history"><small>(The opposing Alomomola lost <abbr title="−93/497">18.7%</abbr> of its health!)</small><br></div><div class="spacer battle-history"><br></div><div class="battle-history"><small>The opposing Alomomola restored a little HP using its Leftovers!</small><br></div><div class="battle-history"><small>Slowking was hurt by its burn!</small><br></div><div class="spacer battle-history"><br></div><h2 class="battle-history">Turn 61</h2><div class="spacer battle-history"><br></div><div class="battle-history">The opposing Alomomola used <strong>Knock Off</strong>!<br></div><div class="battle-history"><small>It's super effective!</small><br></div><div class="battle-history"><small>(Slowking lost <abbr title="−66/393">16.8%</abbr> of its health!)</small><br></div><div class="spacer battle-history"><br></div><div class="battle-history">Slowking used <strong>Scald</strong>!<br></div><div class="battle-history"><small>It's not very effective...</small><br></div><div class="battle-history"><small>(The opposing Alomomola lost <abbr title="−60/497">12.1%</abbr> of its health!)</small><br></div><div class="spacer battle-history"><br></div><div class="battle-history"><small>Alomomola's wish came true!</small><br></div><div class="battle-history"><small>Slowking was hurt by its burn!</small><br></div><div class="spacer battle-history"><br></div><h2 class="battle-history">Turn 62</h2><div class="spacer battle-history"><br></div><div class="battle-history">The opposing Alomomola used <strong>Knock Off</strong>!<br></div><div class="battle-history"><small>It's super effective!</small><br></div><div class="battle-history"><small>(Slowking lost <abbr title="−66/393">16.8%</abbr> of its health!)</small><br></div><div class="spacer battle-history"><br></div><div class="battle-history">Slowking used <strong>Slack Off</strong>!<br></div><div class="battle-history"><small>Slowking restored its HP.</small><br></div><div class="spacer battle-history"><br></div><div class="battle-history"><small>Slowking was hurt by its burn!</small><br></div><div class="spacer battle-history"><br></div><h2 class="battle-history">Turn 63</h2><div class="spacer battle-history"><br></div><div class="battle-history">The opposing Alomomola used <strong>Knock Off</strong>!<br></div><div class="battle-history"><small>It's super effective!</small><br></div><div class="battle-history"><small>(Slowking lost <abbr title="−66/393">16.8%</abbr> of its health!)</small><br></div><div class="spacer battle-history"><br></div><div class="battle-history">Slowking used <strong>Scald</strong>!<br></div><div class="battle-history"><small>It's not very effective...</small><br></div><div class="battle-history"><small>(The opposing Alomomola lost <abbr title="−60/497">12.1%</abbr> of its health!)</small><br></div><div class="spacer battle-history"><br></div><div class="battle-history"><small>The opposing Alomomola restored a little HP using its Leftovers!</small><br></div><div class="battle-history"><small>Slowking was hurt by its burn!</small><br></div><div class="spacer battle-history"><br></div><h2 class="battle-history">Turn 64</h2><div class="spacer battle-history"><br></div><div class="battle-history">The opposing Alomomola used <strong>Knock Off</strong>!<br></div><div class="battle-history"><small>It's super effective!</small><br></div><div class="battle-history"><small>(Slowking lost <abbr title="−66/393">16.8%</abbr> of its health!)</small><br></div><div class="spacer battle-history"><br></div><div class="battle-history">Slowking used <strong>Slack Off</strong>!<br></div><div class="battle-history"><small>Slowking restored its HP.</small><br></div><div class="spacer battle-history"><br></div><div class="battle-history"><small>The opposing Alomomola restored a little HP using its Leftovers!</small><br></div><div class="battle-history"><small>Slowking was hurt by its burn!</small><br></div><div class="spacer battle-history"><br></div><h2 class="battle-history">Turn 65</h2><div class="spacer battle-history"><br></div><div class="battle-history">The opposing Alomomola used <strong>Wish</strong>!<br></div><div class="spacer battle-history"><br></div><div class="battle-history">Slowking used <strong>Slack Off</strong>!<br></div><div class="battle-history"><small>Slowking restored its HP.</small><br></div><div class="spacer battle-history"><br></div><div class="battle-history"><small>Slowking was hurt by its burn!</small><br></div><div class="spacer battle-history"><br></div><h2 class="battle-history">Turn 66</h2><div class="spacer battle-history"><br></div><div class="battle-history">The opposing Alomomola used <strong>Knock Off</strong>!<br></div><div class="battle-history"><small>It's super effective!</small><br></div><div class="battle-history"><small>(Slowking lost <abbr title="−74/393">18.8%</abbr> of its health!)</small><br></div><div class="spacer battle-history"><br></div><div class="battle-history">Slowking used <strong>Scald</strong>!<br></div><div class="battle-history"><small>It's not very effective...</small><br></div><div class="battle-history"><small>(The opposing Alomomola lost <abbr title="−60/497">12.1%</abbr> of its health!)</small><br></div><div class="battle-history"><small>The opposing Alomomola was burned!</small><br></div><div class="spacer battle-history"><br></div><div class="battle-history"><small>Alomomola's wish came true!</small><br></div><div class="battle-history"><small>The opposing Alomomola was hurt by its burn!</small><br></div><div class="battle-history"><small>Slowking was hurt by its burn!</small><br></div><div class="spacer battle-history"><br></div><h2 class="battle-history">Turn 67</h2><div class="spacer battle-history"><br></div><div class="battle-history">Slowking, come back!<br></div><div class="battle-history">Go! <strong>Virizion</strong>!<br></div><div class="battle-history"><small>Pointed stones dug into Virizion!</small><br></div><div class="spacer battle-history"><br></div><div class="battle-history">The opposing Alomomola used <strong>Scald</strong>!<br></div><div class="battle-history"><small>It's not very effective...</small><br></div><div class="battle-history"><small>(Virizion lost <abbr title="−18/329">5.5%</abbr> of its health!)</small><br></div><div class="battle-history"><small>Virizion was burned!</small><br></div><div class="spacer battle-history"><br></div><div class="battle-history"><small>The opposing Alomomola restored a little HP using its Leftovers!</small><br></div><div class="battle-history"><small>Virizion was hurt by its burn!</small><br></div><div class="battle-history"><small>The opposing Alomomola was hurt by its burn!</small><br></div><div class="spacer battle-history"><br></div><h2 class="battle-history">Turn 68</h2><div class="spacer battle-history"><br></div><div class="battle-history">The opposing Alomomola used <strong>Protect</strong>!<br></div><div class="battle-history"><small>The opposing Alomomola protected itself!</small><br></div><div class="spacer battle-history"><br></div><div class="battle-history">Virizion used <strong>Synthesis</strong>!<br></div><div class="battle-history"><small>Virizion restored its HP.</small><br></div><div class="spacer battle-history"><br></div><div class="battle-history"><small>The opposing Alomomola restored a little HP using its Leftovers!</small><br></div><div class="battle-history"><small>Virizion was hurt by its burn!</small><br></div><div class="battle-history"><small>The opposing Alomomola was hurt by its burn!</small><br></div><div class="spacer battle-history"><br></div><h2 class="battle-history">Turn 69</h2><div class="chat"><small>Neutral Zone (‽) joined.</small></div><div class="spacer battle-history"><br></div><div class="battle-history">Virizion used <strong>Giga Drain</strong>!<br></div><div class="battle-history"><small>It's super effective!</small><br></div><div class="battle-history"><small>A critical hit!</small><br></div><div class="battle-history"><small>(The opposing Alomomola lost <abbr title="−373/497">75.1%</abbr> of its health!)</small><br></div><div class="battle-history"><small>The opposing Alomomola had its energy drained!</small><br></div><div class="battle-history"><small>Virizion lost some of its HP!</small><br></div><div class="spacer battle-history"><br></div><div class="battle-history">The opposing Alomomola fainted!<br></div><div class="spacer battle-history"><br></div><div class="battle-history"><small>Virizion was hurt by its burn!</small><br></div><div class="spacer battle-history"><br></div><div class="battle-history">HAIRY TOENAIL sent out <strong>Drapion</strong>!<br></div><div class="battle-history"><small>Pointed stones dug into the opposing Drapion!</small><br></div><div class="spacer battle-history"><br></div><h2 class="battle-history">Turn 70</h2><div class="chat chatmessage-hairytoenail"><strong style="color:hsl(350,72%,44%)"><small>☆</small><span class="username" data-name="HAIRY TOENAIL">HAIRY TOENAIL</span>:</strong> <em>gg</em></div><div class="spacer battle-history"><br></div><div class="battle-history">The opposing Drapion used <strong>Poison Jab</strong>!<br></div><div class="battle-history"><small>It's super effective!</small><br></div><div class="battle-history"><small>(Virizion lost <abbr title="−256/329">77.8%</abbr> of its health!)</small><br></div><div class="spacer battle-history"><br></div><div class="battle-history">Virizion fainted!<br></div><div class="spacer battle-history"><br></div><div class="battle-history">Go! <strong>Slowking</strong>!<br></div><div class="battle-history"><small>Pointed stones dug into Slowking!</small><br></div><div class="spacer battle-history"><br></div><h2 class="battle-history">Turn 71</h2><div class="spacer battle-history"><br></div><div class="battle-history">The opposing Drapion used <strong>Poison Jab</strong>!<br></div><div class="battle-history"><small>A critical hit!</small><br></div><div class="battle-history"><small>(Slowking lost <abbr title="−150/393">38.2%</abbr> of its health!)</small><br></div><div class="spacer battle-history"><br></div><div class="battle-history">Slowking used <strong>Scald</strong>!<br></div><div class="battle-history"><small>(The opposing Drapion lost <abbr title="−10/285">3.5%</abbr> of its health!)</small><br></div><div class="spacer battle-history"><br></div><div class="battle-history">The opposing Drapion fainted!<br></div><div class="spacer battle-history"><br></div><div class="battle-history"><small>Slowking was hurt by its burn!</small><br></div><div class="chat chatmessage-gearsofmadness"><strong style="color:hsl(206,82%,38.927356592719974%)"><small>☆</small><span class="username" data-name="Gears Of Madness">Gears Of Madness</span>:</strong> <em>gg</em></div><div class="spacer battle-history"><br></div><div class="battle-history">HAIRY TOENAIL sent out <strong>Diancie</strong>!<br></div><div class="battle-history"><small>Pointed stones dug into the opposing Diancie!</small><br></div><div class="spacer battle-history"><br></div><h2 class="battle-history">Turn 72</h2><div class="spacer battle-history"><br></div><div class="battle-history">The opposing Diancie used <strong>Moonblast</strong>!<br></div><div class="battle-history"><small>(Slowking lost <abbr title="−104/393">26.5%</abbr> of its health!)</small><br></div><div class="spacer battle-history"><br></div><div class="battle-history">Slowking fainted!<br></div><div class="spacer battle-history"><br></div><div class="battle-history"><small>The opposing Diancie restored a little HP using its Leftovers!</small><br></div><div class="spacer battle-history"><br></div><div class="battle-history">Go! <strong>Diancie</strong>!<br></div><div class="battle-history"><small>Pointed stones dug into Diancie!</small><br></div><div class="spacer battle-history"><br></div><h2 class="battle-history">Turn 73</h2><div class="spacer battle-history"><br></div><div class="battle-history">Diancie used <strong>Earth Power</strong>!<br></div><div class="battle-history"><small>It's super effective!</small><br></div><div class="battle-history"><small>(The opposing Diancie lost <abbr title="−82/304">27.0%</abbr> of its health!)</small><br></div><div class="spacer battle-history"><br></div><div class="battle-history">The opposing Diancie fainted!<br></div><div class="spacer battle-history"><br></div><div class="battle-history"><strong>Gears Of Madness</strong> won the battle!<br></div><div class="chat"><small>HAIRY TOENAIL left.</small></div></div><div class="inner-preempt"></div></div></div>
</div>
<script>
let daily = Math.floor(Date.now()/1000/60/60/24);document.write('<script src="https://play.pokemonshowdown.com/js/replay-embed.js?version'+daily+'"></'+'script>');
</script>
