<!DOCTYPE html>
<meta charset="utf-8" />
<!-- version 1 -->
<title>RU replay: Carloo vs. Imai Nobume</title>
<style>
html,body {font-family:Verdana, sans-serif;font-size:10pt;margin:0;padding:0;}body{padding:12px 0;} .battle-log {font-family:Verdana, sans-serif;font-size:10pt;} .battle-log-inline {border:1px solid #AAAAAA;background:#EEF2F5;color:black;max-width:640px;margin:0 auto 80px;padding-bottom:5px;} .battle-log .inner {padding:4px 8px 0px 8px;} .battle-log .inner-preempt {padding:0 8px 4px 8px;} .battle-log .inner-after {margin-top:0.5em;} .battle-log h2 {margin:0.5em -8px;padding:4px 8px;border:1px solid #AAAAAA;background:#E0E7EA;border-left:0;border-right:0;font-family:Verdana, sans-serif;font-size:13pt;} .battle-log .chat {vertical-align:middle;padding:3px 0 3px 0;font-size:8pt;} .battle-log .chat strong {color:#40576A;} .battle-log .chat em {padding:1px 4px 1px 3px;color:#000000;font-style:normal;} .chat.mine {background:rgba(0,0,0,0.05);margin-left:-8px;margin-right:-8px;padding-left:8px;padding-right:8px;} .spoiler {color:#BBBBBB;background:#BBBBBB;padding:0px 3px;} .spoiler:hover, .spoiler:active, .spoiler-shown {color:#000000;background:#E2E2E2;padding:0px 3px;} .spoiler a {color:#BBBBBB;} .spoiler:hover a, .spoiler:active a, .spoiler-shown a {color:#2288CC;} .chat code, .chat .spoiler:hover code, .chat .spoiler:active code, .chat .spoiler-shown code {border:1px solid #C0C0C0;background:#EEEEEE;color:black;padding:0 2px;} .chat .spoiler code {border:1px solid #CCCCCC;background:#CCCCCC;color:#CCCCCC;} .battle-log .rated {padding:3px 4px;} .battle-log .rated strong {color:white;background:#89A;padding:1px 4px;border-radius:4px;} .spacer {margin-top:0.5em;} .message-announce {background:#6688AA;color:white;padding:1px 4px 2px;} .message-announce a, .broadcast-green a, .broadcast-blue a, .broadcast-red a {color:#DDEEFF;} .broadcast-green {background-color:#559955;color:white;padding:2px 4px;} .broadcast-blue {background-color:#6688AA;color:white;padding:2px 4px;} .infobox {border:1px solid #6688AA;padding:2px 4px;} .infobox-limited {max-height:200px;overflow:auto;overflow-x:hidden;} .broadcast-red {background-color:#AA5544;color:white;padding:2px 4px;} .message-learn-canlearn {font-weight:bold;color:#228822;text-decoration:underline;} .message-learn-cannotlearn {font-weight:bold;color:#CC2222;text-decoration:underline;} .message-effect-weak {font-weight:bold;color:#CC2222;} .message-effect-resist {font-weight:bold;color:#6688AA;} .message-effect-immune {font-weight:bold;color:#666666;} .message-learn-list {margin-top:0;margin-bottom:0;} .message-throttle-notice, .message-error {color:#992222;} .message-overflow, .chat small.message-overflow {font-size:0pt;} .message-overflow::before {font-size:9pt;content:'...';} .subtle {color:#3A4A66;}
</style>
<div class="wrapper replay-wrapper" style="max-width:1180px;margin:0 auto">
<input type="hidden" name="replayid" value="smogtours-ru-227708" />
<div class="battle"></div><div class="battle-log"></div><div class="replay-controls"></div><div class="replay-controls-2"></div>
<h1 style="font-weight:normal;text-align:center"><strong>RU</strong><br /><a href="http://pokemonshowdown.com/users/carloo" class="subtle" target="_blank">Carloo</a> vs. <a href="http://pokemonshowdown.com/users/imainobume" class="subtle" target="_blank">Imai Nobume</a></h1>
<script type="text/plain" class="battle-log-data">|inactive|Battle timer is ON: inactive players will automatically lose when time's up.
|J|Carloo
|J|Imai Nobume
|player|p1|Carloo|10
|player|p2|Imai Nobume|#sylielyyneheym
|gametype|singles
|gen|6
|tier|RU
|seed|59112,9396,57468,1543
|rule|Sleep Clause Mod: Limit one foe put to sleep
|rule|Species Clause: Limit one of each Pokémon
|rule|OHKO Clause: OHKO moves are banned
|rule|Moody Clause: Moody is banned
|rule|Evasion Moves Clause: Evasion moves are banned
|rule|Endless Battle Clause: Forcing endless battles is banned
|rule|HP Percentage Mod: HP is shown in percentages
|clearpoke
|poke|p1|Magneton|item
|poke|p1|Diancie|item
|poke|p1|Flygon, F|item
|poke|p1|Venusaur, F|item
|poke|p1|Fletchinder, M|
|poke|p1|Sneasel, F|item
|poke|p2|Sneasel, F|item
|poke|p2|Virizion|item
|poke|p2|Alomomola, F|item
|poke|p2|Flygon, F|item
|poke|p2|Escavalier, F|item
|poke|p2|Uxie|item
|rule|Swagger Clause: Swagger is banned
|rule|Baton Pass Clause: Limit one Baton Passer, can't pass Spe and other stats simultaneously
|teampreview
|J|Tony
|choice|team 6, team 2, team 3, team 4, team 5, team 1|team 3, team 2, team 1, team 4, team 5, team 6
|
|start
|switch|p1a: Sneasel|Sneasel, F|251\/251
|switch|p2a: Akari Mizunashi|Alomomola, F|497\/497
|turn|1
|choice|move knockoff|move knockoff
|
|move|p1a: Sneasel|Knock Off|p2a: Akari Mizunashi
|-damage|p2a: Akari Mizunashi|326\/497
|-enditem|p2a: Akari Mizunashi|Leftovers|[from] move: Knock Off|[of] p1a: Sneasel
|move|p2a: Akari Mizunashi|Knock Off|p1a: Sneasel
|-resisted|p1a: Sneasel
|-damage|p1a: Sneasel|199\/251
|-enditem|p1a: Sneasel|Choice Band|[from] move: Knock Off|[of] p2a: Akari Mizunashi
|
|turn|2
|choice|switch 4|move knockoff
|
|switch|p1a: Venusaur|Venusaur, F|363\/363
|move|p2a: Akari Mizunashi|Knock Off|p1a: Venusaur
|-damage|p1a: Venusaur|317\/363
|-enditem|p1a: Venusaur|Black Sludge|[from] move: Knock Off|[of] p2a: Akari Mizunashi
|
|turn|3
|choice|move leechseed|move protect
|
|move|p2a: Akari Mizunashi|Protect|p2a: Akari Mizunashi
|-singleturn|p2a: Akari Mizunashi|Protect
|move|p1a: Venusaur|Leech Seed|p2a: Akari Mizunashi
|-activate|p2a: Akari Mizunashi|move: Protect
|
|turn|4
|choice|move leechseed|switch 5
|
|switch|p2a: Akira Ferrari|Escavalier, F|291\/291
|move|p1a: Venusaur|Leech Seed|p2a: Akira Ferrari
|-start|p2a: Akira Ferrari|move: Leech Seed
|
|-damage|p2a: Akira Ferrari|255\/291|[from] Leech Seed|[of] p1a: Venusaur
|-heal|p1a: Venusaur|353\/363|[silent]
|turn|5
|choice|switch 5|switch 6
|
|switch|p1a: Fletchinder|Fletchinder, M|303\/303
|switch|p2a: Athena Glory|Uxie|354\/354
|
|turn|6
|choice|move willowisp|move stealthrock
|
|move|p2a: Athena Glory|Stealth Rock|p1a: Fletchinder
|-sidestart|p1: Carloo|move: Stealth Rock
|move|p1a: Fletchinder|Will-O-Wisp|p2a: Athena Glory
|-status|p2a: Athena Glory|brn
|
|-damage|p2a: Athena Glory|310\/354 brn|[from] brn
|turn|7
|choice|move willowisp|move uturn
|
|move|p2a: Athena Glory|U-turn|p1a: Fletchinder
|-resisted|p1a: Fletchinder
|-damage|p1a: Fletchinder|296\/303
|choice||switch 5
|
|switch|p2a: Akari Mizunashi|Alomomola, F|491\/497
|move|p1a: Fletchinder|Will-O-Wisp|p2a: Akari Mizunashi
|-status|p2a: Akari Mizunashi|brn
|
|-damage|p2a: Akari Mizunashi|429\/497 brn|[from] brn
|turn|8
|choice|switch 3|move scald
|
|switch|p1a: Flygon|Flygon, F|364\/364
|-damage|p1a: Flygon|342\/364|[from] Stealth Rock
|move|p2a: Akari Mizunashi|Scald|p1a: Flygon
|-damage|p1a: Flygon|294\/364
|-status|p1a: Flygon|brn
|
|-heal|p1a: Flygon|316\/364 brn|[from] item: Leftovers
|-damage|p1a: Flygon|271\/364 brn|[from] brn
|-damage|p2a: Akari Mizunashi|367\/497 brn|[from] brn
|turn|9
|choice|move defog|switch 5
|
|switch|p2a: Athena Glory|Uxie|310\/354 brn
|move|p1a: Flygon|Defog|p2a: Athena Glory
|-unboost|p2a: Athena Glory|evasion|1
|-sideend|p1: Carloo|Stealth Rock|[from] move: Defog|[of] p1a: Flygon
|
|-heal|p1a: Flygon|293\/364 brn|[from] item: Leftovers
|-heal|p2a: Athena Glory|332\/354 brn|[from] item: Leftovers
|-damage|p1a: Flygon|248\/364 brn|[from] brn
|-damage|p2a: Athena Glory|288\/354 brn|[from] brn
|turn|10
|choice|move roost|move healbell
|
|move|p1a: Flygon|Roost|p1a: Flygon
|-heal|p1a: Flygon|364\/364 brn
|move|p2a: Athena Glory|Heal Bell|p2a: Athena Glory
|-activate|p2a: Athena Glory|move: Heal Bell
|-curestatus|p2a: Athena Glory|brn|[msg]
|-curestatus|p2: Akari Mizunashi|brn|[msg]
|
|-heal|p2a: Athena Glory|310\/354|[from] item: Leftovers
|-damage|p1a: Flygon|319\/364 brn|[from] brn
|turn|11
|choice|move uturn|move stealthrock
|
|move|p1a: Flygon|U-turn|p2a: Athena Glory
|-supereffective|p2a: Athena Glory
|-damage|p2a: Athena Glory|270\/354
|choice|switch 3|
|
|switch|p1a: Fletchinder|Fletchinder, M|296\/303
|move|p2a: Athena Glory|Stealth Rock|p1a: Fletchinder
|-sidestart|p1: Carloo|move: Stealth Rock
|
|-heal|p2a: Athena Glory|292\/354|[from] item: Leftovers
|turn|12
|choice|move willowisp|move psychic
|
|move|p2a: Athena Glory|Psychic|p1a: Fletchinder
|-damage|p1a: Fletchinder|170\/303
|move|p1a: Fletchinder|Will-O-Wisp|p2a: Athena Glory
|-status|p2a: Athena Glory|brn
|
|-heal|p2a: Athena Glory|314\/354 brn|[from] item: Leftovers
|-damage|p2a: Athena Glory|270\/354 brn|[from] brn
|turn|13
|choice|move roost|move uturn
|
|move|p1a: Fletchinder|Roost|p1a: Fletchinder
|-heal|p1a: Fletchinder|303\/303
|move|p2a: Athena Glory|U-turn|p1a: Fletchinder
|-resisted|p1a: Fletchinder
|-damage|p1a: Fletchinder|289\/303
|choice||switch 3
|
|switch|p2a: Aika Granzchesta|Sneasel, F|251\/251
|
|turn|14
|choice|move acrobatics|move iciclecrash
|
|move|p1a: Fletchinder|Acrobatics|p2a: Aika Granzchesta
|-damage|p2a: Aika Granzchesta|0 fnt
|faint|p2a: Aika Granzchesta
|
|choice||switch 4
|
|switch|p2a: Alicia Florence|Flygon, F|301\/301
|turn|15
|choice|switch 5|move earthquake
|
|switch|p1a: Venusaur|Venusaur, F|353\/363
|-damage|p1a: Venusaur|308\/363|[from] Stealth Rock
|move|p2a: Alicia Florence|Earthquake|p1a: Venusaur
|-damage|p1a: Venusaur|130\/363
|
|turn|16
|choice|switch 3|switch 2
|
|switch|p2a: Alice Carroll|Virizion|323\/323
|switch|p1a: Flygon|Flygon, F|319\/364 brn
|-damage|p1a: Flygon|297\/364 brn|[from] Stealth Rock
|
|-heal|p1a: Flygon|319\/364 brn|[from] item: Leftovers
|-damage|p1a: Flygon|274\/364 brn|[from] brn
|turn|17
|choice|switch 3|move closecombat
|
|switch|p1a: Venusaur|Venusaur, F|130\/363
|-damage|p1a: Venusaur|85\/363|[from] Stealth Rock
|move|p2a: Alice Carroll|Close Combat|p1a: Venusaur
|-resisted|p1a: Venusaur
|-damage|p1a: Venusaur|19\/363
|-unboost|p2a: Alice Carroll|def|1
|-unboost|p2a: Alice Carroll|spd|1
|
|turn|18
|choice|move sludgebomb|move closecombat
|
|move|p2a: Alice Carroll|Close Combat|p1a: Venusaur
|-resisted|p1a: Venusaur
|-damage|p1a: Venusaur|0 fnt
|-unboost|p2a: Alice Carroll|def|1
|-unboost|p2a: Alice Carroll|spd|1
|faint|p1a: Venusaur
|
|choice|switch 4|
|
|switch|p1a: Sneasel|Sneasel, F|199\/251
|-damage|p1a: Sneasel|137\/251|[from] Stealth Rock
|turn|19
|choice|move pursuit|switch 5
|
|-activate|p2a: Alice Carroll|move: Pursuit
|move|p1a: Sneasel|Pursuit|p2a: Alice Carroll|[from]Pursuit
|-resisted|p2a: Alice Carroll
|-damage|p2a: Alice Carroll|177\/323
|-ability|p2a: Alice Carroll|Justified|boost
|-boost|p2a: Alice Carroll|atk|1
|switch|p2a: Akari Mizunashi|Alomomola, F|497\/497
|
|turn|20
|J|ReshiRampage
|L|ReshiRampage
|choice|move iciclecrash|switch 5
|
|switch|p2a: Alice Carroll|Virizion|177\/323
|move|p1a: Sneasel|Icicle Crash|p2a: Alice Carroll
|-supereffective|p2a: Alice Carroll
|-damage|p2a: Alice Carroll|0 fnt
|faint|p2a: Alice Carroll
|
|choice||switch 6
|
|switch|p2a: Akira Ferrari|Escavalier, F|255\/291
|turn|21
|choice|move knockoff|move megahorn
|
|move|p1a: Sneasel|Knock Off|p2a: Akira Ferrari
|-damage|p2a: Akira Ferrari|113\/291
|-enditem|p2a: Akira Ferrari|Leftovers|[from] move: Knock Off|[of] p1a: Sneasel
|move|p2a: Akira Ferrari|Megahorn|p1a: Sneasel
|-supereffective|p1a: Sneasel
|-damage|p1a: Sneasel|0 fnt
|faint|p1a: Sneasel
|
|J|lucqq
|choice|switch 3|
|
|switch|p1a: Flygon|Flygon, F|274\/364 brn
|-damage|p1a: Flygon|252\/364 brn|[from] Stealth Rock
|turn|22
|choice|move defog|switch 2
|
|switch|p2a: Alicia Florence|Flygon, F|301\/301
|move|p1a: Flygon|Defog|p2a: Alicia Florence
|-unboost|p2a: Alicia Florence|evasion|1
|-sideend|p1: Carloo|Stealth Rock|[from] move: Defog|[of] p1a: Flygon
|
|-heal|p1a: Flygon|274\/364 brn|[from] item: Leftovers
|-damage|p1a: Flygon|229\/364 brn|[from] brn
|turn|23
|choice|move uturn|move uturn
|
|move|p2a: Alicia Florence|U-turn|p1a: Flygon
|-damage|p1a: Flygon|104\/364 brn
|choice||switch 3
|
|switch|p2a: Athena Glory|Uxie|270\/354 brn
|move|p1a: Flygon|U-turn|p2a: Athena Glory
|-supereffective|p2a: Athena Glory
|-damage|p2a: Athena Glory|229\/354 brn
|choice|switch 5|
|
|switch|p1a: Fletchinder|Fletchinder, M|289\/303
|
|-heal|p2a: Athena Glory|251\/354 brn|[from] item: Leftovers
|-damage|p2a: Athena Glory|207\/354 brn|[from] brn
|turn|24
|choice|move swordsdance|move stealthrock
|
|move|p2a: Athena Glory|Stealth Rock|p1a: Fletchinder
|-sidestart|p1: Carloo|move: Stealth Rock
|move|p1a: Fletchinder|Swords Dance|p1a: Fletchinder
|-boost|p1a: Fletchinder|atk|2
|
|-heal|p2a: Athena Glory|229\/354 brn|[from] item: Leftovers
|-damage|p2a: Athena Glory|185\/354 brn|[from] brn
|turn|25
|choice|move acrobatics|move psychic
|
|move|p1a: Fletchinder|Acrobatics|p2a: Athena Glory
|-damage|p2a: Athena Glory|0 fnt
|faint|p2a: Athena Glory
|
|choice||switch 5
|
|switch|p2a: Akari Mizunashi|Alomomola, F|497\/497
|turn|26
|choice|move acrobatics|move scald
|
|move|p1a: Fletchinder|Acrobatics|p2a: Akari Mizunashi
|-damage|p2a: Akari Mizunashi|217\/497
|move|p2a: Akari Mizunashi|Scald|p1a: Fletchinder
|-supereffective|p1a: Fletchinder
|-damage|p1a: Fletchinder|145\/303
|
|turn|27
|choice|move acrobatics|switch 2
|
|switch|p2a: Akira Ferrari|Escavalier, F|113\/291
|move|p1a: Fletchinder|Acrobatics|p2a: Akira Ferrari
|-damage|p2a: Akira Ferrari|0 fnt
|faint|p2a: Akira Ferrari
|
|choice||switch 2
|
|switch|p2a: Akari Mizunashi|Alomomola, F|382\/497
|turn|28
|choice|move roost|move scald
|
|move|p1a: Fletchinder|Roost|p1a: Fletchinder
|-heal|p1a: Fletchinder|297\/303
|move|p2a: Akari Mizunashi|Scald|p1a: Fletchinder
|-supereffective|p1a: Fletchinder
|-damage|p1a: Fletchinder|165\/303
|
|turn|29
|choice|move acrobatics|move scald
|
|move|p1a: Fletchinder|Acrobatics|p2a: Akari Mizunashi
|-damage|p2a: Akari Mizunashi|114\/497
|move|p2a: Akari Mizunashi|Scald|p1a: Fletchinder
|-supereffective|p1a: Fletchinder
|-damage|p1a: Fletchinder|21\/303
|
|turn|30
|c|★Imai Nobume|gg
|-message|Imai Nobume forfeited.
|
|win|Carloo
|player|p1
|player|p2
|c|★Carloo|gg</script>
</div>
<div class="battle-log battle-log-inline"><div class="inner"><div class="battle-options"></div><div class="inner"><div class="chat message-error">Battle timer is ON: inactive players will automatically lose when time's up.</div><div class=""><small>Format:</small> <br><strong>RU</strong></div><div class=""><small><em>Sleep Clause Mod:</em> Limit one foe put to sleep</small></div><div class=""><small><em>Species Clause:</em> Limit one of each Pokémon</small></div><div class=""><small><em>OHKO Clause:</em> OHKO moves are banned</small></div><div class=""><small><em>Moody Clause:</em> Moody is banned</small></div><div class=""><small><em>Evasion Moves Clause:</em> Evasion moves are banned</small></div><div class=""><small><em>Endless Battle Clause:</em> Forcing endless battles is banned</small></div><div class=""><small><em>HP Percentage Mod:</em> HP is shown in percentages</small></div><div class=""><small><em>Swagger Clause:</em> Swagger is banned</small></div><div class=""><small><em>Baton Pass Clause:</em> Limit one Baton Passer, can't pass Spe and other stats simultaneously</small></div><div class="chat battle-history"><strong>Carloo's team:</strong> <em style="color:#445566;display:block;">Magneton / Diancie / Flygon / Venusaur / Fletchinder / Sneasel</em></div><div class="chat battle-history"><strong>Imai Nobume's team:</strong> <em style="color:#445566;display:block;">Sneasel / Virizion / Alomomola / Flygon / Escavalier / Uxie</em></div><div class="spacer battle-history"><br></div><div class="battle-history">Battle started between Carloo and Imai Nobume!<br></div><div class="spacer battle-history"><br></div><div class="battle-history">Go! <strong>Sneasel</strong>!<br></div><div class="spacer battle-history"><br></div><div class="battle-history">Imai Nobume sent out Akari Mizunashi (<strong>Alomomola</strong>)!<br></div><div class="spacer battle-history"><br></div><h2 class="battle-history">Turn 1</h2><div class="spacer battle-history"><br></div><div class="battle-history">Sneasel used <strong>Knock Off</strong>!<br></div><div class="battle-history"><small>(The opposing Akari Mizunashi lost <abbr title="−171/497">34.4%</abbr> of its health!)</small><br></div><div class="battle-history"><small>Sneasel knocked off the opposing Akari Mizunashi's Leftovers!</small><br></div><div class="spacer battle-history"><br></div><div class="battle-history">The opposing Akari Mizunashi used <strong>Knock Off</strong>!<br></div><div class="battle-history"><small>It's not very effective...</small><br></div><div class="battle-history"><small>(Sneasel lost <abbr title="−52/251">20.7%</abbr> of its health!)</small><br></div><div class="battle-history"><small>The opposing Akari Mizunashi knocked off Sneasel's Choice Band!</small><br></div><div class="spacer battle-history"><br></div><h2 class="battle-history">Turn 2</h2><div class="spacer battle-history"><br></div><div class="battle-history">Sneasel, come back!<br></div><div class="battle-history">Go! <strong>Venusaur</strong>!<br></div><div class="spacer battle-history"><br></div><div class="battle-history">The opposing Akari Mizunashi used <strong>Knock Off</strong>!<br></div><div class="battle-history"><small>(Venusaur lost <abbr title="−46/363">12.7%</abbr> of its health!)</small><br></div><div class="battle-history"><small>The opposing Akari Mizunashi knocked off Venusaur's Black Sludge!</small><br></div><div class="spacer battle-history"><br></div><h2 class="battle-history">Turn 3</h2><div class="spacer battle-history"><br></div><div class="battle-history">The opposing Akari Mizunashi used <strong>Protect</strong>!<br></div><div class="battle-history"><small>The opposing Akari Mizunashi protected itself!</small><br></div><div class="spacer battle-history"><br></div><div class="battle-history">Venusaur used <strong>Leech Seed</strong>!<br></div><div class="battle-history"><small>The opposing Akari Mizunashi protected itself!</small><br></div><div class="spacer battle-history"><br></div><h2 class="battle-history">Turn 4</h2><div class="spacer battle-history"><br></div><div class="battle-history">Imai Nobume withdrew Akari Mizunashi!<br></div><div class="battle-history">Imai Nobume sent out Akira Ferrari (<strong>Escavalier</strong>)!<br></div><div class="spacer battle-history"><br></div><div class="battle-history">Venusaur used <strong>Leech Seed</strong>!<br></div><div class="battle-history"><small>The opposing Akira Ferrari was seeded!</small><br></div><div class="spacer battle-history"><br></div><div class="battle-history"><small>The opposing Akira Ferrari's health is sapped by Leech Seed!</small><br></div><div class="spacer battle-history"><br></div><h2 class="battle-history">Turn 5</h2><div class="spacer battle-history"><br></div><div class="battle-history">Venusaur, come back!<br></div><div class="battle-history">Go! <strong>Fletchinder</strong>!<br></div><div class="spacer battle-history"><br></div><div class="battle-history">Imai Nobume withdrew Akira Ferrari!<br></div><div class="battle-history">Imai Nobume sent out Athena Glory (<strong>Uxie</strong>)!<br></div><div class="spacer battle-history"><br></div><h2 class="battle-history">Turn 6</h2><div class="spacer battle-history"><br></div><div class="battle-history">The opposing Athena Glory used <strong>Stealth Rock</strong>!<br></div><div class="battle-history"><small>Pointed stones float in the air around your team!</small><br></div><div class="spacer battle-history"><br></div><div class="battle-history">Fletchinder used <strong>Will-O-Wisp</strong>!<br></div><div class="battle-history"><small>The opposing Athena Glory was burned!</small><br></div><div class="spacer battle-history"><br></div><div class="battle-history"><small>The opposing Athena Glory was hurt by its burn!</small><br></div><div class="spacer battle-history"><br></div><h2 class="battle-history">Turn 7</h2><div class="spacer battle-history"><br></div><div class="battle-history">The opposing Athena Glory used <strong>U-turn</strong>!<br></div><div class="battle-history"><small>It's not very effective...</small><br></div><div class="battle-history"><small>(Fletchinder lost <abbr title="−7/303">2.3%</abbr> of its health!)</small><br></div><div class="spacer battle-history"><br></div><div class="battle-history">The opposing Athena Glory went back to Imai Nobume!<br></div><div class="battle-history">Imai Nobume sent out Akari Mizunashi (<strong>Alomomola</strong>)!<br></div><div class="spacer battle-history"><br></div><div class="battle-history">Fletchinder used <strong>Will-O-Wisp</strong>!<br></div><div class="battle-history"><small>The opposing Akari Mizunashi was burned!</small><br></div><div class="spacer battle-history"><br></div><div class="battle-history"><small>The opposing Akari Mizunashi was hurt by its burn!</small><br></div><div class="spacer battle-history"><br></div><h2 class="battle-history">Turn 8</h2><div class="spacer battle-history"><br></div><div class="battle-history">Fletchinder, come back!<br></div><div class="battle-history">Go! <strong>Flygon</strong>!<br></div><div class="battle-history"><small>Pointed stones dug into Flygon!</small><br></div><div class="spacer battle-history"><br></div><div class="battle-history">The opposing Akari Mizunashi used <strong>Scald</strong>!<br></div><div class="battle-history"><small>(Flygon lost <abbr title="−48/364">13.2%</abbr> of its health!)</small><br></div><div class="battle-history"><small>Flygon was burned!</small><br></div><div class="spacer battle-history"><br></div><div class="battle-history"><small>Flygon restored a little HP using its Leftovers!</small><br></div><div class="battle-history"><small>Flygon was hurt by its burn!</small><br></div><div class="battle-history"><small>The opposing Akari Mizunashi was hurt by its burn!</small><br></div><div class="spacer battle-history"><br></div><h2 class="battle-history">Turn 9</h2><div class="spacer battle-history"><br></div><div class="battle-history">Imai Nobume withdrew Akari Mizunashi!<br></div><div class="battle-history">Imai Nobume sent out Athena Glory (<strong>Uxie</strong>)!<br></div><div class="spacer battle-history"><br></div><div class="battle-history">Flygon used <strong>Defog</strong>!<br></div><div class="battle-history"><small>The opposing Athena Glory's evasiveness fell!</small><br></div><div class="battle-history"><small>The pointed stones disappeared from around your team!</small><br></div><div class="spacer battle-history"><br></div><div class="battle-history"><small>Flygon restored a little HP using its Leftovers!</small><br></div><div class="battle-history"><small>The opposing Athena Glory restored a little HP using its Leftovers!</small><br></div><div class="battle-history"><small>Flygon was hurt by its burn!</small><br></div><div class="battle-history"><small>The opposing Athena Glory was hurt by its burn!</small><br></div><div class="spacer battle-history"><br></div><h2 class="battle-history">Turn 10</h2><div class="spacer battle-history"><br></div><div class="battle-history">Flygon used <strong>Roost</strong>!<br></div><div class="battle-history"><small>Flygon restored its HP.</small><br></div><div class="spacer battle-history"><br></div><div class="battle-history">The opposing Athena Glory used <strong>Heal Bell</strong>!<br></div><div class="battle-history"><small>A bell chimed!</small><br></div><div class="battle-history"><small>The opposing Athena Glory's burn was healed.</small><br></div><div class="battle-history"><small>The opposing Akari Mizunashi's burn was healed.</small><br></div><div class="spacer battle-history"><br></div><div class="battle-history"><small>The opposing Athena Glory restored a little HP using its Leftovers!</small><br></div><div class="battle-history"><small>Flygon was hurt by its burn!</small><br></div><div class="spacer battle-history"><br></div><h2 class="battle-history">Turn 11</h2><div class="spacer battle-history"><br></div><div class="battle-history">Flygon used <strong>U-turn</strong>!<br></div><div class="battle-history"><small>It's super effective!</small><br></div><div class="battle-history"><small>(The opposing Athena Glory lost <abbr title="−40/354">11.3%</abbr> of its health!)</small><br></div><div class="spacer battle-history"><br></div><div class="battle-history">Flygon went back to Carloo!<br></div><div class="battle-history">Go! <strong>Fletchinder</strong>!<br></div><div class="spacer battle-history"><br></div><div class="battle-history">The opposing Athena Glory used <strong>Stealth Rock</strong>!<br></div><div class="battle-history"><small>Pointed stones float in the air around your team!</small><br></div><div class="spacer battle-history"><br></div><div class="battle-history"><small>The opposing Athena Glory restored a little HP using its Leftovers!</small><br></div><div class="spacer battle-history"><br></div><h2 class="battle-history">Turn 12</h2><div class="spacer battle-history"><br></div><div class="battle-history">The opposing Athena Glory used <strong>Psychic</strong>!<br></div><div class="battle-history"><small>(Fletchinder lost <abbr title="−126/303">41.6%</abbr> of its health!)</small><br></div><div class="spacer battle-history"><br></div><div class="battle-history">Fletchinder used <strong>Will-O-Wisp</strong>!<br></div><div class="battle-history"><small>The opposing Athena Glory was burned!</small><br></div><div class="spacer battle-history"><br></div><div class="battle-history"><small>The opposing Athena Glory restored a little HP using its Leftovers!</small><br></div><div class="battle-history"><small>The opposing Athena Glory was hurt by its burn!</small><br></div><div class="spacer battle-history"><br></div><h2 class="battle-history">Turn 13</h2><div class="spacer battle-history"><br></div><div class="battle-history">Fletchinder used <strong>Roost</strong>!<br></div><div class="battle-history"><small>Fletchinder restored its HP.</small><br></div><div class="spacer battle-history"><br></div><div class="battle-history">The opposing Athena Glory used <strong>U-turn</strong>!<br></div><div class="battle-history"><small>It's not very effective...</small><br></div><div class="battle-history"><small>(Fletchinder lost <abbr title="−14/303">4.6%</abbr> of its health!)</small><br></div><div class="spacer battle-history"><br></div><div class="battle-history">The opposing Athena Glory went back to Imai Nobume!<br></div><div class="battle-history">Imai Nobume sent out Aika Granzchesta (<strong>Sneasel</strong>)!<br></div><div class="spacer battle-history"><br></div><h2 class="battle-history">Turn 14</h2><div class="spacer battle-history"><br></div><div class="battle-history">Fletchinder used <strong>Acrobatics</strong>!<br></div><div class="battle-history"><small>(The opposing Aika Granzchesta lost <abbr title="−251/251">100%</abbr> of its health!)</small><br></div><div class="spacer battle-history"><br></div><div class="battle-history">The opposing Aika Granzchesta fainted!<br></div><div class="spacer battle-history"><br></div><div class="battle-history">Imai Nobume sent out Alicia Florence (<strong>Flygon</strong>)!<br></div><div class="spacer battle-history"><br></div><h2 class="battle-history">Turn 15</h2><div class="spacer battle-history"><br></div><div class="battle-history">Fletchinder, come back!<br></div><div class="battle-history">Go! <strong>Venusaur</strong>!<br></div><div class="battle-history"><small>Pointed stones dug into Venusaur!</small><br></div><div class="spacer battle-history"><br></div><div class="battle-history">The opposing Alicia Florence used <strong>Earthquake</strong>!<br></div><div class="battle-history"><small>(Venusaur lost <abbr title="−178/363">49.0%</abbr> of its health!)</small><br></div><div class="spacer battle-history"><br></div><h2 class="battle-history">Turn 16</h2><div class="spacer battle-history"><br></div><div class="battle-history">Imai Nobume withdrew Alicia Florence!<br></div><div class="battle-history">Imai Nobume sent out Alice Carroll (<strong>Virizion</strong>)!<br></div><div class="spacer battle-history"><br></div><div class="battle-history">Venusaur, come back!<br></div><div class="battle-history">Go! <strong>Flygon</strong>!<br></div><div class="battle-history"><small>Pointed stones dug into Flygon!</small><br></div><div class="spacer battle-history"><br></div><div class="battle-history"><small>Flygon restored a little HP using its Leftovers!</small><br></div><div class="battle-history"><small>Flygon was hurt by its burn!</small><br></div><div class="spacer battle-history"><br></div><h2 class="battle-history">Turn 17</h2><div class="spacer battle-history"><br></div><div class="battle-history">Flygon, come back!<br></div><div class="battle-history">Go! <strong>Venusaur</strong>!<br></div><div class="battle-history"><small>Pointed stones dug into Venusaur!</small><br></div><div class="spacer battle-history"><br></div><div class="battle-history">The opposing Alice Carroll used <strong>Close Combat</strong>!<br></div><div class="battle-history"><small>It's not very effective...</small><br></div><div class="battle-history"><small>(Venusaur lost <abbr title="−66/363">18.2%</abbr> of its health!)</small><br></div><div class="battle-history"><small>The opposing Alice Carroll's Defense fell!</small><br></div><div class="battle-history"><small>The opposing Alice Carroll's Special Defense fell!</small><br></div><div class="spacer battle-history"><br></div><h2 class="battle-history">Turn 18</h2><div class="spacer battle-history"><br></div><div class="battle-history">The opposing Alice Carroll used <strong>Close Combat</strong>!<br></div><div class="battle-history"><small>It's not very effective...</small><br></div><div class="battle-history"><small>(Venusaur lost <abbr title="−19/363">5.2%</abbr> of its health!)</small><br></div><div class="battle-history"><small>The opposing Alice Carroll's Defense fell!</small><br></div><div class="battle-history"><small>The opposing Alice Carroll's Special Defense fell!</small><br></div><div class="spacer battle-history"><br></div><div class="battle-history">Venusaur fainted!<br></div><div class="spacer battle-history"><br></div><div class="battle-history">Go! <strong>Sneasel</strong>!<br></div><div class="battle-history"><small>Pointed stones dug into Sneasel!</small><br></div><div class="spacer battle-history"><br></div><h2 class="battle-history">Turn 19</h2><div class="spacer battle-history"><br></div><div class="battle-history"><small>(The opposing Alice Carroll is being withdrawn...)</small><br></div><div class="spacer battle-history"><br></div><div class="battle-history">Sneasel used <strong>Pursuit</strong>!<br></div><div class="battle-history"><small>It's not very effective...</small><br></div><div class="battle-history"><small>(The opposing Alice Carroll lost <abbr title="−146/323">45.2%</abbr> of its health!)</small><br></div><div class="battle-history"><small>[The opposing Alice Carroll's Justified]</small><br></div><div class="battle-history"><small>The opposing Alice Carroll's Attack rose!</small><br></div><div class="spacer battle-history"><br></div><div class="battle-history">Imai Nobume withdrew Alice Carroll!<br></div><div class="battle-history">Imai Nobume sent out Akari Mizunashi (<strong>Alomomola</strong>)!<br></div><div class="spacer battle-history"><br></div><h2 class="battle-history">Turn 20</h2><div class="spacer battle-history"><br></div><div class="battle-history">Imai Nobume withdrew Akari Mizunashi!<br></div><div class="battle-history">Imai Nobume sent out Alice Carroll (<strong>Virizion</strong>)!<br></div><div class="spacer battle-history"><br></div><div class="battle-history">Sneasel used <strong>Icicle Crash</strong>!<br></div><div class="battle-history"><small>It's super effective!</small><br></div><div class="battle-history"><small>(The opposing Alice Carroll lost <abbr title="−177/323">54.8%</abbr> of its health!)</small><br></div><div class="spacer battle-history"><br></div><div class="battle-history">The opposing Alice Carroll fainted!<br></div><div class="spacer battle-history"><br></div><div class="battle-history">Imai Nobume sent out Akira Ferrari (<strong>Escavalier</strong>)!<br></div><div class="spacer battle-history"><br></div><h2 class="battle-history">Turn 21</h2><div class="spacer battle-history"><br></div><div class="battle-history">Sneasel used <strong>Knock Off</strong>!<br></div><div class="battle-history"><small>(The opposing Akira Ferrari lost <abbr title="−142/291">48.8%</abbr> of its health!)</small><br></div><div class="battle-history"><small>Sneasel knocked off the opposing Akira Ferrari's Leftovers!</small><br></div><div class="spacer battle-history"><br></div><div class="battle-history">The opposing Akira Ferrari used <strong>Megahorn</strong>!<br></div><div class="battle-history"><small>It's super effective!</small><br></div><div class="battle-history"><small>(Sneasel lost <abbr title="−137/251">54.6%</abbr> of its health!)</small><br></div><div class="spacer battle-history"><br></div><div class="battle-history">Sneasel fainted!<br></div><div class="spacer battle-history"><br></div><div class="battle-history">Go! <strong>Flygon</strong>!<br></div><div class="battle-history"><small>Pointed stones dug into Flygon!</small><br></div><div class="spacer battle-history"><br></div><h2 class="battle-history">Turn 22</h2><div class="spacer battle-history"><br></div><div class="battle-history">Imai Nobume withdrew Akira Ferrari!<br></div><div class="battle-history">Imai Nobume sent out Alicia Florence (<strong>Flygon</strong>)!<br></div><div class="spacer battle-history"><br></div><div class="battle-history">Flygon used <strong>Defog</strong>!<br></div><div class="battle-history"><small>The opposing Alicia Florence's evasiveness fell!</small><br></div><div class="battle-history"><small>The pointed stones disappeared from around your team!</small><br></div><div class="spacer battle-history"><br></div><div class="battle-history"><small>Flygon restored a little HP using its Leftovers!</small><br></div><div class="battle-history"><small>Flygon was hurt by its burn!</small><br></div><div class="spacer battle-history"><br></div><h2 class="battle-history">Turn 23</h2><div class="spacer battle-history"><br></div><div class="battle-history">The opposing Alicia Florence used <strong>U-turn</strong>!<br></div><div class="battle-history"><small>(Flygon lost <abbr title="−125/364">34.3%</abbr> of its health!)</small><br></div><div class="spacer battle-history"><br></div><div class="battle-history">The opposing Alicia Florence went back to Imai Nobume!<br></div><div class="battle-history">Imai Nobume sent out Athena Glory (<strong>Uxie</strong>)!<br></div><div class="spacer battle-history"><br></div><div class="battle-history">Flygon used <strong>U-turn</strong>!<br></div><div class="battle-history"><small>It's super effective!</small><br></div><div class="battle-history"><small>(The opposing Athena Glory lost <abbr title="−41/354">11.6%</abbr> of its health!)</small><br></div><div class="spacer battle-history"><br></div><div class="battle-history">Flygon went back to Carloo!<br></div><div class="battle-history">Go! <strong>Fletchinder</strong>!<br></div><div class="spacer battle-history"><br></div><div class="battle-history"><small>The opposing Athena Glory restored a little HP using its Leftovers!</small><br></div><div class="battle-history"><small>The opposing Athena Glory was hurt by its burn!</small><br></div><div class="spacer battle-history"><br></div><h2 class="battle-history">Turn 24</h2><div class="spacer battle-history"><br></div><div class="battle-history">The opposing Athena Glory used <strong>Stealth Rock</strong>!<br></div><div class="battle-history"><small>Pointed stones float in the air around your team!</small><br></div><div class="spacer battle-history"><br></div><div class="battle-history">Fletchinder used <strong>Swords Dance</strong>!<br></div><div class="battle-history"><small>Fletchinder's Attack rose sharply!</small><br></div><div class="spacer battle-history"><br></div><div class="battle-history"><small>The opposing Athena Glory restored a little HP using its Leftovers!</small><br></div><div class="battle-history"><small>The opposing Athena Glory was hurt by its burn!</small><br></div><div class="spacer battle-history"><br></div><h2 class="battle-history">Turn 25</h2><div class="spacer battle-history"><br></div><div class="battle-history">Fletchinder used <strong>Acrobatics</strong>!<br></div><div class="battle-history"><small>(The opposing Athena Glory lost <abbr title="−185/354">52.3%</abbr> of its health!)</small><br></div><div class="spacer battle-history"><br></div><div class="battle-history">The opposing Athena Glory fainted!<br></div><div class="spacer battle-history"><br></div><div class="battle-history">Imai Nobume sent out Akari Mizunashi (<strong>Alomomola</strong>)!<br></div><div class="spacer battle-history"><br></div><h2 class="battle-history">Turn 26</h2><div class="spacer battle-history"><br></div><div class="battle-history">Fletchinder used <strong>Acrobatics</strong>!<br></div><div class="battle-history"><small>(The opposing Akari Mizunashi lost <abbr title="−280/497">56.3%</abbr> of its health!)</small><br></div><div class="spacer battle-history"><br></div><div class="battle-history">The opposing Akari Mizunashi used <strong>Scald</strong>!<br></div><div class="battle-history"><small>It's super effective!</small><br></div><div class="battle-history"><small>(Fletchinder lost <abbr title="−144/303">47.5%</abbr> of its health!)</small><br></div><div class="spacer battle-history"><br></div><h2 class="battle-history">Turn 27</h2><div class="spacer battle-history"><br></div><div class="battle-history">Imai Nobume withdrew Akari Mizunashi!<br></div><div class="battle-history">Imai Nobume sent out Akira Ferrari (<strong>Escavalier</strong>)!<br></div><div class="spacer battle-history"><br></div><div class="battle-history">Fletchinder used <strong>Acrobatics</strong>!<br></div><div class="battle-history"><small>(The opposing Akira Ferrari lost <abbr title="−113/291">38.8%</abbr> of its health!)</small><br></div><div class="spacer battle-history"><br></div><div class="battle-history">The opposing Akira Ferrari fainted!<br></div><div class="spacer battle-history"><br></div><div class="battle-history">Imai Nobume sent out Akari Mizunashi (<strong>Alomomola</strong>)!<br></div><div class="spacer battle-history"><br></div><h2 class="battle-history">Turn 28</h2><div class="spacer battle-history"><br></div><div class="battle-history">Fletchinder used <strong>Roost</strong>!<br></div><div class="battle-history"><small>Fletchinder restored its HP.</small><br></div><div class="spacer battle-history"><br></div><div class="battle-history">The opposing Akari Mizunashi used <strong>Scald</strong>!<br></div><div class="battle-history"><small>It's super effective!</small><br></div><div class="battle-history"><small>(Fletchinder lost <abbr title="−132/303">43.6%</abbr> of its health!)</small><br></div><div class="spacer battle-history"><br></div><h2 class="battle-history">Turn 29</h2><div class="spacer battle-history"><br></div><div class="battle-history">Fletchinder used <strong>Acrobatics</strong>!<br></div><div class="battle-history"><small>(The opposing Akari Mizunashi lost <abbr title="−268/497">53.9%</abbr> of its health!)</small><br></div><div class="spacer battle-history"><br></div><div class="battle-history">The opposing Akari Mizunashi used <strong>Scald</strong>!<br></div><div class="battle-history"><small>It's super effective!</small><br></div><div class="battle-history"><small>(Fletchinder lost <abbr title="−144/303">47.5%</abbr> of its health!)</small><br></div><div class="spacer battle-history"><br></div><h2 class="battle-history">Turn 30</h2><div class="chat chatmessage-imainobume"><strong style="color:hsl(263,43%,58.03861511746898%)"><small>★</small><span class="username" data-name="Imai Nobume">Imai Nobume</span>:</strong> <em>gg</em></div><div class="spacer battle-history"><br></div><div class="battle-history"><small>Imai Nobume forfeited.</small><br></div><div class="spacer battle-history"><br></div><div class="battle-history"><strong>Carloo</strong> won the battle!<br></div><div class="chat chatmessage-carloo"><strong style="color:hsl(281,49%,54.02316540208655%)"><small>★</small><span class="username" data-name="Carloo">Carloo</span>:</strong> <em>gg</em></div></div><div class="inner-preempt"></div></div></div>
</div>
<script>
let daily = Math.floor(Date.now()/1000/60/60/24);document.write('<script src="https://play.pokemonshowdown.com/js/replay-embed.js?version'+daily+'"></'+'script>');
</script>
