<!DOCTYPE html>
<meta charset="utf-8" />
<!-- version 1 -->
<title>RU replay: ArchedZero vs. Jorge1243</title>
<style>
html,body {font-family:Verdana, sans-serif;font-size:10pt;margin:0;padding:0;}body{padding:12px 0;} .battle-log {font-family:Verdana, sans-serif;font-size:10pt;} .battle-log-inline {border:1px solid #AAAAAA;background:#EEF2F5;color:black;max-width:640px;margin:0 auto 80px;padding-bottom:5px;} .battle-log .inner {padding:4px 8px 0px 8px;} .battle-log .inner-preempt {padding:0 8px 4px 8px;} .battle-log .inner-after {margin-top:0.5em;} .battle-log h2 {margin:0.5em -8px;padding:4px 8px;border:1px solid #AAAAAA;background:#E0E7EA;border-left:0;border-right:0;font-family:Verdana, sans-serif;font-size:13pt;} .battle-log .chat {vertical-align:middle;padding:3px 0 3px 0;font-size:8pt;} .battle-log .chat strong {color:#40576A;} .battle-log .chat em {padding:1px 4px 1px 3px;color:#000000;font-style:normal;} .chat.mine {background:rgba(0,0,0,0.05);margin-left:-8px;margin-right:-8px;padding-left:8px;padding-right:8px;} .spoiler {color:#BBBBBB;background:#BBBBBB;padding:0px 3px;} .spoiler:hover, .spoiler:active, .spoiler-shown {color:#000000;background:#E2E2E2;padding:0px 3px;} .spoiler a {color:#BBBBBB;} .spoiler:hover a, .spoiler:active a, .spoiler-shown a {color:#2288CC;} .chat code, .chat .spoiler:hover code, .chat .spoiler:active code, .chat .spoiler-shown code {border:1px solid #C0C0C0;background:#EEEEEE;color:black;padding:0 2px;} .chat .spoiler code {border:1px solid #CCCCCC;background:#CCCCCC;color:#CCCCCC;} .battle-log .rated {padding:3px 4px;} .battle-log .rated strong {color:white;background:#89A;padding:1px 4px;border-radius:4px;} .spacer {margin-top:0.5em;} .message-announce {background:#6688AA;color:white;padding:1px 4px 2px;} .message-announce a, .broadcast-green a, .broadcast-blue a, .broadcast-red a {color:#DDEEFF;} .broadcast-green {background-color:#559955;color:white;padding:2px 4px;} .broadcast-blue {background-color:#6688AA;color:white;padding:2px 4px;} .infobox {border:1px solid #6688AA;padding:2px 4px;} .infobox-limited {max-height:200px;overflow:auto;overflow-x:hidden;} .broadcast-red {background-color:#AA5544;color:white;padding:2px 4px;} .message-learn-canlearn {font-weight:bold;color:#228822;text-decoration:underline;} .message-learn-cannotlearn {font-weight:bold;color:#CC2222;text-decoration:underline;} .message-effect-weak {font-weight:bold;color:#CC2222;} .message-effect-resist {font-weight:bold;color:#6688AA;} .message-effect-immune {font-weight:bold;color:#666666;} .message-learn-list {margin-top:0;margin-bottom:0;} .message-throttle-notice, .message-error {color:#992222;} .message-overflow, .chat small.message-overflow {font-size:0pt;} .message-overflow::before {font-size:9pt;content:'...';} .subtle {color:#3A4A66;}
</style>
<div class="wrapper replay-wrapper" style="max-width:1180px;margin:0 auto">
<input type="hidden" name="replayid" value="ru-486184925" />
<div class="battle"></div><div class="battle-log"></div><div class="replay-controls"></div><div class="replay-controls-2"></div>
<h1 style="font-weight:normal;text-align:center"><strong>RU</strong><br /><a href="http://pokemonshowdown.com/users/archedzero" class="subtle" target="_blank">ArchedZero</a> vs. <a href="http://pokemonshowdown.com/users/jorge1243" class="subtle" target="_blank">Jorge1243</a></h1>
<script type="text/plain" class="battle-log-data">|j|ArchedZero
|j|Jorge1243
|player|p1|ArchedZero|126
|player|p2|Jorge1243|101
|gametype|singles
|gen|6
|tier|RU
|rated
|seed|14622,33818,14674,31273
|rule|Sleep Clause Mod: Limit one foe put to sleep
|rule|Species Clause: Limit one of each Pokémon
|rule|OHKO Clause: OHKO moves are banned
|rule|Moody Clause: Moody is banned
|rule|Evasion Moves Clause: Evasion moves are banned
|rule|Endless Battle Clause: Forcing endless battles is banned
|rule|HP Percentage Mod: HP is shown in percentages
|clearpoke
|poke|p1|Emboar, M, shiny|item
|poke|p1|Cofagrigus, M, shiny|item
|poke|p1|Jolteon, F, shiny|item
|poke|p1|Braviary, M, shiny|item
|poke|p1|Rhyperior, M, shiny|item
|poke|p1|Hitmontop, M|item
|poke|p2|Blastoise, M|item
|poke|p2|Cofagrigus, M|item
|poke|p2|Delphox, F|item
|poke|p2|Bronzong, shiny|item
|poke|p2|Rotom-Mow|item
|poke|p2|Glalie, M, shiny|item
|rule|Swagger Clause: Swagger is banned
|rule|Baton Pass Clause: Limit one Baton Passer, can't pass Spe and other stats simultaneously
|teampreview
|choice|team 2, team 1, team 3, team 4, team 5, team 6|team 4, team 2, team 3, team 1, team 5, team 6
|
|start
|switch|p1a: Doom|Cofagrigus, M, shiny|320\/320
|switch|p2a: Big Ben|Bronzong, shiny|338\/338
|turn|1
|choice|move willowisp|move stealthrock
|
|move|p1a: Doom|Will-O-Wisp|p2a: Big Ben
|-status|p2a: Big Ben|brn
|move|p2a: Big Ben|Stealth Rock|p1a: Doom
|-sidestart|p1: ArchedZero|move: Stealth Rock
|
|-damage|p2a: Big Ben|296\/338 brn|[from] brn
|turn|2
|choice|move toxicspikes|switch 3
|
|switch|p2a: Akko|Delphox, F|291\/291
|move|p1a: Doom|Toxic Spikes|p2a: Akko
|-sidestart|p2: Jorge1243|move: Toxic Spikes
|
|turn|3
|choice|switch 4|move calmmind
|
|switch|p1a: Airforce|Braviary, M, shiny|341\/341
|-damage|p1a: Airforce|256\/341|[from] Stealth Rock
|move|p2a: Akko|Calm Mind|p2a: Akko
|-boost|p2a: Akko|spa|1
|-boost|p2a: Akko|spd|1
|
|turn|4
|choice|move rockslide|move psychic
|
|move|p2a: Akko|Psychic|p1a: Airforce
|-damage|p1a: Airforce|0 fnt
|-damage|p2a: Akko|262\/291|[from] item: Life Orb
|faint|p1a: Airforce
|
|choice|switch 3|
|
|switch|p1a: Jolt|Jolteon, F, shiny|271\/271
|-damage|p1a: Jolt|238\/271|[from] Stealth Rock
|turn|5
|choice|move shadowball|move mysticalfire
|
|move|p1a: Jolt|Shadow Ball|p2a: Akko
|-supereffective|p2a: Akko
|-damage|p2a: Akko|88\/291
|move|p2a: Akko|Mystical Fire|p1a: Jolt
|-damage|p1a: Jolt|0 fnt
|-damage|p2a: Akko|59\/291|[from] item: Life Orb
|faint|p1a: Jolt
|
|choice|switch 6|
|
|switch|p1a: Dancing Queen|Hitmontop, M|304\/304
|-damage|p1a: Dancing Queen|285\/304|[from] Stealth Rock
|-ability|p1a: Dancing Queen|Intimidate|boost
|-unboost|p2a: Akko|atk|1
|turn|6
|choice|move fakeout|move psychic
|
|move|p1a: Dancing Queen|Fake Out|p2a: Akko
|-damage|p2a: Akko|17\/291
|cant|p2a: Akko|flinch
|
|turn|7
|choice|move rapidspin|move psychic
|
|move|p2a: Akko|Psychic|p1a: Dancing Queen
|-supereffective|p1a: Dancing Queen
|-damage|p1a: Dancing Queen|0 fnt
|-damage|p2a: Akko|0 fnt|[from] item: Life Orb
|faint|p1a: Dancing Queen
|faint|p2a: Akko
|
|choice|switch 2|switch 4
|
|switch|p1a: Piglet|Emboar, M, shiny|361\/361
|switch|p2a: Blastcoise|Blastoise, M|362\/362
|-damage|p1a: Piglet|316\/361|[from] Stealth Rock
|-status|p2a: Blastcoise|psn
|turn|8
|choice|move wildcharge|move raindance
|
|move|p1a: Piglet|Wild Charge|p2a: Blastcoise
|-supereffective|p2a: Blastcoise
|-damage|p2a: Blastcoise|112\/362 psn
|-damage|p1a: Piglet|253\/361|[from] recoil|[of] p2a: Blastcoise
|move|p2a: Blastcoise|Rain Dance|p2a: Blastcoise
|-weather|RainDance
|
|-weather|RainDance|[upkeep]
|-heal|p2a: Blastcoise|134\/362 psn|[from] ability: Rain Dish
|-heal|p2a: Blastcoise|156\/362 psn|[from] item: Leftovers
|-damage|p2a: Blastcoise|111\/362 psn|[from] psn
|turn|9
|choice|move wildcharge|move surf
|
|move|p1a: Piglet|Wild Charge|p2a: Blastcoise
|-supereffective|p2a: Blastcoise
|-damage|p2a: Blastcoise|0 fnt
|-damage|p1a: Piglet|225\/361|[from] recoil|[of] p2a: Blastcoise
|faint|p2a: Blastcoise
|
|-weather|RainDance|[upkeep]
|choice||switch 5
|
|switch|p2a: Forest|Rotom-Mow|241\/241
|turn|10
|choice|switch 4|move thunderbolt
|
|switch|p1a: Doom|Cofagrigus, M, shiny|320\/320
|-damage|p1a: Doom|280\/320|[from] Stealth Rock
|move|p2a: Forest|Thunderbolt|p1a: Doom
|-damage|p1a: Doom|190\/320
|
|-weather|RainDance|[upkeep]
|-heal|p1a: Doom|210\/320|[from] item: Leftovers
|turn|11
|choice|move toxicspikes|switch 3
|
|switch|p2a: Big Ben|Bronzong, shiny|296\/338 brn
|move|p1a: Doom|Toxic Spikes|p2a: Big Ben
|-sidestart|p2: Jorge1243|move: Toxic Spikes
|
|-weather|RainDance|[upkeep]
|-heal|p1a: Doom|230\/320|[from] item: Leftovers
|-damage|p2a: Big Ben|254\/338 brn|[from] brn
|turn|12
|choice|move hex|move zenheadbutt
|
|move|p1a: Doom|Hex|p2a: Big Ben
|-supereffective|p2a: Big Ben
|-crit|p2a: Big Ben
|-damage|p2a: Big Ben|0 fnt
|faint|p2a: Big Ben
|
|-weather|none
|-heal|p1a: Doom|250\/320|[from] item: Leftovers
|choice||switch 6
|
|switch|p2a: John|Glalie, M, shiny|301\/301
|-status|p2a: John|tox
|turn|13
|c|★ArchedZero|trick room?
|choice|move hex|move return mega
|
|detailschange|p2a: John|Glalie-Mega, M, shiny
|-mega|p2a: John|Glalie|Glalitite
|move|p2a: John|Return|p1a: Doom
|-damage|p1a: Doom|102\/320
|-activate|p1a: Doom|ability: Mummy|Refrigerate|[of] p2a: John
|move|p1a: Doom|Hex|p2a: John
|-damage|p2a: John|121\/301 tox
|
|-heal|p1a: Doom|122\/320|[from] item: Leftovers
|-damage|p2a: John|103\/301 tox|[from] psn
|turn|14
|choice|move hex|move return
|
|move|p2a: John|Return|p1a: Doom
|-immune|p1a: Doom|[msg]
|move|p1a: Doom|Hex|p2a: John
|-damage|p2a: John|0 fnt
|faint|p2a: John
|
|-heal|p1a: Doom|142\/320|[from] item: Leftovers
|choice||switch 2
|
|switch|p2a: Tutankamon|Cofagrigus, M|319\/319
|-status|p2a: Tutankamon|tox
|turn|15
|choice|move painsplit|move shadowball
|
|move|p1a: Doom|Pain Split|p2a: Tutankamon
|-sethp|p2a: Tutankamon|230\/319 tox|p1a: Doom|230\/320|[from] move: Pain Split
|move|p2a: Tutankamon|Shadow Ball|p1a: Doom
|-supereffective|p1a: Doom
|-damage|p1a: Doom|104\/320
|
|-heal|p1a: Doom|124\/320|[from] item: Leftovers
|-heal|p2a: Tutankamon|249\/319 tox|[from] item: Leftovers
|-damage|p2a: Tutankamon|230\/319 tox|[from] psn
|turn|16
|choice|move hex|move toxic
|
|move|p1a: Doom|Hex|p2a: Tutankamon
|-supereffective|p2a: Tutankamon
|-damage|p2a: Tutankamon|6\/319 tox
|move|p2a: Tutankamon|Toxic|p1a: Doom
|-status|p1a: Doom|tox
|
|-heal|p2a: Tutankamon|25\/319 tox|[from] item: Leftovers
|-heal|p1a: Doom|144\/320 tox|[from] item: Leftovers
|-damage|p2a: Tutankamon|0 fnt|[from] psn
|-damage|p1a: Doom|124\/320 tox|[from] psn
|faint|p2a: Tutankamon
|choice||switch 3
|
|switch|p2a: Forest|Rotom-Mow|241\/241
|turn|17
|choice|move willowisp|move leafstorm
|
|move|p2a: Forest|Leaf Storm|p1a: Doom
|-damage|p1a: Doom|0 fnt
|-unboost|p2a: Forest|spa|2
|faint|p1a: Doom
|
|choice|switch 4|
|
|switch|p1a: Piglet|Emboar, M, shiny|225\/361
|-damage|p1a: Piglet|180\/361|[from] Stealth Rock
|turn|18
|choice|move flareblitz|move leafstorm
|
|move|p2a: Forest|Leaf Storm|p1a: Piglet
|-resisted|p1a: Piglet
|-damage|p1a: Piglet|114\/361
|-unboost|p2a: Forest|spa|2
|move|p1a: Piglet|Flare Blitz|p2a: Forest
|-supereffective|p2a: Forest
|-damage|p2a: Forest|0 fnt
|-damage|p1a: Piglet|34\/361|[from] recoil|[of] p2a: Forest
|faint|p2a: Forest
|
|win|ArchedZero
|player|p1
|player|p2
|c|★ArchedZero|gg
|c|★Jorge1243|gg
|l|Jorge1243
||Ladder (probably) updated, but score could not be retrieved (Response not received).</script>
</div>
<div class="battle-log battle-log-inline"><div class="inner"><div class="battle-options"></div><div class="inner"><div class="chat"><small>ArchedZero joined.</small></div><div class="chat"><small>Jorge1243 joined.</small></div><div class=""><small>Format:</small> <br><strong>RU</strong></div><div class="rated"><strong>Rated battle</strong></div><div class=""><small><em>Sleep Clause Mod:</em> Limit one foe put to sleep</small></div><div class=""><small><em>Species Clause:</em> Limit one of each Pokémon</small></div><div class=""><small><em>OHKO Clause:</em> OHKO moves are banned</small></div><div class=""><small><em>Moody Clause:</em> Moody is banned</small></div><div class=""><small><em>Evasion Moves Clause:</em> Evasion moves are banned</small></div><div class=""><small><em>Endless Battle Clause:</em> Forcing endless battles is banned</small></div><div class=""><small><em>HP Percentage Mod:</em> HP is shown in percentages</small></div><div class=""><small><em>Swagger Clause:</em> Swagger is banned</small></div><div class=""><small><em>Baton Pass Clause:</em> Limit one Baton Passer, can't pass Spe and other stats simultaneously</small></div><div class="chat battle-history"><strong>ArchedZero's team:</strong> <em style="color:#445566;display:block;">Emboar / Cofagrigus / Jolteon / Braviary / Rhyperior / Hitmontop</em></div><div class="chat battle-history"><strong>Jorge1243's team:</strong> <em style="color:#445566;display:block;">Blastoise / Cofagrigus / Delphox / Bronzong / Rotom-Mow / Glalie</em></div><div class="spacer battle-history"><br></div><div class="battle-history">Battle started between ArchedZero and Jorge1243!<br></div><div class="spacer battle-history"><br></div><div class="battle-history">Go! Doom (<strong>Cofagrigus</strong>)!<br></div><div class="spacer battle-history"><br></div><div class="battle-history">Jorge1243 sent out Big Ben (<strong>Bronzong</strong>)!<br></div><div class="spacer battle-history"><br></div><h2 class="battle-history">Turn 1</h2><div class="spacer battle-history"><br></div><div class="battle-history">Doom used <strong>Will-O-Wisp</strong>!<br></div><div class="battle-history"><small>The opposing Big Ben was burned!</small><br></div><div class="spacer battle-history"><br></div><div class="battle-history">The opposing Big Ben used <strong>Stealth Rock</strong>!<br></div><div class="battle-history"><small>Pointed stones float in the air around your team!</small><br></div><div class="spacer battle-history"><br></div><div class="battle-history"><small>The opposing Big Ben was hurt by its burn!</small><br></div><div class="spacer battle-history"><br></div><h2 class="battle-history">Turn 2</h2><div class="spacer battle-history"><br></div><div class="battle-history">Jorge1243 withdrew Big Ben!<br></div><div class="battle-history">Jorge1243 sent out Akko (<strong>Delphox</strong>)!<br></div><div class="spacer battle-history"><br></div><div class="battle-history">Doom used <strong>Toxic Spikes</strong>!<br></div><div class="battle-history"><small>Poison spikes were scattered on the ground all around the opposing team!</small><br></div><div class="spacer battle-history"><br></div><h2 class="battle-history">Turn 3</h2><div class="spacer battle-history"><br></div><div class="battle-history">Doom, come back!<br></div><div class="battle-history">Go! Airforce (<strong>Braviary</strong>)!<br></div><div class="battle-history"><small>Pointed stones dug into Airforce!</small><br></div><div class="spacer battle-history"><br></div><div class="battle-history">The opposing Akko used <strong>Calm Mind</strong>!<br></div><div class="battle-history"><small>The opposing Akko's Special Attack rose!</small><br></div><div class="battle-history"><small>The opposing Akko's Special Defense rose!</small><br></div><div class="spacer battle-history"><br></div><h2 class="battle-history">Turn 4</h2><div class="spacer battle-history"><br></div><div class="battle-history">The opposing Akko used <strong>Psychic</strong>!<br></div><div class="battle-history"><small>(Airforce lost <abbr title="−256/341">75.1%</abbr> of its health!)</small><br></div><div class="battle-history"><small>The opposing Akko lost some of its HP!</small><br></div><div class="spacer battle-history"><br></div><div class="battle-history">Airforce fainted!<br></div><div class="spacer battle-history"><br></div><div class="battle-history">Go! Jolt (<strong>Jolteon</strong>)!<br></div><div class="battle-history"><small>Pointed stones dug into Jolt!</small><br></div><div class="spacer battle-history"><br></div><h2 class="battle-history">Turn 5</h2><div class="spacer battle-history"><br></div><div class="battle-history">Jolt used <strong>Shadow Ball</strong>!<br></div><div class="battle-history"><small>It's super effective!</small><br></div><div class="battle-history"><small>(The opposing Akko lost <abbr title="−174/291">59.8%</abbr> of its health!)</small><br></div><div class="spacer battle-history"><br></div><div class="battle-history">The opposing Akko used <strong>Mystical Fire</strong>!<br></div><div class="battle-history"><small>(Jolt lost <abbr title="−238/271">87.8%</abbr> of its health!)</small><br></div><div class="battle-history"><small>The opposing Akko lost some of its HP!</small><br></div><div class="spacer battle-history"><br></div><div class="battle-history">Jolt fainted!<br></div><div class="spacer battle-history"><br></div><div class="battle-history">Go! Dancing Queen (<strong>Hitmontop</strong>)!<br></div><div class="battle-history"><small>Pointed stones dug into Dancing Queen!</small><br></div><div class="battle-history"><small>[Dancing Queen's Intimidate]</small><br></div><div class="battle-history"><small>The opposing Akko's Attack fell!</small><br></div><div class="spacer battle-history"><br></div><h2 class="battle-history">Turn 6</h2><div class="spacer battle-history"><br></div><div class="battle-history">Dancing Queen used <strong>Fake Out</strong>!<br></div><div class="battle-history"><small>(The opposing Akko lost <abbr title="−42/291">14.4%</abbr> of its health!)</small><br></div><div class="spacer battle-history"><br></div><div class="battle-history">The opposing Akko flinched and couldn't move!<br></div><div class="spacer battle-history"><br></div><h2 class="battle-history">Turn 7</h2><div class="spacer battle-history"><br></div><div class="battle-history">The opposing Akko used <strong>Psychic</strong>!<br></div><div class="battle-history"><small>It's super effective!</small><br></div><div class="battle-history"><small>(Dancing Queen lost <abbr title="−285/304">93.8%</abbr> of its health!)</small><br></div><div class="battle-history"><small>The opposing Akko lost some of its HP!</small><br></div><div class="spacer battle-history"><br></div><div class="battle-history">Dancing Queen fainted!<br></div><div class="battle-history">The opposing Akko fainted!<br></div><div class="spacer battle-history"><br></div><div class="battle-history">Go! Piglet (<strong>Emboar</strong>)!<br></div><div class="spacer battle-history"><br></div><div class="battle-history">Jorge1243 sent out Blastcoise (<strong>Blastoise</strong>)!<br></div><div class="battle-history"><small>Pointed stones dug into Piglet!</small><br></div><div class="battle-history"><small>The opposing Blastcoise was poisoned!</small><br></div><div class="spacer battle-history"><br></div><h2 class="battle-history">Turn 8</h2><div class="spacer battle-history"><br></div><div class="battle-history">Piglet used <strong>Wild Charge</strong>!<br></div><div class="battle-history"><small>It's super effective!</small><br></div><div class="battle-history"><small>(The opposing Blastcoise lost <abbr title="−250/362">69.1%</abbr> of its health!)</small><br></div><div class="battle-history"><small>Piglet is damaged by the recoil!</small><br></div><div class="spacer battle-history"><br></div><div class="battle-history">The opposing Blastcoise used <strong>Rain Dance</strong>!<br></div><div class="battle-history"><small>It started to rain!</small><br></div><div class="spacer battle-history"><br></div><div class="battle-history"><small>(Rain continues to fall!)</small><br></div><div class="battle-history"><small>[The opposing Blastcoise's Rain Dish]</small><br><small>The opposing Blastcoise restored its HP.</small><br></div><div class="battle-history"><small>The opposing Blastcoise restored a little HP using its Leftovers!</small><br></div><div class="battle-history"><small>The opposing Blastcoise was hurt by poison!</small><br></div><div class="spacer battle-history"><br></div><h2 class="battle-history">Turn 9</h2><div class="spacer battle-history"><br></div><div class="battle-history">Piglet used <strong>Wild Charge</strong>!<br></div><div class="battle-history"><small>It's super effective!</small><br></div><div class="battle-history"><small>(The opposing Blastcoise lost <abbr title="−111/362">30.7%</abbr> of its health!)</small><br></div><div class="battle-history"><small>Piglet is damaged by the recoil!</small><br></div><div class="spacer battle-history"><br></div><div class="battle-history">The opposing Blastcoise fainted!<br></div><div class="spacer battle-history"><br></div><div class="battle-history"><small>(Rain continues to fall!)</small><br></div><div class="spacer battle-history"><br></div><div class="battle-history">Jorge1243 sent out Forest (<strong>Rotom-Mow</strong>)!<br></div><div class="spacer battle-history"><br></div><h2 class="battle-history">Turn 10</h2><div class="spacer battle-history"><br></div><div class="battle-history">Piglet, come back!<br></div><div class="battle-history">Go! Doom (<strong>Cofagrigus</strong>)!<br></div><div class="battle-history"><small>Pointed stones dug into Doom!</small><br></div><div class="spacer battle-history"><br></div><div class="battle-history">The opposing Forest used <strong>Thunderbolt</strong>!<br></div><div class="battle-history"><small>(Doom lost <abbr title="−90/320">28.1%</abbr> of its health!)</small><br></div><div class="spacer battle-history"><br></div><div class="battle-history"><small>(Rain continues to fall!)</small><br></div><div class="battle-history"><small>Doom restored a little HP using its Leftovers!</small><br></div><div class="spacer battle-history"><br></div><h2 class="battle-history">Turn 11</h2><div class="spacer battle-history"><br></div><div class="battle-history">Jorge1243 withdrew Forest!<br></div><div class="battle-history">Jorge1243 sent out Big Ben (<strong>Bronzong</strong>)!<br></div><div class="spacer battle-history"><br></div><div class="battle-history">Doom used <strong>Toxic Spikes</strong>!<br></div><div class="battle-history"><small>Poison spikes were scattered on the ground all around the opposing team!</small><br></div><div class="spacer battle-history"><br></div><div class="battle-history"><small>(Rain continues to fall!)</small><br></div><div class="battle-history"><small>Doom restored a little HP using its Leftovers!</small><br></div><div class="battle-history"><small>The opposing Big Ben was hurt by its burn!</small><br></div><div class="spacer battle-history"><br></div><h2 class="battle-history">Turn 12</h2><div class="spacer battle-history"><br></div><div class="battle-history">Doom used <strong>Hex</strong>!<br></div><div class="battle-history"><small>It's super effective!</small><br></div><div class="battle-history"><small>A critical hit!</small><br></div><div class="battle-history"><small>(The opposing Big Ben lost <abbr title="−254/338">75.1%</abbr> of its health!)</small><br></div><div class="spacer battle-history"><br></div><div class="battle-history">The opposing Big Ben fainted!<br></div><div class="spacer battle-history"><br></div><div class="battle-history"><small>The rain stopped.</small><br></div><div class="battle-history"><small>Doom restored a little HP using its Leftovers!</small><br></div><div class="spacer battle-history"><br></div><div class="battle-history">Jorge1243 sent out John (<strong>Glalie</strong>)!<br></div><div class="battle-history"><small>The opposing John was badly poisoned!</small><br></div><div class="spacer battle-history"><br></div><h2 class="battle-history">Turn 13</h2><div class="chat chatmessage-archedzero"><strong style="color:hsl(156,71%,33%)"><small>★</small><span class="username" data-name="ArchedZero">ArchedZero</span>:</strong> <em>trick room?</em></div><div class="spacer battle-history"><br></div><div class="battle-history"><small>The opposing John's Glalitite is reacting to Jorge1243's Mega Bracelet!</small><br>The opposing John has Mega Evolved into Mega Glalie!<br></div><div class="spacer battle-history"><br></div><div class="battle-history">The opposing John used <strong>Return</strong>!<br></div><div class="battle-history"><small>(Doom lost <abbr title="−148/320">46.3%</abbr> of its health!)</small><br></div><div class="battle-history"><small>[Doom's Mummy]</small><br><small>[The opposing John's Refrigerate]</small><br><small>[The opposing John's Mummy]</small><br><small>The opposing John's Ability became Mummy!</small><br></div><div class="spacer battle-history"><br></div><div class="battle-history">Doom used <strong>Hex</strong>!<br></div><div class="battle-history"><small>(The opposing John lost <abbr title="−180/301">59.8%</abbr> of its health!)</small><br></div><div class="spacer battle-history"><br></div><div class="battle-history"><small>Doom restored a little HP using its Leftovers!</small><br></div><div class="battle-history"><small>The opposing John was hurt by poison!</small><br></div><div class="spacer battle-history"><br></div><h2 class="battle-history">Turn 14</h2><div class="spacer battle-history"><br></div><div class="battle-history">The opposing John used <strong>Return</strong>!<br></div><div class="battle-history"><small>It doesn't affect Doom...</small><br></div><div class="spacer battle-history"><br></div><div class="battle-history">Doom used <strong>Hex</strong>!<br></div><div class="battle-history"><small>(The opposing John lost <abbr title="−103/301">34.2%</abbr> of its health!)</small><br></div><div class="spacer battle-history"><br></div><div class="battle-history">The opposing John fainted!<br></div><div class="spacer battle-history"><br></div><div class="battle-history"><small>Doom restored a little HP using its Leftovers!</small><br></div><div class="spacer battle-history"><br></div><div class="battle-history">Jorge1243 sent out Tutankamon (<strong>Cofagrigus</strong>)!<br></div><div class="battle-history"><small>The opposing Tutankamon was badly poisoned!</small><br></div><div class="spacer battle-history"><br></div><h2 class="battle-history">Turn 15</h2><div class="spacer battle-history"><br></div><div class="battle-history">Doom used <strong>Pain Split</strong>!<br></div><div class="battle-history"><small>The battlers shared their pain!</small><br></div><div class="spacer battle-history"><br></div><div class="battle-history">The opposing Tutankamon used <strong>Shadow Ball</strong>!<br></div><div class="battle-history"><small>It's super effective!</small><br></div><div class="battle-history"><small>(Doom lost <abbr title="−126/320">39.4%</abbr> of its health!)</small><br></div><div class="spacer battle-history"><br></div><div class="battle-history"><small>Doom restored a little HP using its Leftovers!</small><br></div><div class="battle-history"><small>The opposing Tutankamon restored a little HP using its Leftovers!</small><br></div><div class="battle-history"><small>The opposing Tutankamon was hurt by poison!</small><br></div><div class="spacer battle-history"><br></div><h2 class="battle-history">Turn 16</h2><div class="spacer battle-history"><br></div><div class="battle-history">Doom used <strong>Hex</strong>!<br></div><div class="battle-history"><small>It's super effective!</small><br></div><div class="battle-history"><small>(The opposing Tutankamon lost <abbr title="−224/319">70.2%</abbr> of its health!)</small><br></div><div class="spacer battle-history"><br></div><div class="battle-history">The opposing Tutankamon used <strong>Toxic</strong>!<br></div><div class="battle-history"><small>Doom was badly poisoned!</small><br></div><div class="spacer battle-history"><br></div><div class="battle-history"><small>The opposing Tutankamon restored a little HP using its Leftovers!</small><br></div><div class="battle-history"><small>Doom restored a little HP using its Leftovers!</small><br></div><div class="battle-history"><small>The opposing Tutankamon was hurt by poison!</small><br></div><div class="battle-history"><small>Doom was hurt by poison!</small><br></div><div class="spacer battle-history"><br></div><div class="battle-history">The opposing Tutankamon fainted!<br></div><div class="spacer battle-history"><br></div><div class="battle-history">Jorge1243 sent out Forest (<strong>Rotom-Mow</strong>)!<br></div><div class="spacer battle-history"><br></div><h2 class="battle-history">Turn 17</h2><div class="spacer battle-history"><br></div><div class="battle-history">The opposing Forest used <strong>Leaf Storm</strong>!<br></div><div class="battle-history"><small>(Doom lost <abbr title="−124/320">38.8%</abbr> of its health!)</small><br></div><div class="battle-history"><small>The opposing Forest's Special Attack fell harshly!</small><br></div><div class="spacer battle-history"><br></div><div class="battle-history">Doom fainted!<br></div><div class="spacer battle-history"><br></div><div class="battle-history">Go! Piglet (<strong>Emboar</strong>)!<br></div><div class="battle-history"><small>Pointed stones dug into Piglet!</small><br></div><div class="spacer battle-history"><br></div><h2 class="battle-history">Turn 18</h2><div class="spacer battle-history"><br></div><div class="battle-history">The opposing Forest used <strong>Leaf Storm</strong>!<br></div><div class="battle-history"><small>It's not very effective...</small><br></div><div class="battle-history"><small>(Piglet lost <abbr title="−66/361">18.3%</abbr> of its health!)</small><br></div><div class="battle-history"><small>The opposing Forest's Special Attack fell harshly!</small><br></div><div class="spacer battle-history"><br></div><div class="battle-history">Piglet used <strong>Flare Blitz</strong>!<br></div><div class="battle-history"><small>It's super effective!</small><br></div><div class="battle-history"><small>(The opposing Forest lost <abbr title="−241/241">100%</abbr> of its health!)</small><br></div><div class="battle-history"><small>Piglet is damaged by the recoil!</small><br></div><div class="spacer battle-history"><br></div><div class="battle-history">The opposing Forest fainted!<br></div><div class="spacer battle-history"><br></div><div class="battle-history"><strong>ArchedZero</strong> won the battle!<br></div><div class="chat chatmessage-archedzero"><strong style="color:hsl(156,71%,33%)"><small>★</small><span class="username" data-name="ArchedZero">ArchedZero</span>:</strong> <em>gg</em></div><div class="chat chatmessage-jorge1243"><strong style="color:hsl(354,68%,47%)"><small>★</small><span class="username" data-name="Jorge1243">Jorge1243</span>:</strong> <em>gg</em></div><div class="chat"><small>Jorge1243 left.</small></div><div class="chat">Ladder (probably) updated, but score could not be retrieved (Response not received).</div></div><div class="inner-preempt"></div></div></div>
</div>
<script>
let daily = Math.floor(Date.now()/1000/60/60/24);document.write('<script src="https://play.pokemonshowdown.com/js/replay-embed.js?version'+daily+'"></'+'script>');
</script>
