<!DOCTYPE html>
<meta charset="utf-8" />
<!-- version 1 -->
<title>RU replay: hamhamhamham vs. Woahwoagh</title>
<style>
html,body {font-family:Verdana, sans-serif;font-size:10pt;margin:0;padding:0;}body{padding:12px 0;} .battle-log {font-family:Verdana, sans-serif;font-size:10pt;} .battle-log-inline {border:1px solid #AAAAAA;background:#EEF2F5;color:black;max-width:640px;margin:0 auto 80px;padding-bottom:5px;} .battle-log .inner {padding:4px 8px 0px 8px;} .battle-log .inner-preempt {padding:0 8px 4px 8px;} .battle-log .inner-after {margin-top:0.5em;} .battle-log h2 {margin:0.5em -8px;padding:4px 8px;border:1px solid #AAAAAA;background:#E0E7EA;border-left:0;border-right:0;font-family:Verdana, sans-serif;font-size:13pt;} .battle-log .chat {vertical-align:middle;padding:3px 0 3px 0;font-size:8pt;} .battle-log .chat strong {color:#40576A;} .battle-log .chat em {padding:1px 4px 1px 3px;color:#000000;font-style:normal;} .chat.mine {background:rgba(0,0,0,0.05);margin-left:-8px;margin-right:-8px;padding-left:8px;padding-right:8px;} .spoiler {color:#BBBBBB;background:#BBBBBB;padding:0px 3px;} .spoiler:hover, .spoiler:active, .spoiler-shown {color:#000000;background:#E2E2E2;padding:0px 3px;} .spoiler a {color:#BBBBBB;} .spoiler:hover a, .spoiler:active a, .spoiler-shown a {color:#2288CC;} .chat code, .chat .spoiler:hover code, .chat .spoiler:active code, .chat .spoiler-shown code {border:1px solid #C0C0C0;background:#EEEEEE;color:black;padding:0 2px;} .chat .spoiler code {border:1px solid #CCCCCC;background:#CCCCCC;color:#CCCCCC;} .battle-log .rated {padding:3px 4px;} .battle-log .rated strong {color:white;background:#89A;padding:1px 4px;border-radius:4px;} .spacer {margin-top:0.5em;} .message-announce {background:#6688AA;color:white;padding:1px 4px 2px;} .message-announce a, .broadcast-green a, .broadcast-blue a, .broadcast-red a {color:#DDEEFF;} .broadcast-green {background-color:#559955;color:white;padding:2px 4px;} .broadcast-blue {background-color:#6688AA;color:white;padding:2px 4px;} .infobox {border:1px solid #6688AA;padding:2px 4px;} .infobox-limited {max-height:200px;overflow:auto;overflow-x:hidden;} .broadcast-red {background-color:#AA5544;color:white;padding:2px 4px;} .message-learn-canlearn {font-weight:bold;color:#228822;text-decoration:underline;} .message-learn-cannotlearn {font-weight:bold;color:#CC2222;text-decoration:underline;} .message-effect-weak {font-weight:bold;color:#CC2222;} .message-effect-resist {font-weight:bold;color:#6688AA;} .message-effect-immune {font-weight:bold;color:#666666;} .message-learn-list {margin-top:0;margin-bottom:0;} .message-throttle-notice, .message-error {color:#992222;} .message-overflow, .chat small.message-overflow {font-size:0pt;} .message-overflow::before {font-size:9pt;content:'...';} .subtle {color:#3A4A66;}
</style>
<div class="wrapper replay-wrapper" style="max-width:1180px;margin:0 auto">
<input type="hidden" name="replayid" value="ru-524928470" />
<div class="battle"></div><div class="battle-log"></div><div class="replay-controls"></div><div class="replay-controls-2"></div>
<h1 style="font-weight:normal;text-align:center"><strong>RU</strong><br /><a href="http://pokemonshowdown.com/users/hamhamhamham" class="subtle" target="_blank">hamhamhamham</a> vs. <a href="http://pokemonshowdown.com/users/woahwoagh" class="subtle" target="_blank">Woahwoagh</a></h1>
<script type="text/plain" class="battle-log-data">|j|hamhamhamham
|j|Woahwoagh
|player|p1|hamhamhamham|181
|player|p2|Woahwoagh|167
|gametype|singles
|gen|6
|tier|RU
|seed|63660,39738,49693,42251
|rule|Sleep Clause Mod: Limit one foe put to sleep
|rule|Species Clause: Limit one of each Pokémon
|rule|OHKO Clause: OHKO moves are banned
|rule|Moody Clause: Moody is banned
|rule|Evasion Moves Clause: Evasion moves are banned
|rule|Endless Battle Clause: Forcing endless battles is banned
|rule|HP Percentage Mod: HP is shown in percentages
|clearpoke
|poke|p1|Glalie, M|item
|poke|p1|Blastoise, F|item
|poke|p1|Escavalier, F|item
|poke|p1|Drapion, M|item
|poke|p1|Rotom-Mow|item
|poke|p1|Uxie|item
|poke|p2|Rhyperior, M|item
|poke|p2|Uxie|item
|poke|p2|Drapion, F|item
|poke|p2|Blastoise, M|item
|poke|p2|Jolteon, F|item
|poke|p2|Venusaur, M|item
|rule|Swagger Clause: Swagger is banned
|rule|Baton Pass Clause: Limit one Baton Passer, can't pass Spe and other stats simultaneously
|teampreview
|j|Stats Bot
|l|Stats Bot
|choice|team 4, team 2, team 3, team 1, team 5, team 6|team 5, team 2, team 3, team 4, team 1, team 6
|
|start
|switch|p1a: Drapion|Drapion, M|281\/281
|switch|p2a: Snow of Warmth|Jolteon, F|271\/271
|turn|1
|choice|move knockoff|move voltswitch
|
|move|p1a: Drapion|Knock Off|p2a: Snow of Warmth
|-damage|p2a: Snow of Warmth|72\/271
|-enditem|p2a: Snow of Warmth|Choice Specs|[from] move: Knock Off|[of] p1a: Drapion
|move|p2a: Snow of Warmth|Volt Switch|p1a: Drapion
|-damage|p1a: Drapion|134\/281
|choice||switch 5
|
|switch|p2a: Crybaby Waltz|Rhyperior, M|380\/380
|
|upkeep
|turn|2
|choice|switch 2|move megahorn
|
|switch|p1a: Blastoise|Blastoise, F|361\/361
|move|p2a: Crybaby Waltz|Megahorn|p1a: Blastoise
|-damage|p1a: Blastoise|188\/361
|
|-heal|p1a: Blastoise|210\/361|[from] item: Leftovers
|upkeep
|turn|3
|choice|move scald|switch 6
|
|switch|p2a: Heavenly Wind|Venusaur, M|364\/364
|move|p1a: Blastoise|Scald|p2a: Heavenly Wind
|-resisted|p2a: Heavenly Wind
|-damage|p2a: Heavenly Wind|326\/364
|
|-heal|p2a: Heavenly Wind|348\/364|[from] item: Black Sludge
|-heal|p1a: Blastoise|232\/361|[from] item: Leftovers
|upkeep
|turn|4
|choice|switch 6|move leechseed
|
|switch|p1a: Uxie|Uxie|353\/353
|move|p2a: Heavenly Wind|Leech Seed|p1a: Uxie
|-start|p1a: Uxie|move: Leech Seed
|
|-heal|p2a: Heavenly Wind|364\/364|[from] item: Black Sludge
|-damage|p1a: Uxie|309\/353|[from] Leech Seed|[of] p2a: Heavenly Wind
|upkeep
|turn|5
|choice|move stealthrock|switch 4
|
|switch|p2a: Tears of the Sea|Blastoise, M|362\/362
|move|p1a: Uxie|Stealth Rock|p2a: Tears of the Sea
|-sidestart|p2: Woahwoagh|move: Stealth Rock
|
|-heal|p1a: Uxie|331\/353|[from] item: Leftovers
|-damage|p1a: Uxie|287\/353|[from] Leech Seed|[of] p2a: Tears of the Sea
|upkeep
|turn|6
|choice|move uturn|move rapidspin
|
|move|p2a: Tears of the Sea|Rapid Spin|p1a: Uxie
|-damage|p1a: Uxie|278\/353
|-sideend|p2: Woahwoagh|Stealth Rock|[from] move: Rapid Spin|[of] p2a: Tears of the Sea
|move|p1a: Uxie|U-turn|p2a: Tears of the Sea
|-damage|p2a: Tears of the Sea|329\/362
|choice|switch 3|
|
|switch|p1a: Escavalier|Escavalier, F|343\/343
|
|-heal|p2a: Tears of the Sea|351\/362|[from] item: Leftovers
|upkeep
|turn|7
|choice|move swordsdance|switch 2
|
|switch|p2a: Mischief Pretend|Uxie|354\/354
|move|p1a: Escavalier|Swords Dance|p1a: Escavalier
|-boost|p1a: Escavalier|atk|2
|
|upkeep
|turn|8
|j|Dangkhoa
|choice|move megahorn|move stealthrock
|
|move|p2a: Mischief Pretend|Stealth Rock|p1a: Escavalier
|-sidestart|p1: hamhamhamham|move: Stealth Rock
|move|p1a: Escavalier|Megahorn|p2a: Mischief Pretend
|-supereffective|p2a: Mischief Pretend
|-damage|p2a: Mischief Pretend|0 fnt
|faint|p2a: Mischief Pretend
|
|upkeep
|choice||switch 2
|
|switch|p2a: Tears of the Sea|Blastoise, M|351\/362
|turn|9
|choice|move swordsdance|move scald
|
|move|p2a: Tears of the Sea|Scald|p1a: Escavalier
|-damage|p1a: Escavalier|289\/343
|move|p1a: Escavalier|Swords Dance|p1a: Escavalier
|-boost|p1a: Escavalier|atk|2
|
|-heal|p2a: Tears of the Sea|362\/362|[from] item: Leftovers
|-heal|p1a: Escavalier|310\/343|[from] item: Leftovers
|upkeep
|turn|10
|choice|move swordsdance|move scald
|
|move|p2a: Tears of the Sea|Scald|p1a: Escavalier
|-damage|p1a: Escavalier|256\/343
|move|p1a: Escavalier|Swords Dance|p1a: Escavalier
|-boost|p1a: Escavalier|atk|2
|
|-heal|p1a: Escavalier|277\/343|[from] item: Leftovers
|upkeep
|turn|11
|choice|move megahorn|move scald
|
|move|p2a: Tears of the Sea|Scald|p1a: Escavalier
|-damage|p1a: Escavalier|223\/343
|move|p1a: Escavalier|Megahorn|p2a: Tears of the Sea
|-damage|p2a: Tears of the Sea|0 fnt
|faint|p2a: Tears of the Sea
|
|-heal|p1a: Escavalier|244\/343|[from] item: Leftovers
|upkeep
|choice||switch 5
|
|switch|p2a: Snow of Warmth|Jolteon, F|72\/271
|turn|12
|choice|move rest|move voltswitch
|
|move|p2a: Snow of Warmth|Volt Switch|p1a: Escavalier
|-damage|p1a: Escavalier|162\/343
|choice||switch 4
|
|switch|p2a: Heavenly Wind|Venusaur, M|364\/364
|move|p1a: Escavalier|Rest|p1a: Escavalier
|-status|p1a: Escavalier|slp
|-heal|p1a: Escavalier|343\/343 slp|[silent]
|-status|p1a: Escavalier|slp|[from] move: Rest
|
|upkeep
|turn|13
|choice|move sleeptalk|move leechseed
|
|move|p2a: Heavenly Wind|Leech Seed|p1a: Escavalier
|-start|p1a: Escavalier|move: Leech Seed
|cant|p1a: Escavalier|slp
|move|p1a: Escavalier|Sleep Talk|p1a: Escavalier
|move|p1a: Escavalier|Swords Dance|p1a: Escavalier|[from]Sleep Talk
|-boost|p1a: Escavalier|atk|0
|
|-damage|p1a: Escavalier|301\/343 slp|[from] Leech Seed|[of] p2a: Heavenly Wind
|upkeep
|turn|14
|choice|move sleeptalk|switch 6
|
|switch|p2a: Crybaby Waltz|Rhyperior, M|380\/380
|cant|p1a: Escavalier|slp
|move|p1a: Escavalier|Sleep Talk|p1a: Escavalier
|move|p1a: Escavalier|Megahorn|p2a: Crybaby Waltz|[from]Sleep Talk
|-crit|p2a: Crybaby Waltz
|-damage|p2a: Crybaby Waltz|0 fnt
|faint|p2a: Crybaby Waltz
|
|-heal|p1a: Escavalier|322\/343 slp|[from] item: Leftovers
|upkeep
|choice||switch 4
|
|switch|p2a: Snow of Warmth|Jolteon, F|72\/271
|turn|15
|choice|move megahorn|move thunderbolt
|
|move|p2a: Snow of Warmth|Thunderbolt|p1a: Escavalier
|-damage|p1a: Escavalier|214\/343 slp
|-curestatus|p1a: Escavalier|slp|[msg]
|move|p1a: Escavalier|Megahorn|p2a: Snow of Warmth
|-damage|p2a: Snow of Warmth|0 fnt
|faint|p2a: Snow of Warmth
|
|-heal|p1a: Escavalier|235\/343|[from] item: Leftovers
|upkeep
|choice||switch 3
|
|switch|p2a: Aqua Terrarium|Drapion, F|281\/281
|turn|16
|choice|move megahorn|move swordsdance
|
|move|p2a: Aqua Terrarium|Swords Dance|p2a: Aqua Terrarium
|-boost|p2a: Aqua Terrarium|atk|2
|move|p1a: Escavalier|Megahorn|p2a: Aqua Terrarium
|-damage|p2a: Aqua Terrarium|0 fnt
|faint|p2a: Aqua Terrarium
|
|-heal|p1a: Escavalier|256\/343|[from] item: Leftovers
|upkeep
|choice||switch 6
|
|switch|p2a: Heavenly Wind|Venusaur, M|364\/364
|turn|17
|-message|Woahwoagh forfeited.
|
|win|hamhamhamham
|player|p1
|player|p2
|l|Woahwoagh
|l|hamhamhamham</script>
</div>
<div class="battle-log battle-log-inline"><div class="inner"><div class="battle-options"></div><div class="inner"><div class="chat"><small>hamhamhamham joined.</small></div><div class="chat"><small>Woahwoagh joined.</small></div><div class=""><small>Format:</small> <br><strong>RU</strong></div><div class=""><small><em>Sleep Clause Mod:</em> Limit one foe put to sleep</small></div><div class=""><small><em>Species Clause:</em> Limit one of each Pokémon</small></div><div class=""><small><em>OHKO Clause:</em> OHKO moves are banned</small></div><div class=""><small><em>Moody Clause:</em> Moody is banned</small></div><div class=""><small><em>Evasion Moves Clause:</em> Evasion moves are banned</small></div><div class=""><small><em>Endless Battle Clause:</em> Forcing endless battles is banned</small></div><div class=""><small><em>HP Percentage Mod:</em> HP is shown in percentages</small></div><div class=""><small><em>Swagger Clause:</em> Swagger is banned</small></div><div class=""><small><em>Baton Pass Clause:</em> Limit one Baton Passer, can't pass Spe and other stats simultaneously</small></div><div class="chat battle-history"><strong>hamhamhamham's team:</strong> <em style="color:#445566;display:block;">Glalie / Blastoise / Escavalier / Drapion / Rotom-Mow / Uxie</em></div><div class="chat battle-history"><strong>Woahwoagh's team:</strong> <em style="color:#445566;display:block;">Rhyperior / Uxie / Drapion / Blastoise / Jolteon / Venusaur</em></div><div class="chat"><small>Stats Bot joined.</small></div><div class="chat"><small>Stats Bot left.</small></div><div class="spacer battle-history"><br></div><div class="battle-history">Battle started between hamhamhamham and Woahwoagh!<br></div><div class="spacer battle-history"><br></div><div class="battle-history">Go! <strong>Drapion</strong>!<br></div><div class="spacer battle-history"><br></div><div class="battle-history">Woahwoagh sent out Snow of Warmth (<strong>Jolteon</strong>)!<br></div><div class="spacer battle-history"><br></div><h2 class="battle-history">Turn 1</h2><div class="spacer battle-history"><br></div><div class="battle-history">Drapion used <strong>Knock Off</strong>!<br></div><div class="battle-history"><small>(The opposing Snow of Warmth lost <abbr title="−199/271">73.4%</abbr> of its health!)</small><br></div><div class="battle-history"><small>Drapion knocked off the opposing Snow of Warmth's Choice Specs!</small><br></div><div class="spacer battle-history"><br></div><div class="battle-history">The opposing Snow of Warmth used <strong>Volt Switch</strong>!<br></div><div class="battle-history"><small>(Drapion lost <abbr title="−147/281">52.3%</abbr> of its health!)</small><br></div><div class="spacer battle-history"><br></div><div class="battle-history">The opposing Snow of Warmth went back to Woahwoagh!<br></div><div class="battle-history">Woahwoagh sent out Crybaby Waltz (<strong>Rhyperior</strong>)!<br></div><div class="spacer battle-history"><br></div><h2 class="battle-history">Turn 2</h2><div class="spacer battle-history"><br></div><div class="battle-history">Drapion, come back!<br></div><div class="battle-history">Go! <strong>Blastoise</strong>!<br></div><div class="spacer battle-history"><br></div><div class="battle-history">The opposing Crybaby Waltz used <strong>Megahorn</strong>!<br></div><div class="battle-history"><small>(Blastoise lost <abbr title="−173/361">47.9%</abbr> of its health!)</small><br></div><div class="spacer battle-history"><br></div><div class="battle-history"><small>Blastoise restored a little HP using its Leftovers!</small><br></div><div class="spacer battle-history"><br></div><h2 class="battle-history">Turn 3</h2><div class="spacer battle-history"><br></div><div class="battle-history">Woahwoagh withdrew Crybaby Waltz!<br></div><div class="battle-history">Woahwoagh sent out Heavenly Wind (<strong>Venusaur</strong>)!<br></div><div class="spacer battle-history"><br></div><div class="battle-history">Blastoise used <strong>Scald</strong>!<br></div><div class="battle-history"><small>It's not very effective...</small><br></div><div class="battle-history"><small>(The opposing Heavenly Wind lost <abbr title="−38/364">10.4%</abbr> of its health!)</small><br></div><div class="spacer battle-history"><br></div><div class="battle-history"><small>The opposing Heavenly Wind restored a little HP using its Black Sludge!</small><br></div><div class="battle-history"><small>Blastoise restored a little HP using its Leftovers!</small><br></div><div class="spacer battle-history"><br></div><h2 class="battle-history">Turn 4</h2><div class="spacer battle-history"><br></div><div class="battle-history">Blastoise, come back!<br></div><div class="battle-history">Go! <strong>Uxie</strong>!<br></div><div class="spacer battle-history"><br></div><div class="battle-history">The opposing Heavenly Wind used <strong>Leech Seed</strong>!<br></div><div class="battle-history"><small>Uxie was seeded!</small><br></div><div class="spacer battle-history"><br></div><div class="battle-history"><small>The opposing Heavenly Wind restored a little HP using its Black Sludge!</small><br></div><div class="battle-history"><small>Uxie's health is sapped by Leech Seed!</small><br></div><div class="spacer battle-history"><br></div><h2 class="battle-history">Turn 5</h2><div class="spacer battle-history"><br></div><div class="battle-history">Woahwoagh withdrew Heavenly Wind!<br></div><div class="battle-history">Woahwoagh sent out Tears of the Sea (<strong>Blastoise</strong>)!<br></div><div class="spacer battle-history"><br></div><div class="battle-history">Uxie used <strong>Stealth Rock</strong>!<br></div><div class="battle-history"><small>Pointed stones float in the air around the opposing team!</small><br></div><div class="spacer battle-history"><br></div><div class="battle-history"><small>Uxie restored a little HP using its Leftovers!</small><br></div><div class="battle-history"><small>Uxie's health is sapped by Leech Seed!</small><br></div><div class="spacer battle-history"><br></div><h2 class="battle-history">Turn 6</h2><div class="spacer battle-history"><br></div><div class="battle-history">The opposing Tears of the Sea used <strong>Rapid Spin</strong>!<br></div><div class="battle-history"><small>(Uxie lost <abbr title="−9/353">2.5%</abbr> of its health!)</small><br></div><div class="battle-history"><small>The pointed stones disappeared from around the opposing team!</small><br></div><div class="spacer battle-history"><br></div><div class="battle-history">Uxie used <strong>U-turn</strong>!<br></div><div class="battle-history"><small>(The opposing Tears of the Sea lost <abbr title="−33/362">9.1%</abbr> of its health!)</small><br></div><div class="spacer battle-history"><br></div><div class="battle-history">Uxie went back to hamhamhamham!<br></div><div class="battle-history">Go! <strong>Escavalier</strong>!<br></div><div class="spacer battle-history"><br></div><div class="battle-history"><small>The opposing Tears of the Sea restored a little HP using its Leftovers!</small><br></div><div class="spacer battle-history"><br></div><h2 class="battle-history">Turn 7</h2><div class="spacer battle-history"><br></div><div class="battle-history">Woahwoagh withdrew Tears of the Sea!<br></div><div class="battle-history">Woahwoagh sent out Mischief Pretend (<strong>Uxie</strong>)!<br></div><div class="spacer battle-history"><br></div><div class="battle-history">Escavalier used <strong>Swords Dance</strong>!<br></div><div class="battle-history"><small>Escavalier's Attack rose sharply!</small><br></div><div class="spacer battle-history"><br></div><h2 class="battle-history">Turn 8</h2><div class="chat"><small>Dangkhoa joined.</small></div><div class="spacer battle-history"><br></div><div class="battle-history">The opposing Mischief Pretend used <strong>Stealth Rock</strong>!<br></div><div class="battle-history"><small>Pointed stones float in the air around your team!</small><br></div><div class="spacer battle-history"><br></div><div class="battle-history">Escavalier used <strong>Megahorn</strong>!<br></div><div class="battle-history"><small>It's super effective!</small><br></div><div class="battle-history"><small>(The opposing Mischief Pretend lost <abbr title="−354/354">100%</abbr> of its health!)</small><br></div><div class="spacer battle-history"><br></div><div class="battle-history">The opposing Mischief Pretend fainted!<br></div><div class="spacer battle-history"><br></div><div class="battle-history">Woahwoagh sent out Tears of the Sea (<strong>Blastoise</strong>)!<br></div><div class="spacer battle-history"><br></div><h2 class="battle-history">Turn 9</h2><div class="spacer battle-history"><br></div><div class="battle-history">The opposing Tears of the Sea used <strong>Scald</strong>!<br></div><div class="battle-history"><small>(Escavalier lost <abbr title="−54/343">15.7%</abbr> of its health!)</small><br></div><div class="spacer battle-history"><br></div><div class="battle-history">Escavalier used <strong>Swords Dance</strong>!<br></div><div class="battle-history"><small>Escavalier's Attack rose sharply!</small><br></div><div class="spacer battle-history"><br></div><div class="battle-history"><small>The opposing Tears of the Sea restored a little HP using its Leftovers!</small><br></div><div class="battle-history"><small>Escavalier restored a little HP using its Leftovers!</small><br></div><div class="spacer battle-history"><br></div><h2 class="battle-history">Turn 10</h2><div class="spacer battle-history"><br></div><div class="battle-history">The opposing Tears of the Sea used <strong>Scald</strong>!<br></div><div class="battle-history"><small>(Escavalier lost <abbr title="−54/343">15.7%</abbr> of its health!)</small><br></div><div class="spacer battle-history"><br></div><div class="battle-history">Escavalier used <strong>Swords Dance</strong>!<br></div><div class="battle-history"><small>Escavalier's Attack rose sharply!</small><br></div><div class="spacer battle-history"><br></div><div class="battle-history"><small>Escavalier restored a little HP using its Leftovers!</small><br></div><div class="spacer battle-history"><br></div><h2 class="battle-history">Turn 11</h2><div class="spacer battle-history"><br></div><div class="battle-history">The opposing Tears of the Sea used <strong>Scald</strong>!<br></div><div class="battle-history"><small>(Escavalier lost <abbr title="−54/343">15.7%</abbr> of its health!)</small><br></div><div class="spacer battle-history"><br></div><div class="battle-history">Escavalier used <strong>Megahorn</strong>!<br></div><div class="battle-history"><small>(The opposing Tears of the Sea lost <abbr title="−362/362">100%</abbr> of its health!)</small><br></div><div class="spacer battle-history"><br></div><div class="battle-history">The opposing Tears of the Sea fainted!<br></div><div class="spacer battle-history"><br></div><div class="battle-history"><small>Escavalier restored a little HP using its Leftovers!</small><br></div><div class="spacer battle-history"><br></div><div class="battle-history">Woahwoagh sent out Snow of Warmth (<strong>Jolteon</strong>)!<br></div><div class="spacer battle-history"><br></div><h2 class="battle-history">Turn 12</h2><div class="spacer battle-history"><br></div><div class="battle-history">The opposing Snow of Warmth used <strong>Volt Switch</strong>!<br></div><div class="battle-history"><small>(Escavalier lost <abbr title="−82/343">23.9%</abbr> of its health!)</small><br></div><div class="spacer battle-history"><br></div><div class="battle-history">The opposing Snow of Warmth went back to Woahwoagh!<br></div><div class="battle-history">Woahwoagh sent out Heavenly Wind (<strong>Venusaur</strong>)!<br></div><div class="spacer battle-history"><br></div><div class="battle-history">Escavalier used <strong>Rest</strong>!<br></div><div class="battle-history"><small>Escavalier fell asleep!</small><br></div><div class="battle-history"><small>Escavalier slept and became healthy!</small><br></div><div class="spacer battle-history"><br></div><h2 class="battle-history">Turn 13</h2><div class="spacer battle-history"><br></div><div class="battle-history">The opposing Heavenly Wind used <strong>Leech Seed</strong>!<br></div><div class="battle-history"><small>Escavalier was seeded!</small><br></div><div class="spacer battle-history"><br></div><div class="battle-history">Escavalier is fast asleep.<br></div><div class="spacer battle-history"><br></div><div class="battle-history">Escavalier used <strong>Sleep Talk</strong>!<br></div><div class="spacer battle-history"><br></div><div class="battle-history">Escavalier used <strong>Swords Dance</strong>!<br></div><div class="battle-history"><small>Escavalier's Attack won't go any higher!</small><br></div><div class="spacer battle-history"><br></div><div class="battle-history"><small>Escavalier's health is sapped by Leech Seed!</small><br></div><div class="spacer battle-history"><br></div><h2 class="battle-history">Turn 14</h2><div class="spacer battle-history"><br></div><div class="battle-history">Woahwoagh withdrew Heavenly Wind!<br></div><div class="battle-history">Woahwoagh sent out Crybaby Waltz (<strong>Rhyperior</strong>)!<br></div><div class="spacer battle-history"><br></div><div class="battle-history">Escavalier is fast asleep.<br></div><div class="spacer battle-history"><br></div><div class="battle-history">Escavalier used <strong>Sleep Talk</strong>!<br></div><div class="spacer battle-history"><br></div><div class="battle-history">Escavalier used <strong>Megahorn</strong>!<br></div><div class="battle-history"><small>A critical hit!</small><br></div><div class="battle-history"><small>(The opposing Crybaby Waltz lost <abbr title="−380/380">100%</abbr> of its health!)</small><br></div><div class="spacer battle-history"><br></div><div class="battle-history">The opposing Crybaby Waltz fainted!<br></div><div class="spacer battle-history"><br></div><div class="battle-history"><small>Escavalier restored a little HP using its Leftovers!</small><br></div><div class="spacer battle-history"><br></div><div class="battle-history">Woahwoagh sent out Snow of Warmth (<strong>Jolteon</strong>)!<br></div><div class="spacer battle-history"><br></div><h2 class="battle-history">Turn 15</h2><div class="spacer battle-history"><br></div><div class="battle-history">The opposing Snow of Warmth used <strong>Thunderbolt</strong>!<br></div><div class="battle-history"><small>(Escavalier lost <abbr title="−108/343">31.5%</abbr> of its health!)</small><br></div><div class="battle-history"><small>Escavalier woke up!</small><br></div><div class="spacer battle-history"><br></div><div class="battle-history">Escavalier used <strong>Megahorn</strong>!<br></div><div class="battle-history"><small>(The opposing Snow of Warmth lost <abbr title="−72/271">26.6%</abbr> of its health!)</small><br></div><div class="spacer battle-history"><br></div><div class="battle-history">The opposing Snow of Warmth fainted!<br></div><div class="spacer battle-history"><br></div><div class="battle-history"><small>Escavalier restored a little HP using its Leftovers!</small><br></div><div class="spacer battle-history"><br></div><div class="battle-history">Woahwoagh sent out Aqua Terrarium (<strong>Drapion</strong>)!<br></div><div class="spacer battle-history"><br></div><h2 class="battle-history">Turn 16</h2><div class="spacer battle-history"><br></div><div class="battle-history">The opposing Aqua Terrarium used <strong>Swords Dance</strong>!<br></div><div class="battle-history"><small>The opposing Aqua Terrarium's Attack rose sharply!</small><br></div><div class="spacer battle-history"><br></div><div class="battle-history">Escavalier used <strong>Megahorn</strong>!<br></div><div class="battle-history"><small>(The opposing Aqua Terrarium lost <abbr title="−281/281">100%</abbr> of its health!)</small><br></div><div class="spacer battle-history"><br></div><div class="battle-history">The opposing Aqua Terrarium fainted!<br></div><div class="spacer battle-history"><br></div><div class="battle-history"><small>Escavalier restored a little HP using its Leftovers!</small><br></div><div class="spacer battle-history"><br></div><div class="battle-history">Woahwoagh sent out Heavenly Wind (<strong>Venusaur</strong>)!<br></div><div class="spacer battle-history"><br></div><h2 class="battle-history">Turn 17</h2><div class="spacer battle-history"><br></div><div class="battle-history"><small>Woahwoagh forfeited.</small><br></div><div class="spacer battle-history"><br></div><div class="battle-history"><strong>hamhamhamham</strong> won the battle!<br></div><div class="chat"><small>Woahwoagh left.</small></div><div class="chat"><small>hamhamhamham left.</small></div></div><div class="inner-preempt"></div></div></div>
</div>
<script>
let daily = Math.floor(Date.now()/1000/60/60/24);document.write('<script src="https://play.pokemonshowdown.com/js/replay-embed.js?version'+daily+'"></'+'script>');
</script>
