<!DOCTYPE html>
<meta charset="utf-8" />
<!-- version 1 -->
<title>RU replay: Neblina vs. Azure Flame Knight</title>
<style>
html,body {font-family:Verdana, sans-serif;font-size:10pt;margin:0;padding:0;}body{padding:12px 0;} .battle-log {font-family:Verdana, sans-serif;font-size:10pt;} .battle-log-inline {border:1px solid #AAAAAA;background:#EEF2F5;color:black;max-width:640px;margin:0 auto 80px;padding-bottom:5px;} .battle-log .inner {padding:4px 8px 0px 8px;} .battle-log .inner-preempt {padding:0 8px 4px 8px;} .battle-log .inner-after {margin-top:0.5em;} .battle-log h2 {margin:0.5em -8px;padding:4px 8px;border:1px solid #AAAAAA;background:#E0E7EA;border-left:0;border-right:0;font-family:Verdana, sans-serif;font-size:13pt;} .battle-log .chat {vertical-align:middle;padding:3px 0 3px 0;font-size:8pt;} .battle-log .chat strong {color:#40576A;} .battle-log .chat em {padding:1px 4px 1px 3px;color:#000000;font-style:normal;} .chat.mine {background:rgba(0,0,0,0.05);margin-left:-8px;margin-right:-8px;padding-left:8px;padding-right:8px;} .spoiler {color:#BBBBBB;background:#BBBBBB;padding:0px 3px;} .spoiler:hover, .spoiler:active, .spoiler-shown {color:#000000;background:#E2E2E2;padding:0px 3px;} .spoiler a {color:#BBBBBB;} .spoiler:hover a, .spoiler:active a, .spoiler-shown a {color:#2288CC;} .chat code, .chat .spoiler:hover code, .chat .spoiler:active code, .chat .spoiler-shown code {border:1px solid #C0C0C0;background:#EEEEEE;color:black;padding:0 2px;} .chat .spoiler code {border:1px solid #CCCCCC;background:#CCCCCC;color:#CCCCCC;} .battle-log .rated {padding:3px 4px;} .battle-log .rated strong {color:white;background:#89A;padding:1px 4px;border-radius:4px;} .spacer {margin-top:0.5em;} .message-announce {background:#6688AA;color:white;padding:1px 4px 2px;} .message-announce a, .broadcast-green a, .broadcast-blue a, .broadcast-red a {color:#DDEEFF;} .broadcast-green {background-color:#559955;color:white;padding:2px 4px;} .broadcast-blue {background-color:#6688AA;color:white;padding:2px 4px;} .infobox {border:1px solid #6688AA;padding:2px 4px;} .infobox-limited {max-height:200px;overflow:auto;overflow-x:hidden;} .broadcast-red {background-color:#AA5544;color:white;padding:2px 4px;} .message-learn-canlearn {font-weight:bold;color:#228822;text-decoration:underline;} .message-learn-cannotlearn {font-weight:bold;color:#CC2222;text-decoration:underline;} .message-effect-weak {font-weight:bold;color:#CC2222;} .message-effect-resist {font-weight:bold;color:#6688AA;} .message-effect-immune {font-weight:bold;color:#666666;} .message-learn-list {margin-top:0;margin-bottom:0;} .message-throttle-notice, .message-error {color:#992222;} .message-overflow, .chat small.message-overflow {font-size:0pt;} .message-overflow::before {font-size:9pt;content:'...';} .subtle {color:#3A4A66;}
</style>
<div class="wrapper replay-wrapper" style="max-width:1180px;margin:0 auto">
<input type="hidden" name="replayid" value="destiny-ru-151064" />
<div class="battle"></div><div class="battle-log"></div><div class="replay-controls"></div><div class="replay-controls-2"></div>
<h1 style="font-weight:normal;text-align:center"><strong>RU</strong><br /><a href="http://pokemonshowdown.com/users/neblina" class="subtle" target="_blank">Neblina</a> vs. <a href="http://pokemonshowdown.com/users/azureflameknight" class="subtle" target="_blank">Azure Flame Knight</a></h1>
<script type="text/plain" class="battle-log-data">|j|Neblina
|j|Azure Flame Knight
|player|p1|Neblina|neblina.gif?df35f2ac
|player|p2|Azure Flame Knight|azureflameknight.gif?2f827476
|gametype|singles
|gen|7
|tier|RU
|seed|29497,20789,3880,8516
|rule|Cláusula-Mod de Dormir: solo puedes dormir a uno de tus oponentes a la vez.
|rule|Cláusula de Especie: Hasta un Pokémon de cada especie
|rule|Cláusula de Golpe Fulminante: los movimientos fulminantes (OHKO) estan prohibidos
|rule|Cláusula de Moody: la habilidad Moody está prohibida
|rule|Cláusula de Movimientos Evasivos: los movimientos de evasion estan prohibidos
|rule|Cláusula de Batallas Eternas: forzar batallas eternas está prohibido
|clearpoke
|poke|p1|Kommo-o, M|item
|poke|p1|Glalie, M|item
|poke|p1|Cresselia, F|item
|poke|p1|Feraligatr, M|item
|poke|p1|Comfey, M|item
|poke|p1|Donphan, M|item
|poke|p2|Bronzong|item
|poke|p2|Kabutops, M|item
|poke|p2|Kingdra, M|item
|poke|p2|Arbok, M|item
|poke|p2|Doublade, M|item
|poke|p2|Yanmega, M|item
|teampreview
|choice|*team 623451|*
|choice|*undo|*
|choice|*team 123456|*
|choice|*|*team 623451
|choice|team 1, team 2, team 3, team 4, team 5, team 6|team 6, team 2, team 3, team 4, team 5, team 1
|
|start
|switch|p1a: Kommo-o|Kommo-o, M|291\/291
|switch|p2a: Yanmega|Yanmega, M|313\/313
|turn|1
|choice|*|*move 2
|choice|*move 4|*
|choice|move flamethrower|move airslash
|
|move|p2a: Yanmega|Air Slash|p1a: Kommo-o
|-supereffective|p1a: Kommo-o
|-damage|p1a: Kommo-o|43\/291
|move|p1a: Kommo-o|Flamethrower|p2a: Yanmega
|-supereffective|p2a: Yanmega
|-enditem|p2a: Yanmega|Focus Sash
|-damage|p2a: Yanmega|1\/313
|
|-ability|p2a: Yanmega|Speed Boost|boost
|-boost|p2a: Yanmega|spe|1
|upkeep
|turn|2
|choice|*switch 5|*
|choice|*|*move 3
|choice|switch 5|move bugbuzz
|
|switch|p1a: Comfey|Comfey, M|306\/306
|move|p2a: Yanmega|Bug Buzz|p1a: Comfey
|-resisted|p1a: Comfey
|-damage|p1a: Comfey|227\/306
|
|-heal|p1a: Comfey|246\/306|[from] item: Leftovers
|-ability|p2a: Yanmega|Speed Boost|boost
|-boost|p2a: Yanmega|spe|1
|upkeep
|turn|3
|choice|*|*move 4
|choice|*move 1|*
|choice|move drainingkiss|move toxic
|
|move|p1a: Comfey|Draining Kiss|p2a: Yanmega
|-damage|p2a: Yanmega|0 fnt
|-heal|p1a: Comfey|247\/306|[from] drain|[of] p2a: Yanmega
|faint|p2a: Yanmega
|
|-heal|p1a: Comfey|266\/306|[from] item: Leftovers
|upkeep
|choice|*|*switch 2
|choice||switch 2
|
|switch|p2a: Kabutops|Kabutops, M|261\/261
|turn|4
|choice|*|*move 2
|choice|*move 2|*
|choice|move calmmind|move stoneedge
|
|move|p2a: Kabutops|Stone Edge|p1a: Comfey
|-damage|p1a: Comfey|63\/306
|-damage|p2a: Kabutops|235\/261|[from] item: Life Orb
|move|p1a: Comfey|Calm Mind|p1a: Comfey
|-boost|p1a: Comfey|spa|1
|-boost|p1a: Comfey|spd|1
|
|-heal|p1a: Comfey|82\/306|[from] item: Leftovers
|upkeep
|turn|5
|choice|*move 1|*
|choice|*|*move 2
|choice|move drainingkiss|move stoneedge
|
|move|p1a: Comfey|Draining Kiss|p2a: Kabutops
|-damage|p2a: Kabutops|135\/261
|-heal|p1a: Comfey|157\/306|[from] drain|[of] p2a: Kabutops
|move|p2a: Kabutops|Stone Edge|p1a: Comfey
|-damage|p1a: Comfey|0 fnt
|-damage|p2a: Kabutops|109\/261|[from] item: Life Orb
|faint|p1a: Comfey
|
|upkeep
|choice|*switch 2|*
|choice|switch 2|
|
|switch|p1a: Glalie|Glalie, M|301\/301
|turn|6
|choice|*|*move 1
|choice|*move 2 mega|*
|choice|move freezedry mega|move aquajet
|
|detailschange|p1a: Glalie|Glalie-Mega, M
|-mega|p1a: Glalie|Glalie|Glalitite
|move|p2a: Kabutops|Aqua Jet|p1a: Glalie
|-damage|p1a: Glalie|184\/301
|-damage|p2a: Kabutops|83\/261|[from] item: Life Orb
|move|p1a: Glalie|Freeze-Dry|p2a: Kabutops
|-supereffective|p2a: Kabutops
|-damage|p2a: Kabutops|0 fnt
|faint|p2a: Kabutops
|
|upkeep
|choice|*|*switch 5
|choice||switch 5
|
|switch|p2a: Doublade|Doublade, M|322\/322
|turn|7
|choice|*|*move 1
|choice|*switch 6|*
|choice|switch 6|move swordsdance
|
|switch|p1a: Donphan|Donphan, M|384\/384
|move|p2a: Doublade|Swords Dance|p2a: Doublade
|-boost|p2a: Doublade|atk|2
|
|upkeep
|turn|8
|choice|*|*move 3
|choice|*move 1|*
|choice|move earthquake|move ironhead
|
|move|p1a: Donphan|Earthquake|p2a: Doublade
|-supereffective|p2a: Doublade
|-damage|p2a: Doublade|188\/322
|move|p2a: Doublade|Iron Head|p1a: Donphan
|-damage|p1a: Donphan|137\/384
|
|-heal|p1a: Donphan|161\/384|[from] item: Leftovers
|upkeep
|turn|9
|choice|*|*move 3
|choice|*move 2|*
|choice|move knockoff|move ironhead
|
|move|p1a: Donphan|Knock Off|p2a: Doublade
|-supereffective|p2a: Doublade
|-damage|p2a: Doublade|92\/322
|-enditem|p2a: Doublade|Eviolite|[from] move: Knock Off|[of] p1a: Donphan
|move|p2a: Doublade|Iron Head|p1a: Donphan
|-damage|p1a: Donphan|0 fnt
|faint|p1a: Donphan
|
|upkeep
|choice|*switch 6|*
|choice|switch 6|
|
|switch|p1a: Glalie|Glalie-Mega, M|184\/301
|turn|10
|choice|*move 4|*
|choice|*|*move 2
|choice|move earthquake|move shadowsneak
|
|move|p2a: Doublade|Shadow Sneak|p1a: Glalie
|-damage|p1a: Glalie|4\/301
|move|p1a: Glalie|Earthquake|p2a: Doublade
|-supereffective|p2a: Doublade
|-damage|p2a: Doublade|0 fnt
|faint|p2a: Doublade
|
|upkeep
|choice|*|*switch 6
|choice||switch 6
|
|switch|p2a: Bronzong|Bronzong|338\/338
|turn|11
|choice|*|*move 1
|choice|*move 1|*
|choice|move doubleedge|move raindance
|
|move|p1a: Glalie|Double-Edge|p2a: Bronzong
|-resisted|p2a: Bronzong
|-damage|p2a: Bronzong|227\/338
|-damage|p1a: Glalie|0 fnt|[from] recoil|[of] p2a: Bronzong
|faint|p1a: Glalie
|move|p2a: Bronzong|Rain Dance|p2a: Bronzong
|-weather|RainDance
|
|-weather|RainDance|[upkeep]
|upkeep
|choice|*switch 5|*
|choice|switch 5|
|
|switch|p1a: Kommo-o|Kommo-o, M|43\/291
|turn|12
|choice|*|*move 4
|choice|*move 4|*
|choice|move flamethrower|move stealthrock
|
|move|p1a: Kommo-o|Flamethrower|p2a: Bronzong
|-supereffective|p2a: Bronzong
|-damage|p2a: Bronzong|129\/338
|move|p2a: Bronzong|Stealth Rock|p1a: Kommo-o
|-sidestart|p1: Neblina|move: Stealth Rock
|
|-weather|RainDance|[upkeep]
|upkeep
|turn|13
|choice|*|*move 2
|choice|*move 4|*
|choice|move flamethrower|move explosion
|
|move|p1a: Kommo-o|Flamethrower|p2a: Bronzong
|-supereffective|p2a: Bronzong
|-damage|p2a: Bronzong|29\/338
|move|p2a: Bronzong|Explosion|p1a: Kommo-o
|-damage|p1a: Kommo-o|0 fnt
|faint|p2a: Bronzong
|faint|p1a: Kommo-o
|
|-weather|RainDance|[upkeep]
|upkeep
|choice|*|*switch 3
|choice|*switch 3|*
|choice|switch 3|switch 3
|
|switch|p2a: Kingdra|Kingdra, M|291\/291
|switch|p1a: Cresselia|Cresselia, F|441\/441
|-damage|p1a: Cresselia|386\/441|[from] Stealth Rock
|turn|14
|choice|*|*move 4
|choice|*move 3|*
|choice|move toxic|move hydropump
|
|move|p2a: Kingdra|Hydro Pump|p1a: Cresselia
|-damage|p1a: Cresselia|149\/441
|move|p1a: Cresselia|Toxic|p2a: Kingdra
|-status|p2a: Kingdra|tox
|
|-weather|RainDance|[upkeep]
|-heal|p1a: Cresselia|176\/441|[from] item: Leftovers
|-damage|p2a: Kingdra|273\/291 tox|[from] psn
|upkeep
|turn|15
|choice|*|*move 4
|choice|*move 4|*
|choice|move moonlight|move hydropump
|
|move|p2a: Kingdra|Hydro Pump|p1a: Cresselia|[miss]
|-miss|p2a: Kingdra|p1a: Cresselia
|move|p1a: Cresselia|Moonlight|p1a: Cresselia
|-heal|p1a: Cresselia|286\/441
|
|-weather|RainDance|[upkeep]
|-heal|p1a: Cresselia|313\/441|[from] item: Leftovers
|-damage|p2a: Kingdra|237\/291 tox|[from] psn
|upkeep
|turn|16
|choice|*|*move 4
|c|☆Azure Flame Knight|sad
|choice|*move 4|*
|choice|move moonlight|move hydropump
|
|move|p2a: Kingdra|Hydro Pump|p1a: Cresselia
|-damage|p1a: Cresselia|72\/441
|move|p1a: Cresselia|Moonlight|p1a: Cresselia
|-heal|p1a: Cresselia|182\/441
|
|-weather|RainDance|[upkeep]
|-heal|p1a: Cresselia|209\/441|[from] item: Leftovers
|-damage|p2a: Kingdra|183\/291 tox|[from] psn
|upkeep
|turn|17
|choice|*|*move 4
|choice|*move 4|*
|choice|move moonlight|move hydropump
|
|move|p2a: Kingdra|Hydro Pump|p1a: Cresselia
|-damage|p1a: Cresselia|0 fnt
|faint|p1a: Cresselia
|
|-weather|RainDance|[upkeep]
|-damage|p2a: Kingdra|111\/291 tox|[from] psn
|upkeep
|choice|*switch 4|*
|choice|switch 4|
|
|switch|p1a: Feraligatr|Feraligatr, M|311\/311
|-damage|p1a: Feraligatr|273\/311|[from] Stealth Rock
|turn|18
|choice|*|*move 4
|choice|*move 4|*
|choice|move dragondance|move hydropump
|
|move|p2a: Kingdra|Hydro Pump|p1a: Feraligatr
|-resisted|p1a: Feraligatr
|-damage|p1a: Feraligatr|39\/311
|move|p1a: Feraligatr|Dragon Dance|p1a: Feraligatr
|-boost|p1a: Feraligatr|atk|1
|-boost|p1a: Feraligatr|spe|1
|
|-weather|none
|-damage|p2a: Kingdra|21\/291 tox|[from] psn
|upkeep
|turn|19
|choice|*|*move 4
|choice|*move 1|*
|choice|move waterfall|move hydropump
|
|move|p1a: Feraligatr|Waterfall|p2a: Kingdra
|-resisted|p2a: Kingdra
|-damage|p2a: Kingdra|0 fnt
|faint|p2a: Kingdra
|
|upkeep
|choice|*|*switch 4
|choice||switch 4
|
|switch|p2a: Arbok|Arbok, M|324\/324
|turn|20
|choice|*|*move 3
|choice|*move 1|*
|choice|move waterfall|move suckerpunch
|
|move|p2a: Arbok|Sucker Punch|p1a: Feraligatr
|-damage|p1a: Feraligatr|0 fnt
|faint|p1a: Feraligatr
|
|win|Azure Flame Knight
|player|p1
|player|p2
|c|☆Azure Flame Knight|gg
|c|☆Neblina|es bot 3'
|c|☆Neblina|?
|c|☆Azure Flame Knight|no xd
|c|☆Neblina|bno
|c|☆Neblina|gg
|l|Neblina</script>
</div>
<div class="battle-log battle-log-inline"><div class="inner"><div class="battle-options"></div><div class="inner"><div class="chat"><small>Neblina joined.</small></div><div class="chat"><small>Azure Flame Knight joined.</small></div><div class=""><small>Format:</small> <br><strong>RU</strong></div><div class=""><small><em>Cláusula-Mod de Dormir:</em> solo puedes dormir a uno de tus oponentes a la vez.</small></div><div class=""><small><em>Cláusula de Especie:</em> Hasta un Pokémon de cada especie</small></div><div class=""><small><em>Cláusula de Golpe Fulminante:</em> los movimientos fulminantes (OHKO) estan prohibidos</small></div><div class=""><small><em>Cláusula de Moody:</em> la habilidad Moody está prohibida</small></div><div class=""><small><em>Cláusula de Movimientos Evasivos:</em> los movimientos de evasion estan prohibidos</small></div><div class=""><small><em>Cláusula de Batallas Eternas:</em> forzar batallas eternas está prohibido</small></div><div class="chat battle-history"><strong>Neblina's team:</strong> <em style="color:#445566;display:block;">Kommo-o / Glalie / Cresselia / Feraligatr / Comfey / Donphan</em></div><div class="chat battle-history"><strong>Azure Flame Knight's team:</strong> <em style="color:#445566;display:block;">Bronzong / Kabutops / Kingdra / Arbok / Doublade / Yanmega</em></div><div class="spacer battle-history"><br></div><div class="battle-history">Battle started between Neblina and Azure Flame Knight!<br></div><div class="spacer battle-history"><br></div><div class="battle-history">Go! <strong>Kommo-o</strong>!<br></div><div class="spacer battle-history"><br></div><div class="battle-history">Azure Flame Knight sent out <strong>Yanmega</strong>!<br></div><div class="spacer battle-history"><br></div><h2 class="battle-history">Turn 1</h2><div class="spacer battle-history"><br></div><div class="battle-history">The opposing Yanmega used <strong>Air Slash</strong>!<br></div><div class="battle-history"><small>It's super effective!</small><br></div><div class="battle-history"><small>(Kommo-o lost <abbr title="−248/291">85.2%</abbr> of its health!)</small><br></div><div class="spacer battle-history"><br></div><div class="battle-history">Kommo-o used <strong>Flamethrower</strong>!<br></div><div class="battle-history"><small>It's super effective!</small><br></div><div class="battle-history"><small>The opposing Yanmega hung on using its Focus Sash!</small><br></div><div class="battle-history"><small>(The opposing Yanmega lost <abbr title="−312/313">99.7%</abbr> of its health!)</small><br></div><div class="spacer battle-history"><br></div><div class="battle-history"><small>[The opposing Yanmega's Speed Boost]</small><br></div><div class="battle-history"><small>The opposing Yanmega's Speed rose!</small><br></div><div class="spacer battle-history"><br></div><h2 class="battle-history">Turn 2</h2><div class="spacer battle-history"><br></div><div class="battle-history">Kommo-o, come back!<br></div><div class="battle-history">Go! <strong>Comfey</strong>!<br></div><div class="spacer battle-history"><br></div><div class="battle-history">The opposing Yanmega used <strong>Bug Buzz</strong>!<br></div><div class="battle-history"><small>It's not very effective...</small><br></div><div class="battle-history"><small>(Comfey lost <abbr title="−79/306">25.8%</abbr> of its health!)</small><br></div><div class="spacer battle-history"><br></div><div class="battle-history"><small>Comfey restored a little HP using its Leftovers!</small><br></div><div class="battle-history"><small>[The opposing Yanmega's Speed Boost]</small><br></div><div class="battle-history"><small>The opposing Yanmega's Speed rose!</small><br></div><div class="spacer battle-history"><br></div><h2 class="battle-history">Turn 3</h2><div class="spacer battle-history"><br></div><div class="battle-history">Comfey used <strong>Draining Kiss</strong>!<br></div><div class="battle-history"><small>(The opposing Yanmega lost <abbr title="−1/313">0.3%</abbr> of its health!)</small><br></div><div class="battle-history"><small>The opposing Yanmega had its energy drained!</small><br></div><div class="spacer battle-history"><br></div><div class="battle-history">The opposing Yanmega fainted!<br></div><div class="spacer battle-history"><br></div><div class="battle-history"><small>Comfey restored a little HP using its Leftovers!</small><br></div><div class="spacer battle-history"><br></div><div class="battle-history">Azure Flame Knight sent out <strong>Kabutops</strong>!<br></div><div class="spacer battle-history"><br></div><h2 class="battle-history">Turn 4</h2><div class="spacer battle-history"><br></div><div class="battle-history">The opposing Kabutops used <strong>Stone Edge</strong>!<br></div><div class="battle-history"><small>(Comfey lost <abbr title="−203/306">66.3%</abbr> of its health!)</small><br></div><div class="battle-history"><small>The opposing Kabutops lost some of its HP!</small><br></div><div class="spacer battle-history"><br></div><div class="battle-history">Comfey used <strong>Calm Mind</strong>!<br></div><div class="battle-history"><small>Comfey's Special Attack rose!</small><br></div><div class="battle-history"><small>Comfey's Special Defense rose!</small><br></div><div class="spacer battle-history"><br></div><div class="battle-history"><small>Comfey restored a little HP using its Leftovers!</small><br></div><div class="spacer battle-history"><br></div><h2 class="battle-history">Turn 5</h2><div class="spacer battle-history"><br></div><div class="battle-history">Comfey used <strong>Draining Kiss</strong>!<br></div><div class="battle-history"><small>(The opposing Kabutops lost <abbr title="−100/261">38.3%</abbr> of its health!)</small><br></div><div class="battle-history"><small>The opposing Kabutops had its energy drained!</small><br></div><div class="spacer battle-history"><br></div><div class="battle-history">The opposing Kabutops used <strong>Stone Edge</strong>!<br></div><div class="battle-history"><small>(Comfey lost <abbr title="−157/306">51.3%</abbr> of its health!)</small><br></div><div class="battle-history"><small>The opposing Kabutops lost some of its HP!</small><br></div><div class="spacer battle-history"><br></div><div class="battle-history">Comfey fainted!<br></div><div class="spacer battle-history"><br></div><div class="battle-history">Go! <strong>Glalie</strong>!<br></div><div class="spacer battle-history"><br></div><h2 class="battle-history">Turn 6</h2><div class="spacer battle-history"><br></div><div class="battle-history"><small>Glalie's Glalitite is reacting to the Key Stone!</small><br>Glalie has Mega Evolved into Mega Glalie!<br></div><div class="spacer battle-history"><br></div><div class="battle-history">The opposing Kabutops used <strong>Aqua Jet</strong>!<br></div><div class="battle-history"><small>(Glalie lost <abbr title="−117/301">38.9%</abbr> of its health!)</small><br></div><div class="battle-history"><small>The opposing Kabutops lost some of its HP!</small><br></div><div class="spacer battle-history"><br></div><div class="battle-history">Glalie used <strong>Freeze-Dry</strong>!<br></div><div class="battle-history"><small>It's super effective!</small><br></div><div class="battle-history"><small>(The opposing Kabutops lost <abbr title="−83/261">31.8%</abbr> of its health!)</small><br></div><div class="spacer battle-history"><br></div><div class="battle-history">The opposing Kabutops fainted!<br></div><div class="spacer battle-history"><br></div><div class="battle-history">Azure Flame Knight sent out <strong>Doublade</strong>!<br></div><div class="spacer battle-history"><br></div><h2 class="battle-history">Turn 7</h2><div class="spacer battle-history"><br></div><div class="battle-history">Glalie, come back!<br></div><div class="battle-history">Go! <strong>Donphan</strong>!<br></div><div class="spacer battle-history"><br></div><div class="battle-history">The opposing Doublade used <strong>Swords Dance</strong>!<br></div><div class="battle-history"><small>The opposing Doublade's Attack rose sharply!</small><br></div><div class="spacer battle-history"><br></div><h2 class="battle-history">Turn 8</h2><div class="spacer battle-history"><br></div><div class="battle-history">Donphan used <strong>Earthquake</strong>!<br></div><div class="battle-history"><small>It's super effective!</small><br></div><div class="battle-history"><small>(The opposing Doublade lost <abbr title="−134/322">41.6%</abbr> of its health!)</small><br></div><div class="spacer battle-history"><br></div><div class="battle-history">The opposing Doublade used <strong>Iron Head</strong>!<br></div><div class="battle-history"><small>(Donphan lost <abbr title="−247/384">64.3%</abbr> of its health!)</small><br></div><div class="spacer battle-history"><br></div><div class="battle-history"><small>Donphan restored a little HP using its Leftovers!</small><br></div><div class="spacer battle-history"><br></div><h2 class="battle-history">Turn 9</h2><div class="spacer battle-history"><br></div><div class="battle-history">Donphan used <strong>Knock Off</strong>!<br></div><div class="battle-history"><small>It's super effective!</small><br></div><div class="battle-history"><small>(The opposing Doublade lost <abbr title="−96/322">29.8%</abbr> of its health!)</small><br></div><div class="battle-history"><small>Donphan knocked off the opposing Doublade's Eviolite!</small><br></div><div class="spacer battle-history"><br></div><div class="battle-history">The opposing Doublade used <strong>Iron Head</strong>!<br></div><div class="battle-history"><small>(Donphan lost <abbr title="−161/384">41.9%</abbr> of its health!)</small><br></div><div class="spacer battle-history"><br></div><div class="battle-history">Donphan fainted!<br></div><div class="spacer battle-history"><br></div><div class="battle-history">Go! Glalie (<strong>Glalie-Mega</strong>)!<br></div><div class="spacer battle-history"><br></div><h2 class="battle-history">Turn 10</h2><div class="spacer battle-history"><br></div><div class="battle-history">The opposing Doublade used <strong>Shadow Sneak</strong>!<br></div><div class="battle-history"><small>(Glalie lost <abbr title="−180/301">59.8%</abbr> of its health!)</small><br></div><div class="spacer battle-history"><br></div><div class="battle-history">Glalie used <strong>Earthquake</strong>!<br></div><div class="battle-history"><small>It's super effective!</small><br></div><div class="battle-history"><small>(The opposing Doublade lost <abbr title="−92/322">28.6%</abbr> of its health!)</small><br></div><div class="spacer battle-history"><br></div><div class="battle-history">The opposing Doublade fainted!<br></div><div class="spacer battle-history"><br></div><div class="battle-history">Azure Flame Knight sent out <strong>Bronzong</strong>!<br></div><div class="spacer battle-history"><br></div><h2 class="battle-history">Turn 11</h2><div class="spacer battle-history"><br></div><div class="battle-history">Glalie used <strong>Double-Edge</strong>!<br></div><div class="battle-history"><small>It's not very effective...</small><br></div><div class="battle-history"><small>(The opposing Bronzong lost <abbr title="−111/338">32.8%</abbr> of its health!)</small><br></div><div class="battle-history"><small>Glalie is damaged by the recoil!</small><br></div><div class="spacer battle-history"><br></div><div class="battle-history">Glalie fainted!<br></div><div class="battle-history">The opposing Bronzong used <strong>Rain Dance</strong>!<br></div><div class="battle-history"><small>It started to rain!</small><br></div><div class="spacer battle-history"><br></div><div class="battle-history"><small>(Rain continues to fall!)</small><br></div><div class="spacer battle-history"><br></div><div class="battle-history">Go! <strong>Kommo-o</strong>!<br></div><div class="spacer battle-history"><br></div><h2 class="battle-history">Turn 12</h2><div class="spacer battle-history"><br></div><div class="battle-history">Kommo-o used <strong>Flamethrower</strong>!<br></div><div class="battle-history"><small>It's super effective!</small><br></div><div class="battle-history"><small>(The opposing Bronzong lost <abbr title="−98/338">29.0%</abbr> of its health!)</small><br></div><div class="spacer battle-history"><br></div><div class="battle-history">The opposing Bronzong used <strong>Stealth Rock</strong>!<br></div><div class="battle-history"><small>Pointed stones float in the air around your team!</small><br></div><div class="spacer battle-history"><br></div><div class="battle-history"><small>(Rain continues to fall!)</small><br></div><div class="spacer battle-history"><br></div><h2 class="battle-history">Turn 13</h2><div class="spacer battle-history"><br></div><div class="battle-history">Kommo-o used <strong>Flamethrower</strong>!<br></div><div class="battle-history"><small>It's super effective!</small><br></div><div class="battle-history"><small>(The opposing Bronzong lost <abbr title="−100/338">29.6%</abbr> of its health!)</small><br></div><div class="spacer battle-history"><br></div><div class="battle-history">The opposing Bronzong used <strong>Explosion</strong>!<br></div><div class="battle-history"><small>(Kommo-o lost <abbr title="−43/291">14.8%</abbr> of its health!)</small><br></div><div class="spacer battle-history"><br></div><div class="battle-history">The opposing Bronzong fainted!<br></div><div class="battle-history">Kommo-o fainted!<br></div><div class="spacer battle-history"><br></div><div class="battle-history"><small>(Rain continues to fall!)</small><br></div><div class="spacer battle-history"><br></div><div class="battle-history">Azure Flame Knight sent out <strong>Kingdra</strong>!<br></div><div class="spacer battle-history"><br></div><div class="battle-history">Go! <strong>Cresselia</strong>!<br></div><div class="battle-history"><small>Pointed stones dug into Cresselia!</small><br></div><div class="spacer battle-history"><br></div><h2 class="battle-history">Turn 14</h2><div class="spacer battle-history"><br></div><div class="battle-history">The opposing Kingdra used <strong>Hydro Pump</strong>!<br></div><div class="battle-history"><small>(Cresselia lost <abbr title="−237/441">53.7%</abbr> of its health!)</small><br></div><div class="spacer battle-history"><br></div><div class="battle-history">Cresselia used <strong>Toxic</strong>!<br></div><div class="battle-history"><small>The opposing Kingdra was badly poisoned!</small><br></div><div class="spacer battle-history"><br></div><div class="battle-history"><small>(Rain continues to fall!)</small><br></div><div class="battle-history"><small>Cresselia restored a little HP using its Leftovers!</small><br></div><div class="battle-history"><small>The opposing Kingdra was hurt by poison!</small><br></div><div class="spacer battle-history"><br></div><h2 class="battle-history">Turn 15</h2><div class="spacer battle-history"><br></div><div class="battle-history">The opposing Kingdra used <strong>Hydro Pump</strong>!<br></div><div class="battle-history"><small>Cresselia avoided the attack!</small><br></div><div class="spacer battle-history"><br></div><div class="battle-history">Cresselia used <strong>Moonlight</strong>!<br></div><div class="battle-history"><small>Cresselia restored its HP.</small><br></div><div class="spacer battle-history"><br></div><div class="battle-history"><small>(Rain continues to fall!)</small><br></div><div class="battle-history"><small>Cresselia restored a little HP using its Leftovers!</small><br></div><div class="battle-history"><small>The opposing Kingdra was hurt by poison!</small><br></div><div class="spacer battle-history"><br></div><h2 class="battle-history">Turn 16</h2><div class="chat chatmessage-azureflameknight"><strong style="color:hsl(177,49%,42%)"><small>☆</small><span class="username" data-name="Azure Flame Knight">Azure Flame Knight</span>:</strong> <em>sad</em></div><div class="spacer battle-history"><br></div><div class="battle-history">The opposing Kingdra used <strong>Hydro Pump</strong>!<br></div><div class="battle-history"><small>(Cresselia lost <abbr title="−241/441">54.6%</abbr> of its health!)</small><br></div><div class="spacer battle-history"><br></div><div class="battle-history">Cresselia used <strong>Moonlight</strong>!<br></div><div class="battle-history"><small>Cresselia restored its HP.</small><br></div><div class="spacer battle-history"><br></div><div class="battle-history"><small>(Rain continues to fall!)</small><br></div><div class="battle-history"><small>Cresselia restored a little HP using its Leftovers!</small><br></div><div class="battle-history"><small>The opposing Kingdra was hurt by poison!</small><br></div><div class="spacer battle-history"><br></div><h2 class="battle-history">Turn 17</h2><div class="spacer battle-history"><br></div><div class="battle-history">The opposing Kingdra used <strong>Hydro Pump</strong>!<br></div><div class="battle-history"><small>(Cresselia lost <abbr title="−209/441">47.4%</abbr> of its health!)</small><br></div><div class="spacer battle-history"><br></div><div class="battle-history">Cresselia fainted!<br></div><div class="spacer battle-history"><br></div><div class="battle-history"><small>(Rain continues to fall!)</small><br></div><div class="battle-history"><small>The opposing Kingdra was hurt by poison!</small><br></div><div class="spacer battle-history"><br></div><div class="battle-history">Go! <strong>Feraligatr</strong>!<br></div><div class="battle-history"><small>Pointed stones dug into Feraligatr!</small><br></div><div class="spacer battle-history"><br></div><h2 class="battle-history">Turn 18</h2><div class="spacer battle-history"><br></div><div class="battle-history">The opposing Kingdra used <strong>Hydro Pump</strong>!<br></div><div class="battle-history"><small>It's not very effective...</small><br></div><div class="battle-history"><small>(Feraligatr lost <abbr title="−234/311">75.2%</abbr> of its health!)</small><br></div><div class="spacer battle-history"><br></div><div class="battle-history">Feraligatr used <strong>Dragon Dance</strong>!<br></div><div class="battle-history"><small>Feraligatr's Attack rose!</small><br></div><div class="battle-history"><small>Feraligatr's Speed rose!</small><br></div><div class="spacer battle-history"><br></div><div class="battle-history"><small>The rain stopped.</small><br></div><div class="battle-history"><small>The opposing Kingdra was hurt by poison!</small><br></div><div class="spacer battle-history"><br></div><h2 class="battle-history">Turn 19</h2><div class="spacer battle-history"><br></div><div class="battle-history">Feraligatr used <strong>Waterfall</strong>!<br></div><div class="battle-history"><small>It's not very effective...</small><br></div><div class="battle-history"><small>(The opposing Kingdra lost <abbr title="−21/291">7.2%</abbr> of its health!)</small><br></div><div class="spacer battle-history"><br></div><div class="battle-history">The opposing Kingdra fainted!<br></div><div class="spacer battle-history"><br></div><div class="battle-history">Azure Flame Knight sent out <strong>Arbok</strong>!<br></div><div class="spacer battle-history"><br></div><h2 class="battle-history">Turn 20</h2><div class="spacer battle-history"><br></div><div class="battle-history">The opposing Arbok used <strong>Sucker Punch</strong>!<br></div><div class="battle-history"><small>(Feraligatr lost <abbr title="−39/311">12.5%</abbr> of its health!)</small><br></div><div class="spacer battle-history"><br></div><div class="battle-history">Feraligatr fainted!<br></div><div class="spacer battle-history"><br></div><div class="battle-history"><strong>Azure Flame Knight</strong> won the battle!<br></div><div class="chat chatmessage-azureflameknight"><strong style="color:hsl(177,49%,42%)"><small>☆</small><span class="username" data-name="Azure Flame Knight">Azure Flame Knight</span>:</strong> <em>gg</em></div><div class="chat chatmessage-neblina"><strong style="color:hsl(176,89%,34.213001678159486%)"><small>☆</small><span class="username" data-name="Neblina">Neblina</span>:</strong> <em>es bot 3'</em></div><div class="chat chatmessage-neblina"><strong style="color:hsl(176,89%,34.213001678159486%)"><small>☆</small><span class="username" data-name="Neblina">Neblina</span>:</strong> <em>?</em></div><div class="chat chatmessage-azureflameknight"><strong style="color:hsl(177,49%,42%)"><small>☆</small><span class="username" data-name="Azure Flame Knight">Azure Flame Knight</span>:</strong> <em>no xd</em></div><div class="chat chatmessage-neblina"><strong style="color:hsl(176,89%,34.213001678159486%)"><small>☆</small><span class="username" data-name="Neblina">Neblina</span>:</strong> <em>bno</em></div><div class="chat chatmessage-neblina"><strong style="color:hsl(176,89%,34.213001678159486%)"><small>☆</small><span class="username" data-name="Neblina">Neblina</span>:</strong> <em>gg</em></div><div class="chat"><small>Neblina left.</small></div></div><div class="inner-preempt"></div></div></div>
</div>
<script>
let daily = Math.floor(Date.now()/1000/60/60/24);document.write('<script src="https://play.pokemonshowdown.com/js/replay-embed.js?version'+daily+'"></'+'script>');
</script>
