<!DOCTYPE html>
<meta charset="utf-8" />
<!-- version 1 -->
<title>RU replay: Woao vs. Guest 602586</title>
<style>
html,body {font-family:Verdana, sans-serif;font-size:10pt;margin:0;padding:0;}body{padding:12px 0;} .battle-log {font-family:Verdana, sans-serif;font-size:10pt;} .battle-log-inline {border:1px solid #AAAAAA;background:#EEF2F5;color:black;max-width:640px;margin:0 auto 80px;padding-bottom:5px;} .battle-log .inner {padding:4px 8px 0px 8px;} .battle-log .inner-preempt {padding:0 8px 4px 8px;} .battle-log .inner-after {margin-top:0.5em;} .battle-log h2 {margin:0.5em -8px;padding:4px 8px;border:1px solid #AAAAAA;background:#E0E7EA;border-left:0;border-right:0;font-family:Verdana, sans-serif;font-size:13pt;} .battle-log .chat {vertical-align:middle;padding:3px 0 3px 0;font-size:8pt;} .battle-log .chat strong {color:#40576A;} .battle-log .chat em {padding:1px 4px 1px 3px;color:#000000;font-style:normal;} .chat.mine {background:rgba(0,0,0,0.05);margin-left:-8px;margin-right:-8px;padding-left:8px;padding-right:8px;} .spoiler {color:#BBBBBB;background:#BBBBBB;padding:0px 3px;} .spoiler:hover, .spoiler:active, .spoiler-shown {color:#000000;background:#E2E2E2;padding:0px 3px;} .spoiler a {color:#BBBBBB;} .spoiler:hover a, .spoiler:active a, .spoiler-shown a {color:#2288CC;} .chat code, .chat .spoiler:hover code, .chat .spoiler:active code, .chat .spoiler-shown code {border:1px solid #C0C0C0;background:#EEEEEE;color:black;padding:0 2px;} .chat .spoiler code {border:1px solid #CCCCCC;background:#CCCCCC;color:#CCCCCC;} .battle-log .rated {padding:3px 4px;} .battle-log .rated strong {color:white;background:#89A;padding:1px 4px;border-radius:4px;} .spacer {margin-top:0.5em;} .message-announce {background:#6688AA;color:white;padding:1px 4px 2px;} .message-announce a, .broadcast-green a, .broadcast-blue a, .broadcast-red a {color:#DDEEFF;} .broadcast-green {background-color:#559955;color:white;padding:2px 4px;} .broadcast-blue {background-color:#6688AA;color:white;padding:2px 4px;} .infobox {border:1px solid #6688AA;padding:2px 4px;} .infobox-limited {max-height:200px;overflow:auto;overflow-x:hidden;} .broadcast-red {background-color:#AA5544;color:white;padding:2px 4px;} .message-learn-canlearn {font-weight:bold;color:#228822;text-decoration:underline;} .message-learn-cannotlearn {font-weight:bold;color:#CC2222;text-decoration:underline;} .message-effect-weak {font-weight:bold;color:#CC2222;} .message-effect-resist {font-weight:bold;color:#6688AA;} .message-effect-immune {font-weight:bold;color:#666666;} .message-learn-list {margin-top:0;margin-bottom:0;} .message-throttle-notice, .message-error {color:#992222;} .message-overflow, .chat small.message-overflow {font-size:0pt;} .message-overflow::before {font-size:9pt;content:'...';} .subtle {color:#3A4A66;}
</style>
<div class="wrapper replay-wrapper" style="max-width:1180px;margin:0 auto">
<input type="hidden" name="replayid" value="ru-492312030" />
<div class="battle"></div><div class="battle-log"></div><div class="replay-controls"></div><div class="replay-controls-2"></div>
<h1 style="font-weight:normal;text-align:center"><strong>RU</strong><br /><a href="http://pokemonshowdown.com/users/woao" class="subtle" target="_blank">Woao</a> vs. <a href="http://pokemonshowdown.com/users/guest602586" class="subtle" target="_blank">Guest 602586</a></h1>
<script type="text/plain" class="battle-log-data">|j|Woao
|player|p1|Woao|290
|player|p2|Guest 602586|121
|gametype|singles
|gen|6
|tier|RU
|seed|35454,2337,52418,17182
|rule|Sleep Clause Mod: Limit one foe put to sleep
|rule|Species Clause: Limit one of each Pokémon
|rule|OHKO Clause: OHKO moves are banned
|rule|Moody Clause: Moody is banned
|rule|Evasion Moves Clause: Evasion moves are banned
|rule|Endless Battle Clause: Forcing endless battles is banned
|rule|HP Percentage Mod: HP is shown in percentages
|clearpoke
|poke|p1|Meloetta|item
|poke|p1|Druddigon, M|item
|poke|p1|Banette, M|item
|poke|p1|Drapion, F|item
|poke|p1|Sigilyph, M|item
|poke|p1|Eelektross, F|item
|poke|p2|Medicham, M|item
|poke|p2|Ambipom, F|item
|poke|p2|Blastoise, M|item
|poke|p2|Aromatisse, M|item
|poke|p2|Hoopa|item
|poke|p2|Accelgor, F|item
|rule|Swagger Clause: Swagger is banned
|rule|Baton Pass Clause: Limit one Baton Passer, can't pass Spe and other stats simultaneously
|teampreview
|choice|team 4, team 2, team 3, team 1, team 5, team 6|team 6, team 2, team 3, team 4, team 5, team 1
|
|start
|switch|p1a: Drapion|Drapion, F|281\/281
|switch|p2a: Accelgor|Accelgor, F|301\/301
|turn|1
|choice|move swordsdance|move spikes
|
|move|p2a: Accelgor|Spikes|p1a: Drapion
|-sidestart|p1: Woao|Spikes
|move|p1a: Drapion|Swords Dance|p1a: Drapion
|-boost|p1a: Drapion|atk|2
|
|upkeep
|turn|2
|choice|move knockoff|move encore
|
|move|p2a: Accelgor|Encore|p1a: Drapion
|-start|p1a: Drapion|Encore
|move|p1a: Drapion|Swords Dance|p1a: Drapion
|-boost|p1a: Drapion|atk|2
|
|upkeep
|turn|3
|choice|switch 6|move bugbuzz
|
|switch|p1a: Eelektross|Eelektross, F|374\/374
|move|p2a: Accelgor|Bug Buzz|p1a: Eelektross
|-damage|p1a: Eelektross|256\/374
|
|upkeep
|turn|4
|choice|move flamethrower|move uturn
|
|move|p2a: Accelgor|U-turn|p1a: Eelektross
|-damage|p1a: Eelektross|189\/374
|choice||switch 4
|
|switch|p2a: Aromatisse|Aromatisse, M|406\/406
|move|p1a: Eelektross|Flamethrower|p2a: Aromatisse
|-damage|p2a: Aromatisse|321\/406
|
|-heal|p2a: Aromatisse|346\/406|[from] item: Leftovers
|upkeep
|turn|5
|choice|move gigadrain|move wish
|
|move|p1a: Eelektross|Giga Drain|p2a: Aromatisse
|-damage|p2a: Aromatisse|285\/406
|-heal|p1a: Eelektross|220\/374|[from] drain|[of] p2a: Aromatisse
|move|p2a: Aromatisse|Wish|p2a: Aromatisse
|
|-heal|p2a: Aromatisse|310\/406|[from] item: Leftovers
|upkeep
|turn|6
|choice|move gigadrain|move moonblast
|
|move|p1a: Eelektross|Giga Drain|p2a: Aromatisse
|-damage|p2a: Aromatisse|240\/406
|-heal|p1a: Eelektross|255\/374|[from] drain|[of] p2a: Aromatisse
|move|p2a: Aromatisse|Moonblast|p1a: Eelektross
|-damage|p1a: Eelektross|170\/374
|
|-heal|p2a: Aromatisse|406\/406|[from] move: Wish|[wisher] Aromatisse
|upkeep
|turn|7
|choice|move thunderbolt|move wish
|
|move|p1a: Eelektross|Thunderbolt|p2a: Aromatisse
|-damage|p2a: Aromatisse|292\/406
|move|p2a: Aromatisse|Wish|p2a: Aromatisse
|
|-heal|p2a: Aromatisse|317\/406|[from] item: Leftovers
|upkeep
|turn|8
|choice|switch 6|move moonblast
|
|switch|p1a: Drapion|Drapion, F|281\/281
|-damage|p1a: Drapion|246\/281|[from] Spikes
|move|p2a: Aromatisse|Moonblast|p1a: Drapion
|-damage|p1a: Drapion|93\/281
|
|-heal|p2a: Aromatisse|406\/406|[from] move: Wish|[wisher] Aromatisse
|upkeep
|turn|9
|j|jcd1999
|choice|move poisonjab|switch 3
|
|switch|p2a: Blastoise|Blastoise, M|362\/362
|move|p1a: Drapion|Poison Jab|p2a: Blastoise
|-damage|p2a: Blastoise|281\/362
|
|-heal|p2a: Blastoise|303\/362|[from] item: Leftovers
|upkeep
|turn|10
|choice|move knockoff|move scald
|
|move|p1a: Drapion|Knock Off|p2a: Blastoise
|-damage|p2a: Blastoise|206\/362
|-enditem|p2a: Blastoise|Leftovers|[from] move: Knock Off|[of] p1a: Drapion
|move|p2a: Blastoise|Scald|p1a: Drapion
|-damage|p1a: Drapion|0 fnt
|faint|p1a: Drapion
|
|upkeep
|l|jcd1999
|choice|switch 4|
|
|switch|p1a: Meloetta|Meloetta|404\/404
|-damage|p1a: Meloetta|354\/404|[from] Spikes
|turn|11
|choice|move relicsong|switch 5
|
|switch|p2a: Hoopa|Hoopa|363\/363
|move|p1a: Meloetta|Relic Song|p2a: Hoopa
|-immune|p2a: Hoopa|[msg]
|
|upkeep
|turn|12
|choice|move psychic|switch 5
|
|switch|p2a: Blastoise|Blastoise, M|206\/362
|move|p1a: Meloetta|Psychic|p2a: Blastoise
|-damage|p2a: Blastoise|0 fnt
|-damage|p1a: Meloetta|314\/404|[from] item: Life Orb
|faint|p2a: Blastoise
|
|upkeep
|choice||switch 4
|
|switch|p2a: Accelgor|Accelgor, F|301\/301
|turn|13
|choice|switch 2|move bugbuzz
|
|switch|p1a: Druddigon|Druddigon, M|351\/351
|-damage|p1a: Druddigon|308\/351|[from] Spikes
|move|p2a: Accelgor|Bug Buzz|p1a: Druddigon
|-damage|p1a: Druddigon|145\/351
|
|upkeep
|turn|14
|choice|move firepunch|move bugbuzz
|
|move|p2a: Accelgor|Bug Buzz|p1a: Druddigon
|-damage|p1a: Druddigon|0 fnt
|faint|p1a: Druddigon
|
|upkeep
|choice|switch 3|
|
|switch|p1a: Banette|Banette, M|326\/326
|-damage|p1a: Banette|286\/326|[from] Spikes
|-item|p2a: Accelgor|Focus Sash|[from] ability: Frisk|[of] p1a: Banette|[identify]
|turn|15
|choice|move shadowsneak mega|move bugbuzz
|
|detailschange|p1a: Banette|Banette-Mega, M
|-mega|p1a: Banette|Banette|Banettite
|move|p1a: Banette|Shadow Sneak|p2a: Accelgor
|-damage|p2a: Accelgor|112\/301
|move|p2a: Accelgor|Bug Buzz|p1a: Banette
|-resisted|p1a: Banette
|-damage|p1a: Banette|208\/326
|
|upkeep
|turn|16
|choice|move shadowsneak|move spikes
|
|move|p1a: Banette|Shadow Sneak|p2a: Accelgor
|-damage|p2a: Accelgor|0 fnt
|faint|p2a: Accelgor
|
|upkeep
|choice||switch 3
|
|switch|p2a: Aromatisse|Aromatisse, M|406\/406
|turn|17
|choice|move gunkshot|move moonblast
|
|move|p1a: Banette|Gunk Shot|p2a: Aromatisse
|-supereffective|p2a: Aromatisse
|-damage|p2a: Aromatisse|0 fnt
|faint|p2a: Aromatisse
|
|upkeep
|choice||switch 6
|
|switch|p2a: Medicham|Medicham, M|261\/261
|turn|18
|c|★Woao|i love how people just randomly send in fairy types on my banette
|choice|move willowisp|move zenheadbutt
|
|move|p1a: Banette|Will-O-Wisp|p2a: Medicham
|-status|p2a: Medicham|brn
|move|p2a: Medicham|Zen Headbutt|p1a: Banette
|-damage|p1a: Banette|94\/326
|
|-damage|p2a: Medicham|229\/261 brn|[from] brn
|upkeep
|turn|19
|choice|move shadowsneak|move zenheadbutt
|
|move|p1a: Banette|Shadow Sneak|p2a: Medicham
|-supereffective|p2a: Medicham
|-damage|p2a: Medicham|0 fnt
|faint|p2a: Medicham
|
|upkeep
|choice||switch 5
|
|switch|p2a: Hoopa|Hoopa|363\/363
|turn|20
|c|★Woao|lol
|choice|move shadowsneak|move shadowball
|
|move|p1a: Banette|Shadow Sneak|p2a: Hoopa
|-supereffective|p2a: Hoopa
|-damage|p2a: Hoopa|0 fnt
|faint|p2a: Hoopa
|
|upkeep
|choice||switch 2
|
|switch|p2a: Ambipom|Ambipom, F|291\/291
|turn|21
|c|★Woao|fake out last resort ambipom?
|choice|move willowisp|move lastresort
|
|move|p1a: Banette|Will-O-Wisp|p2a: Ambipom
|-status|p2a: Ambipom|brn
|move|p2a: Ambipom|Last Resort|p1a: Banette
|-immune|p1a: Banette|[msg]
|
|-damage|p2a: Ambipom|255\/291 brn|[from] brn
|upkeep
|turn|22
|c|★Woao|XD
|choice|move destinybond|move lastresort
|
|move|p1a: Banette|Destiny Bond|p1a: Banette
|-singlemove|p1a: Banette|Destiny Bond
|move|p2a: Ambipom|Last Resort|p1a: Banette
|-immune|p1a: Banette|[msg]
|
|-damage|p2a: Ambipom|219\/291 brn|[from] brn
|upkeep
|turn|23
|choice|move shadowsneak|move lastresort
|
|move|p1a: Banette|Shadow Sneak|p2a: Ambipom
|-immune|p2a: Ambipom|[msg]
|move|p2a: Ambipom|Last Resort|p1a: Banette
|-immune|p1a: Banette|[msg]
|
|-damage|p2a: Ambipom|183\/291 brn|[from] brn
|upkeep
|turn|24
|-message|Guest 602586 forfeited.
|
|win|Woao
|player|p1
|player|p2</script>
</div>
<div class="battle-log battle-log-inline"><div class="inner"><div class="battle-options"></div><div class="inner"><div class="chat"><small>Woao joined.</small></div><div class=""><small>Format:</small> <br><strong>RU</strong></div><div class=""><small><em>Sleep Clause Mod:</em> Limit one foe put to sleep</small></div><div class=""><small><em>Species Clause:</em> Limit one of each Pokémon</small></div><div class=""><small><em>OHKO Clause:</em> OHKO moves are banned</small></div><div class=""><small><em>Moody Clause:</em> Moody is banned</small></div><div class=""><small><em>Evasion Moves Clause:</em> Evasion moves are banned</small></div><div class=""><small><em>Endless Battle Clause:</em> Forcing endless battles is banned</small></div><div class=""><small><em>HP Percentage Mod:</em> HP is shown in percentages</small></div><div class=""><small><em>Swagger Clause:</em> Swagger is banned</small></div><div class=""><small><em>Baton Pass Clause:</em> Limit one Baton Passer, can't pass Spe and other stats simultaneously</small></div><div class="chat battle-history"><strong>Woao's team:</strong> <em style="color:#445566;display:block;">Meloetta / Druddigon / Banette / Drapion / Sigilyph / Eelektross</em></div><div class="chat battle-history"><strong>Guest 602586's team:</strong> <em style="color:#445566;display:block;">Medicham / Ambipom / Blastoise / Aromatisse / Hoopa / Accelgor</em></div><div class="spacer battle-history"><br></div><div class="battle-history">Battle started between Woao and Guest 602586!<br></div><div class="spacer battle-history"><br></div><div class="battle-history">Go! <strong>Drapion</strong>!<br></div><div class="spacer battle-history"><br></div><div class="battle-history">Guest 602586 sent out <strong>Accelgor</strong>!<br></div><div class="spacer battle-history"><br></div><h2 class="battle-history">Turn 1</h2><div class="spacer battle-history"><br></div><div class="battle-history">The opposing Accelgor used <strong>Spikes</strong>!<br></div><div class="battle-history"><small>Spikes were scattered on the ground all around your team!</small><br></div><div class="spacer battle-history"><br></div><div class="battle-history">Drapion used <strong>Swords Dance</strong>!<br></div><div class="battle-history"><small>Drapion's Attack rose sharply!</small><br></div><div class="spacer battle-history"><br></div><h2 class="battle-history">Turn 2</h2><div class="spacer battle-history"><br></div><div class="battle-history">The opposing Accelgor used <strong>Encore</strong>!<br></div><div class="battle-history"><small>Drapion received an encore!</small><br></div><div class="spacer battle-history"><br></div><div class="battle-history">Drapion used <strong>Swords Dance</strong>!<br></div><div class="battle-history"><small>Drapion's Attack rose sharply!</small><br></div><div class="spacer battle-history"><br></div><h2 class="battle-history">Turn 3</h2><div class="spacer battle-history"><br></div><div class="battle-history">Drapion, come back!<br></div><div class="battle-history">Go! <strong>Eelektross</strong>!<br></div><div class="spacer battle-history"><br></div><div class="battle-history">The opposing Accelgor used <strong>Bug Buzz</strong>!<br></div><div class="battle-history"><small>(Eelektross lost <abbr title="−118/374">31.6%</abbr> of its health!)</small><br></div><div class="spacer battle-history"><br></div><h2 class="battle-history">Turn 4</h2><div class="spacer battle-history"><br></div><div class="battle-history">The opposing Accelgor used <strong>U-turn</strong>!<br></div><div class="battle-history"><small>(Eelektross lost <abbr title="−67/374">17.9%</abbr> of its health!)</small><br></div><div class="spacer battle-history"><br></div><div class="battle-history">The opposing Accelgor went back to Guest 602586!<br></div><div class="battle-history">Guest 602586 sent out <strong>Aromatisse</strong>!<br></div><div class="spacer battle-history"><br></div><div class="battle-history">Eelektross used <strong>Flamethrower</strong>!<br></div><div class="battle-history"><small>(The opposing Aromatisse lost <abbr title="−85/406">20.9%</abbr> of its health!)</small><br></div><div class="spacer battle-history"><br></div><div class="battle-history"><small>The opposing Aromatisse restored a little HP using its Leftovers!</small><br></div><div class="spacer battle-history"><br></div><h2 class="battle-history">Turn 5</h2><div class="spacer battle-history"><br></div><div class="battle-history">Eelektross used <strong>Giga Drain</strong>!<br></div><div class="battle-history"><small>(The opposing Aromatisse lost <abbr title="−61/406">15.0%</abbr> of its health!)</small><br></div><div class="battle-history"><small>The opposing Aromatisse had its energy drained!</small><br></div><div class="spacer battle-history"><br></div><div class="battle-history">The opposing Aromatisse used <strong>Wish</strong>!<br></div><div class="spacer battle-history"><br></div><div class="battle-history"><small>The opposing Aromatisse restored a little HP using its Leftovers!</small><br></div><div class="spacer battle-history"><br></div><h2 class="battle-history">Turn 6</h2><div class="spacer battle-history"><br></div><div class="battle-history">Eelektross used <strong>Giga Drain</strong>!<br></div><div class="battle-history"><small>(The opposing Aromatisse lost <abbr title="−70/406">17.2%</abbr> of its health!)</small><br></div><div class="battle-history"><small>The opposing Aromatisse had its energy drained!</small><br></div><div class="spacer battle-history"><br></div><div class="battle-history">The opposing Aromatisse used <strong>Moonblast</strong>!<br></div><div class="battle-history"><small>(Eelektross lost <abbr title="−85/374">22.7%</abbr> of its health!)</small><br></div><div class="spacer battle-history"><br></div><div class="battle-history"><small>Aromatisse's wish came true!</small><br></div><div class="spacer battle-history"><br></div><h2 class="battle-history">Turn 7</h2><div class="spacer battle-history"><br></div><div class="battle-history">Eelektross used <strong>Thunderbolt</strong>!<br></div><div class="battle-history"><small>(The opposing Aromatisse lost <abbr title="−114/406">28.1%</abbr> of its health!)</small><br></div><div class="spacer battle-history"><br></div><div class="battle-history">The opposing Aromatisse used <strong>Wish</strong>!<br></div><div class="spacer battle-history"><br></div><div class="battle-history"><small>The opposing Aromatisse restored a little HP using its Leftovers!</small><br></div><div class="spacer battle-history"><br></div><h2 class="battle-history">Turn 8</h2><div class="spacer battle-history"><br></div><div class="battle-history">Eelektross, come back!<br></div><div class="battle-history">Go! <strong>Drapion</strong>!<br></div><div class="battle-history"><small>Drapion is hurt by the spikes!</small><br></div><div class="spacer battle-history"><br></div><div class="battle-history">The opposing Aromatisse used <strong>Moonblast</strong>!<br></div><div class="battle-history"><small>(Drapion lost <abbr title="−153/281">54.4%</abbr> of its health!)</small><br></div><div class="spacer battle-history"><br></div><div class="battle-history"><small>Aromatisse's wish came true!</small><br></div><div class="spacer battle-history"><br></div><h2 class="battle-history">Turn 9</h2><div class="chat"><small>jcd1999 joined.</small></div><div class="spacer battle-history"><br></div><div class="battle-history">Guest 602586 withdrew Aromatisse!<br></div><div class="battle-history">Guest 602586 sent out <strong>Blastoise</strong>!<br></div><div class="spacer battle-history"><br></div><div class="battle-history">Drapion used <strong>Poison Jab</strong>!<br></div><div class="battle-history"><small>(The opposing Blastoise lost <abbr title="−81/362">22.4%</abbr> of its health!)</small><br></div><div class="spacer battle-history"><br></div><div class="battle-history"><small>The opposing Blastoise restored a little HP using its Leftovers!</small><br></div><div class="spacer battle-history"><br></div><h2 class="battle-history">Turn 10</h2><div class="spacer battle-history"><br></div><div class="battle-history">Drapion used <strong>Knock Off</strong>!<br></div><div class="battle-history"><small>(The opposing Blastoise lost <abbr title="−97/362">26.8%</abbr> of its health!)</small><br></div><div class="battle-history"><small>Drapion knocked off the opposing Blastoise's Leftovers!</small><br></div><div class="spacer battle-history"><br></div><div class="battle-history">The opposing Blastoise used <strong>Scald</strong>!<br></div><div class="battle-history"><small>(Drapion lost <abbr title="−93/281">33.1%</abbr> of its health!)</small><br></div><div class="spacer battle-history"><br></div><div class="battle-history">Drapion fainted!<br></div><div class="chat"><small>jcd1999 left.</small></div><div class="spacer battle-history"><br></div><div class="battle-history">Go! <strong>Meloetta</strong>!<br></div><div class="battle-history"><small>Meloetta is hurt by the spikes!</small><br></div><div class="spacer battle-history"><br></div><h2 class="battle-history">Turn 11</h2><div class="spacer battle-history"><br></div><div class="battle-history">Guest 602586 withdrew Blastoise!<br></div><div class="battle-history">Guest 602586 sent out <strong>Hoopa</strong>!<br></div><div class="spacer battle-history"><br></div><div class="battle-history">Meloetta used <strong>Relic Song</strong>!<br></div><div class="battle-history"><small>It doesn't affect the opposing Hoopa...</small><br></div><div class="spacer battle-history"><br></div><h2 class="battle-history">Turn 12</h2><div class="spacer battle-history"><br></div><div class="battle-history">Guest 602586 withdrew Hoopa!<br></div><div class="battle-history">Guest 602586 sent out <strong>Blastoise</strong>!<br></div><div class="spacer battle-history"><br></div><div class="battle-history">Meloetta used <strong>Psychic</strong>!<br></div><div class="battle-history"><small>(The opposing Blastoise lost <abbr title="−206/362">56.9%</abbr> of its health!)</small><br></div><div class="battle-history"><small>Meloetta lost some of its HP!</small><br></div><div class="spacer battle-history"><br></div><div class="battle-history">The opposing Blastoise fainted!<br></div><div class="spacer battle-history"><br></div><div class="battle-history">Guest 602586 sent out <strong>Accelgor</strong>!<br></div><div class="spacer battle-history"><br></div><h2 class="battle-history">Turn 13</h2><div class="spacer battle-history"><br></div><div class="battle-history">Meloetta, come back!<br></div><div class="battle-history">Go! <strong>Druddigon</strong>!<br></div><div class="battle-history"><small>Druddigon is hurt by the spikes!</small><br></div><div class="spacer battle-history"><br></div><div class="battle-history">The opposing Accelgor used <strong>Bug Buzz</strong>!<br></div><div class="battle-history"><small>(Druddigon lost <abbr title="−163/351">46.4%</abbr> of its health!)</small><br></div><div class="spacer battle-history"><br></div><h2 class="battle-history">Turn 14</h2><div class="spacer battle-history"><br></div><div class="battle-history">The opposing Accelgor used <strong>Bug Buzz</strong>!<br></div><div class="battle-history"><small>(Druddigon lost <abbr title="−145/351">41.3%</abbr> of its health!)</small><br></div><div class="spacer battle-history"><br></div><div class="battle-history">Druddigon fainted!<br></div><div class="spacer battle-history"><br></div><div class="battle-history">Go! <strong>Banette</strong>!<br></div><div class="battle-history"><small>Banette is hurt by the spikes!</small><br></div><div class="battle-history"><small>[Banette's Frisk]</small><br><small>Banette frisked the opposing Accelgor and found its Focus Sash!</small><br></div><div class="spacer battle-history"><br></div><h2 class="battle-history">Turn 15</h2><div class="spacer battle-history"><br></div><div class="battle-history"><small>Banette's Banettite is reacting to Woao's Mega Bracelet!</small><br>Banette has Mega Evolved into Mega Banette!<br></div><div class="spacer battle-history"><br></div><div class="battle-history">Banette used <strong>Shadow Sneak</strong>!<br></div><div class="battle-history"><small>(The opposing Accelgor lost <abbr title="−189/301">62.8%</abbr> of its health!)</small><br></div><div class="spacer battle-history"><br></div><div class="battle-history">The opposing Accelgor used <strong>Bug Buzz</strong>!<br></div><div class="battle-history"><small>It's not very effective...</small><br></div><div class="battle-history"><small>(Banette lost <abbr title="−78/326">23.9%</abbr> of its health!)</small><br></div><div class="spacer battle-history"><br></div><h2 class="battle-history">Turn 16</h2><div class="spacer battle-history"><br></div><div class="battle-history">Banette used <strong>Shadow Sneak</strong>!<br></div><div class="battle-history"><small>(The opposing Accelgor lost <abbr title="−112/301">37.2%</abbr> of its health!)</small><br></div><div class="spacer battle-history"><br></div><div class="battle-history">The opposing Accelgor fainted!<br></div><div class="spacer battle-history"><br></div><div class="battle-history">Guest 602586 sent out <strong>Aromatisse</strong>!<br></div><div class="spacer battle-history"><br></div><h2 class="battle-history">Turn 17</h2><div class="spacer battle-history"><br></div><div class="battle-history">Banette used <strong>Gunk Shot</strong>!<br></div><div class="battle-history"><small>It's super effective!</small><br></div><div class="battle-history"><small>(The opposing Aromatisse lost <abbr title="−406/406">100%</abbr> of its health!)</small><br></div><div class="spacer battle-history"><br></div><div class="battle-history">The opposing Aromatisse fainted!<br></div><div class="spacer battle-history"><br></div><div class="battle-history">Guest 602586 sent out <strong>Medicham</strong>!<br></div><div class="spacer battle-history"><br></div><h2 class="battle-history">Turn 18</h2><div class="chat chatmessage-woao"><strong style="color:hsl(258,67%,57.43587409015889%)"><small>★</small><span class="username" data-name="Woao">Woao</span>:</strong> <em>i love how people just randomly send in fairy types on my banette</em></div><div class="spacer battle-history"><br></div><div class="battle-history">Banette used <strong>Will-O-Wisp</strong>!<br></div><div class="battle-history"><small>The opposing Medicham was burned!</small><br></div><div class="spacer battle-history"><br></div><div class="battle-history">The opposing Medicham used <strong>Zen Headbutt</strong>!<br></div><div class="battle-history"><small>(Banette lost <abbr title="−114/326">35.0%</abbr> of its health!)</small><br></div><div class="spacer battle-history"><br></div><div class="battle-history"><small>The opposing Medicham was hurt by its burn!</small><br></div><div class="spacer battle-history"><br></div><h2 class="battle-history">Turn 19</h2><div class="spacer battle-history"><br></div><div class="battle-history">Banette used <strong>Shadow Sneak</strong>!<br></div><div class="battle-history"><small>It's super effective!</small><br></div><div class="battle-history"><small>(The opposing Medicham lost <abbr title="−229/261">87.7%</abbr> of its health!)</small><br></div><div class="spacer battle-history"><br></div><div class="battle-history">The opposing Medicham fainted!<br></div><div class="spacer battle-history"><br></div><div class="battle-history">Guest 602586 sent out <strong>Hoopa</strong>!<br></div><div class="spacer battle-history"><br></div><h2 class="battle-history">Turn 20</h2><div class="chat chatmessage-woao"><strong style="color:hsl(258,67%,57.43587409015889%)"><small>★</small><span class="username" data-name="Woao">Woao</span>:</strong> <em>lol</em></div><div class="spacer battle-history"><br></div><div class="battle-history">Banette used <strong>Shadow Sneak</strong>!<br></div><div class="battle-history"><small>It's super effective!</small><br></div><div class="battle-history"><small>(The opposing Hoopa lost <abbr title="−363/363">100%</abbr> of its health!)</small><br></div><div class="spacer battle-history"><br></div><div class="battle-history">The opposing Hoopa fainted!<br></div><div class="spacer battle-history"><br></div><div class="battle-history">Guest 602586 sent out <strong>Ambipom</strong>!<br></div><div class="spacer battle-history"><br></div><h2 class="battle-history">Turn 21</h2><div class="chat chatmessage-woao"><strong style="color:hsl(258,67%,57.43587409015889%)"><small>★</small><span class="username" data-name="Woao">Woao</span>:</strong> <em>fake out last resort ambipom?</em></div><div class="spacer battle-history"><br></div><div class="battle-history">Banette used <strong>Will-O-Wisp</strong>!<br></div><div class="battle-history"><small>The opposing Ambipom was burned!</small><br></div><div class="spacer battle-history"><br></div><div class="battle-history">The opposing Ambipom used <strong>Last Resort</strong>!<br></div><div class="battle-history"><small>It doesn't affect Banette...</small><br></div><div class="spacer battle-history"><br></div><div class="battle-history"><small>The opposing Ambipom was hurt by its burn!</small><br></div><div class="spacer battle-history"><br></div><h2 class="battle-history">Turn 22</h2><div class="chat chatmessage-woao"><strong style="color:hsl(258,67%,57.43587409015889%)"><small>★</small><span class="username" data-name="Woao">Woao</span>:</strong> <em>XD</em></div><div class="spacer battle-history"><br></div><div class="battle-history">Banette used <strong>Destiny Bond</strong>!<br></div><div class="battle-history">Banette is hoping to take its attacker down with it!<br></div><div class="spacer battle-history"><br></div><div class="battle-history">The opposing Ambipom used <strong>Last Resort</strong>!<br></div><div class="battle-history"><small>It doesn't affect Banette...</small><br></div><div class="spacer battle-history"><br></div><div class="battle-history"><small>The opposing Ambipom was hurt by its burn!</small><br></div><div class="spacer battle-history"><br></div><h2 class="battle-history">Turn 23</h2><div class="spacer battle-history"><br></div><div class="battle-history">Banette used <strong>Shadow Sneak</strong>!<br></div><div class="battle-history"><small>It doesn't affect the opposing Ambipom...</small><br></div><div class="spacer battle-history"><br></div><div class="battle-history">The opposing Ambipom used <strong>Last Resort</strong>!<br></div><div class="battle-history"><small>It doesn't affect Banette...</small><br></div><div class="spacer battle-history"><br></div><div class="battle-history"><small>The opposing Ambipom was hurt by its burn!</small><br></div><div class="spacer battle-history"><br></div><h2 class="battle-history">Turn 24</h2><div class="spacer battle-history"><br></div><div class="battle-history"><small>Guest 602586 forfeited.</small><br></div><div class="spacer battle-history"><br></div><div class="battle-history"><strong>Woao</strong> won the battle!<br></div></div><div class="inner-preempt"></div></div></div>
</div>
<script>
let daily = Math.floor(Date.now()/1000/60/60/24);document.write('<script src="https://play.pokemonshowdown.com/js/replay-embed.js?version'+daily+'"></'+'script>');
</script>
