<!DOCTYPE html>
<meta charset="utf-8" />
<!-- version 1 -->
<title>RU replay: Flamita vs. Yeluu</title>
<style>
html,body {font-family:Verdana, sans-serif;font-size:10pt;margin:0;padding:0;}body{padding:12px 0;} .battle-log {font-family:Verdana, sans-serif;font-size:10pt;} .battle-log-inline {border:1px solid #AAAAAA;background:#EEF2F5;color:black;max-width:640px;margin:0 auto 80px;padding-bottom:5px;} .battle-log .inner {padding:4px 8px 0px 8px;} .battle-log .inner-preempt {padding:0 8px 4px 8px;} .battle-log .inner-after {margin-top:0.5em;} .battle-log h2 {margin:0.5em -8px;padding:4px 8px;border:1px solid #AAAAAA;background:#E0E7EA;border-left:0;border-right:0;font-family:Verdana, sans-serif;font-size:13pt;} .battle-log .chat {vertical-align:middle;padding:3px 0 3px 0;font-size:8pt;} .battle-log .chat strong {color:#40576A;} .battle-log .chat em {padding:1px 4px 1px 3px;color:#000000;font-style:normal;} .chat.mine {background:rgba(0,0,0,0.05);margin-left:-8px;margin-right:-8px;padding-left:8px;padding-right:8px;} .spoiler {color:#BBBBBB;background:#BBBBBB;padding:0px 3px;} .spoiler:hover, .spoiler:active, .spoiler-shown {color:#000000;background:#E2E2E2;padding:0px 3px;} .spoiler a {color:#BBBBBB;} .spoiler:hover a, .spoiler:active a, .spoiler-shown a {color:#2288CC;} .chat code, .chat .spoiler:hover code, .chat .spoiler:active code, .chat .spoiler-shown code {border:1px solid #C0C0C0;background:#EEEEEE;color:black;padding:0 2px;} .chat .spoiler code {border:1px solid #CCCCCC;background:#CCCCCC;color:#CCCCCC;} .battle-log .rated {padding:3px 4px;} .battle-log .rated strong {color:white;background:#89A;padding:1px 4px;border-radius:4px;} .spacer {margin-top:0.5em;} .message-announce {background:#6688AA;color:white;padding:1px 4px 2px;} .message-announce a, .broadcast-green a, .broadcast-blue a, .broadcast-red a {color:#DDEEFF;} .broadcast-green {background-color:#559955;color:white;padding:2px 4px;} .broadcast-blue {background-color:#6688AA;color:white;padding:2px 4px;} .infobox {border:1px solid #6688AA;padding:2px 4px;} .infobox-limited {max-height:200px;overflow:auto;overflow-x:hidden;} .broadcast-red {background-color:#AA5544;color:white;padding:2px 4px;} .message-learn-canlearn {font-weight:bold;color:#228822;text-decoration:underline;} .message-learn-cannotlearn {font-weight:bold;color:#CC2222;text-decoration:underline;} .message-effect-weak {font-weight:bold;color:#CC2222;} .message-effect-resist {font-weight:bold;color:#6688AA;} .message-effect-immune {font-weight:bold;color:#666666;} .message-learn-list {margin-top:0;margin-bottom:0;} .message-throttle-notice, .message-error {color:#992222;} .message-overflow, .chat small.message-overflow {font-size:0pt;} .message-overflow::before {font-size:9pt;content:'...';} .subtle {color:#3A4A66;}
</style>
<div class="wrapper replay-wrapper" style="max-width:1180px;margin:0 auto">
<input type="hidden" name="replayid" value="destiny-ru-407592" />
<div class="battle"></div><div class="battle-log"></div><div class="replay-controls"></div><div class="replay-controls-2"></div>
<h1 style="font-weight:normal;text-align:center"><strong>RU</strong><br /><a href="http://pokemonshowdown.com/users/flamita" class="subtle" target="_blank">Flamita</a> vs. <a href="http://pokemonshowdown.com/users/yeluu" class="subtle" target="_blank">Yeluu</a></h1>
<script type="text/plain" class="battle-log-data">|player|p1|Flamita|flamita-27.gif?43484cb8
|teamsize|p1|6
|player|p2|Yeluu|yeluu-2.gif?3cd06cc8
|teamsize|p2|6
|teamsize|p1|6
|teamsize|p2|6
|gametype|singles
|gen|7
|tier|RU
|seed|3747,14427,34646,40365
|rule|Cláusula-Mod de Dormir: solo puedes dormir a uno de tus oponentes a la vez.
|rule|Cláusula de Especie: Hasta un Pokémon de cada especie
|rule|Cláusula de Golpe Fulminante: los movimientos fulminantes (OHKO) estan prohibidos
|rule|Cláusula de Veleta: la habilidad Veleta está prohibida
|rule|Cláusula de Movimientos Evasivos: los movimientos de Evasión están prohibidos.
|rule|Cláusula de Batallas Eternas: forzar batallas eternas está prohibido
|clearpoke
|poke|p1|Salazzle, F|item
|poke|p1|Bronzong|item
|poke|p1|Mandibuzz, F|item
|poke|p1|Slowking, M|item
|poke|p1|Roserade, F|item
|poke|p1|Tyrantrum, M|item
|poke|p2|Slowbro, M|item
|poke|p2|Xatu, M|item
|poke|p2|Malamar, M|item
|poke|p2|Medicham, M|item
|poke|p2|Delphox, M|item
|poke|p2|Sigilyph, M|item
|teampreview|undefined
|c|☆Yeluu|\/log Yeluu activó el acceso restringido en sincronía con chat moderado.
|choice|*team 623451|*
|choice|*|*team 321456
|choice|team 6, 2, 3, 4, 5, 1|team 3, 2, 1, 4, 5, 6
|
|start
|switch|p1a: Tyrantrum|Tyrantrum, M|306\/306
|switch|p2a: Malamar|Malamar, M|313\/313
|turn|1
|choice|*|*move 1
|choice|*move 1|*
|choice|move headsmash|move superpower
|
|move|p2a: Malamar|Superpower|p1a: Tyrantrum
|-supereffective|p1a: Tyrantrum
|-damage|p1a: Tyrantrum|41\/306
|-boost|p2a: Malamar|atk|1
|-boost|p2a: Malamar|def|1
|-damage|p2a: Malamar|282\/313|[from] item: Life Orb
|move|p1a: Tyrantrum|Head Smash|p2a: Malamar|[miss]
|-miss|p1a: Tyrantrum|p2a: Malamar
|
|upkeep
|turn|2
|c|☆Flamita|weno
|choice|*|*move 1
|choice|*|*move 3
|choice|*switch 5|*
|choice|switch 5|move knockoff
|
|switch|p1a: Roserade|Roserade, F|262\/262
|move|p2a: Malamar|Knock Off|p1a: Roserade
|-crit|p1a: Roserade
|-damage|p1a: Roserade|0 fnt
|-enditem|p1a: Roserade|Choice Scarf|[from] move: Knock Off|[of] p2a: Malamar
|-damage|p2a: Malamar|251\/313|[from] item: Life Orb
|faint|p1a: Roserade
|
|upkeep
|choice|*switch 6|*
|choice|switch 6|
|
|switch|p1a: Salazzle|Salazzle, F|279\/279
|turn|3
|choice|*move 1|*
|choice|*|*move 2
|choice|move nastyplot|move psychocut
|
|move|p1a: Salazzle|Nasty Plot|p1a: Salazzle
|-boost|p1a: Salazzle|spa|2
|move|p2a: Malamar|Psycho Cut|p1a: Salazzle
|-supereffective|p1a: Salazzle
|-damage|p1a: Salazzle|0 fnt
|-damage|p2a: Malamar|220\/313|[from] item: Life Orb
|faint|p1a: Salazzle
|
|upkeep
|-message|Flamita se rindió.
|
|win|Yeluu
|c|☆Yeluu|jajaja
</script>
</div>
<div class="battle-log battle-log-inline"><div class="inner"><div class="battle-options"></div><div class="inner"><div class=""><small>Format:</small> <br><strong>RU</strong></div><div class=""><small><em>Cláusula-Mod de Dormir:</em> solo puedes dormir a uno de tus oponentes a la vez.</small></div><div class=""><small><em>Cláusula de Especie:</em> Hasta un Pokémon de cada especie</small></div><div class=""><small><em>Cláusula de Golpe Fulminante:</em> los movimientos fulminantes (OHKO) estan prohibidos</small></div><div class=""><small><em>Cláusula de Veleta:</em> la habilidad Veleta está prohibida</small></div><div class=""><small><em>Cláusula de Movimientos Evasivos:</em> los movimientos de Evasión están prohibidos.</small></div><div class=""><small><em>Cláusula de Batallas Eternas:</em> forzar batallas eternas está prohibido</small></div><div class="chat battle-history"><strong>Flamita's team:</strong> <em style="color:#445566;display:block;">Salazzle / Bronzong / Mandibuzz / Slowking / Roserade / Tyrantrum</em></div><div class="chat battle-history"><strong>Yeluu's team:</strong> <em style="color:#445566;display:block;">Slowbro / Xatu / Malamar / Medicham / Delphox / Sigilyph</em></div><div class="chat chatmessage-yeluu"><span class="message-log">Yeluu activó el acceso restringido en sincronía con chat moderado.</span></div><div class="spacer battle-history"><br></div><div class="battle-history">Battle started between Flamita and Yeluu!<br></div><div class="spacer battle-history"><br></div><div class="battle-history">Go! <strong>Tyrantrum</strong>!<br></div><div class="spacer battle-history"><br></div><div class="battle-history">Yeluu sent out <strong>Malamar</strong>!<br></div><div class="spacer battle-history"><br></div><h2 class="battle-history">Turn 1</h2><div class="spacer battle-history"><br></div><div class="battle-history">The opposing Malamar used <strong>Superpower</strong>!<br></div><div class="battle-history"><small>It's super effective!</small><br></div><div class="battle-history"><small>(Tyrantrum lost <abbr title="−265/306">86.6%</abbr> of its health!)</small><br></div><div class="battle-history"><small>The opposing Malamar's Attack rose!</small><br></div><div class="battle-history"><small>The opposing Malamar's Defense rose!</small><br></div><div class="battle-history"><small>The opposing Malamar lost some of its HP!</small><br></div><div class="spacer battle-history"><br></div><div class="battle-history">Tyrantrum used <strong>Head Smash</strong>!<br></div><div class="battle-history"><small>The opposing Malamar avoided the attack!</small><br></div><div class="spacer battle-history"><br></div><h2 class="battle-history">Turn 2</h2><div class="chat chatmessage-flamita"><strong style="color:hsl(259,69%,56.36692557934839%)"><small>☆</small><span class="username" data-name="Flamita">Flamita</span>:</strong> <em>weno</em></div><div class="spacer battle-history"><br></div><div class="battle-history">Tyrantrum, come back!<br></div><div class="battle-history">Go! <strong>Roserade</strong>!<br></div><div class="spacer battle-history"><br></div><div class="battle-history">The opposing Malamar used <strong>Knock Off</strong>!<br></div><div class="battle-history"><small>A critical hit!</small><br></div><div class="battle-history"><small>(Roserade lost <abbr title="−262/262">100%</abbr> of its health!)</small><br></div><div class="battle-history"><small>The opposing Malamar knocked off Roserade's Choice Scarf!</small><br></div><div class="battle-history"><small>The opposing Malamar lost some of its HP!</small><br></div><div class="spacer battle-history"><br></div><div class="battle-history">Roserade fainted!<br></div><div class="spacer battle-history"><br></div><div class="battle-history">Go! <strong>Salazzle</strong>!<br></div><div class="spacer battle-history"><br></div><h2 class="battle-history">Turn 3</h2><div class="spacer battle-history"><br></div><div class="battle-history">Salazzle used <strong>Nasty Plot</strong>!<br></div><div class="battle-history"><small>Salazzle's Special Attack rose sharply!</small><br></div><div class="spacer battle-history"><br></div><div class="battle-history">The opposing Malamar used <strong>Psycho Cut</strong>!<br></div><div class="battle-history"><small>It's super effective!</small><br></div><div class="battle-history"><small>(Salazzle lost <abbr title="−279/279">100%</abbr> of its health!)</small><br></div><div class="battle-history"><small>The opposing Malamar lost some of its HP!</small><br></div><div class="spacer battle-history"><br></div><div class="battle-history">Salazzle fainted!<br></div><div class="spacer battle-history"><br></div><div class="battle-history"><small>Flamita se rindió.</small><br></div><div class="spacer battle-history"><br></div><div class="battle-history"><strong>Yeluu</strong> won the battle!<br></div><div class="chat chatmessage-yeluu"><strong style="color:hsl(2,68%,47.711250953365095%)"><small>☆</small><span class="username" data-name="Yeluu">Yeluu</span>:</strong> <em>jajaja</em></div></div><div class="inner-preempt"></div></div></div>
</div>
<script>
let daily = Math.floor(Date.now()/1000/60/60/24);document.write('<script src="https://play.pokemonshowdown.com/js/replay-embed.js?version'+daily+'"></'+'script>');
</script>
