<!DOCTYPE html>
<meta charset="utf-8" />
<!-- version 1 -->
<title>RU replay: bnast vs. PeteyPiranha</title>
<style>
html,body {font-family:Verdana, sans-serif;font-size:10pt;margin:0;padding:0;}body{padding:12px 0;} .battle-log {font-family:Verdana, sans-serif;font-size:10pt;} .battle-log-inline {border:1px solid #AAAAAA;background:#EEF2F5;color:black;max-width:640px;margin:0 auto 80px;padding-bottom:5px;} .battle-log .inner {padding:4px 8px 0px 8px;} .battle-log .inner-preempt {padding:0 8px 4px 8px;} .battle-log .inner-after {margin-top:0.5em;} .battle-log h2 {margin:0.5em -8px;padding:4px 8px;border:1px solid #AAAAAA;background:#E0E7EA;border-left:0;border-right:0;font-family:Verdana, sans-serif;font-size:13pt;} .battle-log .chat {vertical-align:middle;padding:3px 0 3px 0;font-size:8pt;} .battle-log .chat strong {color:#40576A;} .battle-log .chat em {padding:1px 4px 1px 3px;color:#000000;font-style:normal;} .chat.mine {background:rgba(0,0,0,0.05);margin-left:-8px;margin-right:-8px;padding-left:8px;padding-right:8px;} .spoiler {color:#BBBBBB;background:#BBBBBB;padding:0px 3px;} .spoiler:hover, .spoiler:active, .spoiler-shown {color:#000000;background:#E2E2E2;padding:0px 3px;} .spoiler a {color:#BBBBBB;} .spoiler:hover a, .spoiler:active a, .spoiler-shown a {color:#2288CC;} .chat code, .chat .spoiler:hover code, .chat .spoiler:active code, .chat .spoiler-shown code {border:1px solid #C0C0C0;background:#EEEEEE;color:black;padding:0 2px;} .chat .spoiler code {border:1px solid #CCCCCC;background:#CCCCCC;color:#CCCCCC;} .battle-log .rated {padding:3px 4px;} .battle-log .rated strong {color:white;background:#89A;padding:1px 4px;border-radius:4px;} .spacer {margin-top:0.5em;} .message-announce {background:#6688AA;color:white;padding:1px 4px 2px;} .message-announce a, .broadcast-green a, .broadcast-blue a, .broadcast-red a {color:#DDEEFF;} .broadcast-green {background-color:#559955;color:white;padding:2px 4px;} .broadcast-blue {background-color:#6688AA;color:white;padding:2px 4px;} .infobox {border:1px solid #6688AA;padding:2px 4px;} .infobox-limited {max-height:200px;overflow:auto;overflow-x:hidden;} .broadcast-red {background-color:#AA5544;color:white;padding:2px 4px;} .message-learn-canlearn {font-weight:bold;color:#228822;text-decoration:underline;} .message-learn-cannotlearn {font-weight:bold;color:#CC2222;text-decoration:underline;} .message-effect-weak {font-weight:bold;color:#CC2222;} .message-effect-resist {font-weight:bold;color:#6688AA;} .message-effect-immune {font-weight:bold;color:#666666;} .message-learn-list {margin-top:0;margin-bottom:0;} .message-throttle-notice, .message-error {color:#992222;} .message-overflow, .chat small.message-overflow {font-size:0pt;} .message-overflow::before {font-size:9pt;content:'...';} .subtle {color:#3A4A66;}
</style>
<div class="wrapper replay-wrapper" style="max-width:1180px;margin:0 auto">
<input type="hidden" name="replayid" value="ru-520319828" />
<div class="battle"></div><div class="battle-log"></div><div class="replay-controls"></div><div class="replay-controls-2"></div>
<h1 style="font-weight:normal;text-align:center"><strong>RU</strong><br /><a href="http://pokemonshowdown.com/users/bnast" class="subtle" target="_blank">bnast</a> vs. <a href="http://pokemonshowdown.com/users/peteypiranha" class="subtle" target="_blank">PeteyPiranha</a></h1>
<script type="text/plain" class="battle-log-data">|j|bnast
|j|PeteyPiranha
|player|p1|bnast|221
|player|p2|PeteyPiranha|131
|gametype|singles
|gen|6
|tier|RU
|rated
|seed|11682,55460,8119,60990
|rule|Sleep Clause Mod: Limit one foe put to sleep
|rule|Species Clause: Limit one of each Pokémon
|rule|OHKO Clause: OHKO moves are banned
|rule|Moody Clause: Moody is banned
|rule|Evasion Moves Clause: Evasion moves are banned
|rule|Endless Battle Clause: Forcing endless battles is banned
|rule|HP Percentage Mod: HP is shown in percentages
|clearpoke
|poke|p1|Camerupt, M|item
|poke|p1|Barbaracle, F|item
|poke|p1|Sigilyph, M|item
|poke|p1|Alomomola, M|item
|poke|p1|Roselia, F|item
|poke|p1|Flygon, F|item
|poke|p2|Slaking, F|item
|poke|p2|Cofagrigus, F|item
|poke|p2|Slowking, F|item
|poke|p2|Dusclops, F|item
|poke|p2|Ambipom, M|item
|poke|p2|Camerupt, M, shiny|item
|rule|Swagger Clause: Swagger is banned
|rule|Baton Pass Clause: Limit one Baton Passer, can't pass Spe and other stats simultaneously
|teampreview
|choice|team 1, team 2, team 3, team 4, team 5, team 6|team 5, team 2, team 3, team 4, team 1, team 6
|
|start
|switch|p1a: Camerupt|Camerupt, M|341\/341
|switch|p2a: Ambipom|Ambipom, M|292\/292
|turn|1
|choice|switch 4|move uturn
|
|switch|p1a: Alomomola|Alomomola, M|497\/497
|move|p2a: Ambipom|U-turn|p1a: Alomomola
|-damage|p1a: Alomomola|431\/497
|choice||switch 2
|
|switch|p2a: Cofagrigus|Cofagrigus, F|320\/320
|
|-heal|p1a: Alomomola|462\/497|[from] item: Leftovers
|upkeep
|turn|2
|choice|switch 5|move trick
|
|switch|p1a: Roselia|Roselia, F|303\/303
|move|p2a: Cofagrigus|Trick|p1a: Roselia
|-activate|p2a: Cofagrigus|move: Trick|[of] p1a: Roselia
|-item|p1a: Roselia|Choice Specs|[from] move: Trick
|-item|p2a: Cofagrigus|Eviolite|[from] move: Trick
|
|upkeep
|turn|3
|choice|move spikes|move trickroom
|
|move|p1a: Roselia|Spikes|p2a: Cofagrigus
|-sidestart|p2: PeteyPiranha|Spikes
|move|p2a: Cofagrigus|Trick Room|p2a: Cofagrigus
|-fieldstart|move: Trick Room|[of] p2a: Cofagrigus
|
|upkeep
|turn|4
|choice|switch 4|switch 6
|
|switch|p2a: Camerupt|Camerupt, M, shiny|344\/344
|-damage|p2a: Camerupt|301\/344|[from] Spikes
|switch|p1a: Camerupt|Camerupt, M|341\/341
|
|upkeep
|turn|5
|choice|switch 6|move sunnyday mega
|
|switch|p1a: Flygon|Flygon, F|301\/301
|detailschange|p2a: Camerupt|Camerupt-Mega, M, shiny
|-mega|p2a: Camerupt|Camerupt|Cameruptite
|move|p2a: Camerupt|Sunny Day|p2a: Camerupt
|-weather|SunnyDay
|
|-weather|SunnyDay|[upkeep]
|upkeep
|turn|6
|choice|switch 4|move solarbeam
|
|switch|p1a: Roselia|Roselia, F|303\/303
|move|p2a: Camerupt|Solar Beam|p1a: Roselia|[still]
|-prepare|p2a: Camerupt|Solar Beam|p1a: Roselia
|-anim|p2a: Camerupt|Solar Beam|p1a: Roselia
|-resisted|p1a: Roselia
|-damage|p1a: Roselia|261\/303
|
|-weather|SunnyDay|[upkeep]
|upkeep
|turn|7
|choice|switch 5|move eruption
|
|switch|p1a: Alomomola|Alomomola, M|497\/497
|move|p2a: Camerupt|Eruption|p1a: Alomomola
|-resisted|p1a: Alomomola
|-damage|p1a: Alomomola|187\/497
|
|-weather|SunnyDay|[upkeep]
|-heal|p1a: Alomomola|218\/497|[from] item: Leftovers
|-fieldend|move: Trick Room
|upkeep
|turn|8
|choice|move protect|switch 6
|
|switch|p2a: Cofagrigus|Cofagrigus, F|320\/320
|-damage|p2a: Cofagrigus|280\/320|[from] Spikes
|move|p1a: Alomomola|Protect|p1a: Alomomola
|-fail|p1a: Alomomola
|
|-weather|SunnyDay|[upkeep]
|-heal|p1a: Alomomola|249\/497|[from] item: Leftovers
|upkeep
|turn|9
|choice|switch 6|move trickroom
|
|switch|p1a: Camerupt|Camerupt, M|341\/341
|move|p2a: Cofagrigus|Trick Room|p2a: Cofagrigus
|-fieldstart|move: Trick Room|[of] p2a: Cofagrigus
|
|-weather|none
|upkeep
|turn|10
|choice|move earthpower mega|move shadowball
|
|detailschange|p1a: Camerupt|Camerupt-Mega, M
|-mega|p1a: Camerupt|Camerupt|Cameruptite
|move|p2a: Cofagrigus|Shadow Ball|p1a: Camerupt
|-damage|p1a: Camerupt|214\/341
|move|p1a: Camerupt|Earth Power|p2a: Cofagrigus
|-damage|p2a: Cofagrigus|37\/320
|
|upkeep
|turn|11
|choice|move stealthrock|switch 3
|
|switch|p2a: Slowking|Slowking, F|394\/394
|-damage|p2a: Slowking|345\/394|[from] Spikes
|move|p1a: Camerupt|Stealth Rock|p2a: Slowking
|-sidestart|p2: PeteyPiranha|move: Stealth Rock
|
|-heal|p2a: Slowking|369\/394|[from] item: Leftovers
|upkeep
|turn|12
|choice|switch 5|move scald
|
|switch|p1a: Roselia|Roselia, F|261\/303
|move|p2a: Slowking|Scald|p1a: Roselia
|-resisted|p1a: Roselia
|-damage|p1a: Roselia|195\/303
|
|-heal|p2a: Slowking|393\/394|[from] item: Leftovers
|upkeep
|turn|13
|choice|move gigadrain|move psyshock
|
|move|p2a: Slowking|Psyshock|p1a: Roselia
|-supereffective|p1a: Roselia
|-damage|p1a: Roselia|0 fnt
|faint|p1a: Roselia
|
|-heal|p2a: Slowking|394\/394|[from] item: Leftovers
|-fieldend|move: Trick Room
|upkeep
|choice|switch 3|
|
|switch|p1a: Sigilyph|Sigilyph, M|348\/348
|turn|14
|choice|move calmmind|move nastyplot
|
|move|p1a: Sigilyph|Calm Mind|p1a: Sigilyph
|-boost|p1a: Sigilyph|spa|1
|-boost|p1a: Sigilyph|spd|1
|move|p2a: Slowking|Nasty Plot|p2a: Slowking
|-boost|p2a: Slowking|spa|2
|
|-status|p1a: Sigilyph|brn|[from] item: Flame Orb
|upkeep
|turn|15
|j|Jauhn Sheena
|c|★PeteyPiranha|JOHN CENA!!!!
|c| Jauhn Sheena|I love you too random citizen.
|c|★PeteyPiranha|did you see Trump on WWE ?? i saw that for the first time yesterday
|c|★PeteyPiranha|Elbowing VInce mcman in the face
|c|★PeteyPiranha|classic!!
|choice|move psychoshift|move scald
|
|move|p1a: Sigilyph|Psycho Shift|p2a: Slowking
|-status|p2a: Slowking|brn
|-curestatus|p1a: Sigilyph|brn|[msg]
|move|p2a: Slowking|Scald|p1a: Sigilyph
|-crit|p1a: Sigilyph
|-damage|p1a: Sigilyph|0 fnt
|faint|p1a: Sigilyph
|
|-damage|p2a: Slowking|345\/394 brn|[from] brn
|upkeep
|c|★PeteyPiranha|I think that is what the innauguration is going to be like!!!
|choice|switch 4|
|
|switch|p1a: Flygon|Flygon, F|301\/301
|turn|16
|c| Jauhn Sheena|Now he elbowed Hillary Clinton
|choice|move uturn|move scald
|
|move|p1a: Flygon|U-turn|p2a: Slowking
|-supereffective|p2a: Slowking
|-damage|p2a: Slowking|169\/394 brn
|choice|switch 6|
|
|switch|p1a: Alomomola|Alomomola, M|414\/497
|move|p2a: Slowking|Scald|p1a: Alomomola
|-resisted|p1a: Alomomola
|-damage|p1a: Alomomola|212\/497
|
|-heal|p1a: Alomomola|243\/497|[from] item: Leftovers
|-heal|p2a: Slowking|193\/394 brn|[from] item: Leftovers
|-damage|p2a: Slowking|144\/394 brn|[from] brn
|upkeep
|turn|17
|choice|move knockoff|move psyshock
|
|move|p1a: Alomomola|Knock Off|p2a: Slowking
|-supereffective|p2a: Slowking
|-damage|p2a: Slowking|8\/394 brn
|-enditem|p2a: Slowking|Leftovers|[from] move: Knock Off|[of] p1a: Alomomola
|move|p2a: Slowking|Psyshock|p1a: Alomomola
|-damage|p1a: Alomomola|35\/497
|
|-heal|p1a: Alomomola|66\/497|[from] item: Leftovers
|-damage|p2a: Slowking|0 fnt|[from] brn
|upkeep
|faint|p2a: Slowking
|c|★PeteyPiranha|right in the kisser!
|choice||switch 2
|
|switch|p2a: Ambipom|Ambipom, M|292\/292
|-damage|p2a: Ambipom|256\/292|[from] Spikes
|-damage|p2a: Ambipom|220\/292|[from] Stealth Rock
|turn|18
|choice|move protect|move fakeout
|
|move|p1a: Alomomola|Protect|p1a: Alomomola
|-singleturn|p1a: Alomomola|Protect
|move|p2a: Ambipom|Fake Out|p1a: Alomomola
|-activate|p1a: Alomomola|move: Protect
|
|-heal|p1a: Alomomola|97\/497|[from] item: Leftovers
|upkeep
|turn|19
|choice|move wish|move thief
|
|move|p2a: Ambipom|Thief|p1a: Alomomola
|-damage|p1a: Alomomola|8\/497
|move|p1a: Alomomola|Wish|p1a: Alomomola
|
|-heal|p1a: Alomomola|39\/497|[from] item: Leftovers
|upkeep
|turn|20
|choice|switch 2|move covet
|
|switch|p1a: Barbaracle|Barbaracle, F|285\/285
|move|p2a: Ambipom|Covet|p1a: Barbaracle
|-enditem|p2a: Ambipom|Normal Gem|[from] gem|[move] Covet
|-resisted|p1a: Barbaracle
|-damage|p1a: Barbaracle|198\/285
|
|-heal|p1a: Barbaracle|285\/285|[from] move: Wish|[wisher] Alomomola
|upkeep
|turn|21
|choice|move shellsmash|move uturn
|
|move|p2a: Ambipom|U-turn|p1a: Barbaracle
|-damage|p1a: Barbaracle|216\/285
|choice||switch 3
|
|switch|p2a: Cofagrigus|Cofagrigus, F|37\/320
|-damage|p2a: Cofagrigus|0 fnt|[from] Spikes
|faint|p2a: Cofagrigus
|move|p1a: Barbaracle|Shell Smash|p1a: Barbaracle
|-unboost|p1a: Barbaracle|def|1
|-unboost|p1a: Barbaracle|spd|1
|-boost|p1a: Barbaracle|atk|2
|-boost|p1a: Barbaracle|spa|2
|-boost|p1a: Barbaracle|spe|2
|
|upkeep
|choice||switch 3
|
|switch|p2a: Ambipom|Ambipom, M|220\/292
|-damage|p2a: Ambipom|184\/292|[from] Stealth Rock
|-damage|p2a: Ambipom|148\/292|[from] Spikes
|turn|22
|choice|move poisonjab|move fakeout
|
|move|p2a: Ambipom|Fake Out|p1a: Barbaracle
|-resisted|p1a: Barbaracle
|-damage|p1a: Barbaracle|150\/285
|cant|p1a: Barbaracle|flinch
|
|upkeep
|turn|23
|choice|move razorshell|move covet
|
|move|p1a: Barbaracle|Razor Shell|p2a: Ambipom
|-damage|p2a: Ambipom|0 fnt
|faint|p2a: Ambipom
|
|upkeep
|choice||switch 4
|
|switch|p2a: Dusclops|Dusclops, F|222\/222
|-damage|p2a: Dusclops|195\/222|[from] Stealth Rock
|-damage|p2a: Dusclops|168\/222|[from] Spikes
|-item|p1a: Barbaracle|Lum Berry|[from] ability: Frisk|[of] p2a: Dusclops|[identify]
|turn|24
|choice|move razorshell|move willowisp
|
|move|p1a: Barbaracle|Razor Shell|p2a: Dusclops
|-damage|p2a: Dusclops|32\/222
|-unboost|p2a: Dusclops|def|1
|move|p2a: Dusclops|Will-O-Wisp|p1a: Barbaracle
|-status|p1a: Barbaracle|brn
|-enditem|p1a: Barbaracle|Lum Berry|[eat]
|-curestatus|p1a: Barbaracle|brn|[msg]
|
|upkeep
|turn|25
|choice|move razorshell|move trickroom
|
|move|p1a: Barbaracle|Razor Shell|p2a: Dusclops
|-damage|p2a: Dusclops|0 fnt
|faint|p2a: Dusclops
|
|upkeep
|choice||switch 5
|
|switch|p2a: Slaking|Slaking, F|442\/442
|-damage|p2a: Slaking|387\/442|[from] Spikes
|-damage|p2a: Slaking|332\/442|[from] Stealth Rock
|turn|26
|choice|move razorshell|move earthquake
|
|move|p1a: Barbaracle|Razor Shell|p2a: Slaking
|-damage|p2a: Slaking|0 fnt
|faint|p2a: Slaking
|
|upkeep
|c|★PeteyPiranha|I tanked it wen i tried to switch into cofagigarus
|choice||switch 6
|
|switch|p2a: Camerupt|Camerupt-Mega, M, shiny|301\/344
|-damage|p2a: Camerupt|258\/344|[from] Spikes
|-damage|p2a: Camerupt|215\/344|[from] Stealth Rock
|turn|27
|choice|move razorshell|move earthpower
|
|move|p1a: Barbaracle|Razor Shell|p2a: Camerupt|[miss]
|-miss|p1a: Barbaracle|p2a: Camerupt
|move|p2a: Camerupt|Earth Power|p1a: Barbaracle
|-supereffective|p1a: Barbaracle
|-damage|p1a: Barbaracle|0 fnt
|faint|p1a: Barbaracle
|
|upkeep
|choice|switch 2|
|
|switch|p1a: Alomomola|Alomomola, M|204\/497
|turn|28
|choice|move scald|move sunnyday
|
|move|p1a: Alomomola|Scald|p2a: Camerupt
|-supereffective|p2a: Camerupt
|-damage|p2a: Camerupt|43\/344
|move|p2a: Camerupt|Sunny Day|p2a: Camerupt
|-weather|SunnyDay
|
|-weather|SunnyDay|[upkeep]
|-heal|p1a: Alomomola|235\/497|[from] item: Leftovers
|upkeep
|turn|29
|c|★bnast|0
|c|★bnast|that was actually a snack for camel
|c|★bnast|holy shit
|c|★bnast|Jauhn you seeing this?
|c|★PeteyPiranha|lol
|c|★PeteyPiranha|gg
|c|★bnast|gg
|choice|move scald|move solarbeam
|
|move|p1a: Alomomola|Scald|p2a: Camerupt
|-supereffective|p2a: Camerupt
|-damage|p2a: Camerupt|0 fnt
|faint|p2a: Camerupt
|
|win|bnast
|player|p1
|player|p2
|c| Jauhn Sheena|I see everything
|raw|bnast's rating: 1432 &rarr; <strong>1443<\/strong><br \/>(+11 for winning)
|raw|PeteyPiranha's rating: 1261 &rarr; <strong>1248<\/strong><br \/>(-13 for losing)</script>
</div>
<div class="battle-log battle-log-inline"><div class="inner"><div class="battle-options"></div><div class="inner"><div class="chat"><small>bnast joined.</small></div><div class="chat"><small>PeteyPiranha joined.</small></div><div class=""><small>Format:</small> <br><strong>RU</strong></div><div class="rated"><strong>Rated battle</strong></div><div class=""><small><em>Sleep Clause Mod:</em> Limit one foe put to sleep</small></div><div class=""><small><em>Species Clause:</em> Limit one of each Pokémon</small></div><div class=""><small><em>OHKO Clause:</em> OHKO moves are banned</small></div><div class=""><small><em>Moody Clause:</em> Moody is banned</small></div><div class=""><small><em>Evasion Moves Clause:</em> Evasion moves are banned</small></div><div class=""><small><em>Endless Battle Clause:</em> Forcing endless battles is banned</small></div><div class=""><small><em>HP Percentage Mod:</em> HP is shown in percentages</small></div><div class=""><small><em>Swagger Clause:</em> Swagger is banned</small></div><div class=""><small><em>Baton Pass Clause:</em> Limit one Baton Passer, can't pass Spe and other stats simultaneously</small></div><div class="chat battle-history"><strong>bnast's team:</strong> <em style="color:#445566;display:block;">Camerupt / Barbaracle / Sigilyph / Alomomola / Roselia / Flygon</em></div><div class="chat battle-history"><strong>PeteyPiranha's team:</strong> <em style="color:#445566;display:block;">Slaking / Cofagrigus / Slowking / Dusclops / Ambipom / Camerupt</em></div><div class="spacer battle-history"><br></div><div class="battle-history">Battle started between bnast and PeteyPiranha!<br></div><div class="spacer battle-history"><br></div><div class="battle-history">Go! <strong>Camerupt</strong>!<br></div><div class="spacer battle-history"><br></div><div class="battle-history">PeteyPiranha sent out <strong>Ambipom</strong>!<br></div><div class="spacer battle-history"><br></div><h2 class="battle-history">Turn 1</h2><div class="spacer battle-history"><br></div><div class="battle-history">Camerupt, come back!<br></div><div class="battle-history">Go! <strong>Alomomola</strong>!<br></div><div class="spacer battle-history"><br></div><div class="battle-history">The opposing Ambipom used <strong>U-turn</strong>!<br></div><div class="battle-history"><small>(Alomomola lost <abbr title="−66/497">13.3%</abbr> of its health!)</small><br></div><div class="spacer battle-history"><br></div><div class="battle-history">The opposing Ambipom went back to PeteyPiranha!<br></div><div class="battle-history">PeteyPiranha sent out <strong>Cofagrigus</strong>!<br></div><div class="spacer battle-history"><br></div><div class="battle-history"><small>Alomomola restored a little HP using its Leftovers!</small><br></div><div class="spacer battle-history"><br></div><h2 class="battle-history">Turn 2</h2><div class="spacer battle-history"><br></div><div class="battle-history">Alomomola, come back!<br></div><div class="battle-history">Go! <strong>Roselia</strong>!<br></div><div class="spacer battle-history"><br></div><div class="battle-history">The opposing Cofagrigus used <strong>Trick</strong>!<br></div><div class="battle-history"><small>The opposing Cofagrigus switched items with its target!</small><br></div><div class="battle-history"><small>Roselia obtained one Choice Specs.</small><br></div><div class="battle-history"><small>The opposing Cofagrigus obtained one Eviolite.</small><br></div><div class="spacer battle-history"><br></div><h2 class="battle-history">Turn 3</h2><div class="spacer battle-history"><br></div><div class="battle-history">Roselia used <strong>Spikes</strong>!<br></div><div class="battle-history"><small>Spikes were scattered on the ground all around the opposing team!</small><br></div><div class="spacer battle-history"><br></div><div class="battle-history">The opposing Cofagrigus used <strong>Trick Room</strong>!<br></div><div class="battle-history"><small>The opposing Cofagrigus twisted the dimensions!</small><br></div><div class="spacer battle-history"><br></div><h2 class="battle-history">Turn 4</h2><div class="spacer battle-history"><br></div><div class="battle-history">PeteyPiranha withdrew Cofagrigus!<br></div><div class="battle-history">PeteyPiranha sent out <strong>Camerupt</strong>!<br></div><div class="battle-history"><small>The opposing Camerupt is hurt by the spikes!</small><br></div><div class="spacer battle-history"><br></div><div class="battle-history">Roselia, come back!<br></div><div class="battle-history">Go! <strong>Camerupt</strong>!<br></div><div class="spacer battle-history"><br></div><h2 class="battle-history">Turn 5</h2><div class="spacer battle-history"><br></div><div class="battle-history">Camerupt, come back!<br></div><div class="battle-history">Go! <strong>Flygon</strong>!<br></div><div class="spacer battle-history"><br></div><div class="battle-history"><small>The opposing Camerupt's Cameruptite is reacting to PeteyPiranha's Mega Bracelet!</small><br>The opposing Camerupt has Mega Evolved into Mega Camerupt!<br></div><div class="spacer battle-history"><br></div><div class="battle-history">The opposing Camerupt used <strong>Sunny Day</strong>!<br></div><div class="battle-history"><small>The sunlight turned harsh!</small><br></div><div class="spacer battle-history"><br></div><div class="battle-history"><small>(The sunlight is strong!)</small><br></div><div class="spacer battle-history"><br></div><h2 class="battle-history">Turn 6</h2><div class="spacer battle-history"><br></div><div class="battle-history">Flygon, come back!<br></div><div class="battle-history">Go! <strong>Roselia</strong>!<br></div><div class="spacer battle-history"><br></div><div class="battle-history">The opposing Camerupt used <strong>Solar Beam</strong>!<br></div><div class="battle-history"><small>The opposing Camerupt absorbed light!</small><br></div><div class="battle-history"><small>It's not very effective...</small><br></div><div class="battle-history"><small>(Roselia lost <abbr title="−42/303">13.9%</abbr> of its health!)</small><br></div><div class="spacer battle-history"><br></div><div class="battle-history"><small>(The sunlight is strong!)</small><br></div><div class="spacer battle-history"><br></div><h2 class="battle-history">Turn 7</h2><div class="spacer battle-history"><br></div><div class="battle-history">Roselia, come back!<br></div><div class="battle-history">Go! <strong>Alomomola</strong>!<br></div><div class="spacer battle-history"><br></div><div class="battle-history">The opposing Camerupt used <strong>Eruption</strong>!<br></div><div class="battle-history"><small>It's not very effective...</small><br></div><div class="battle-history"><small>(Alomomola lost <abbr title="−310/497">62.4%</abbr> of its health!)</small><br></div><div class="spacer battle-history"><br></div><div class="battle-history"><small>(The sunlight is strong!)</small><br></div><div class="battle-history"><small>Alomomola restored a little HP using its Leftovers!</small><br></div><div class="battle-history"><small>The twisted dimensions returned to normal!</small><br></div><div class="spacer battle-history"><br></div><h2 class="battle-history">Turn 8</h2><div class="spacer battle-history"><br></div><div class="battle-history">PeteyPiranha withdrew Camerupt!<br></div><div class="battle-history">PeteyPiranha sent out <strong>Cofagrigus</strong>!<br></div><div class="battle-history"><small>The opposing Cofagrigus is hurt by the spikes!</small><br></div><div class="spacer battle-history"><br></div><div class="battle-history">Alomomola used <strong>Protect</strong>!<br></div><div class="battle-history"><small>But it failed!</small><br></div><div class="spacer battle-history"><br></div><div class="battle-history"><small>(The sunlight is strong!)</small><br></div><div class="battle-history"><small>Alomomola restored a little HP using its Leftovers!</small><br></div><div class="spacer battle-history"><br></div><h2 class="battle-history">Turn 9</h2><div class="spacer battle-history"><br></div><div class="battle-history">Alomomola, come back!<br></div><div class="battle-history">Go! <strong>Camerupt</strong>!<br></div><div class="spacer battle-history"><br></div><div class="battle-history">The opposing Cofagrigus used <strong>Trick Room</strong>!<br></div><div class="battle-history"><small>The opposing Cofagrigus twisted the dimensions!</small><br></div><div class="spacer battle-history"><br></div><div class="battle-history"><small>The sunlight faded.</small><br></div><div class="spacer battle-history"><br></div><h2 class="battle-history">Turn 10</h2><div class="spacer battle-history"><br></div><div class="battle-history"><small>Camerupt's Cameruptite is reacting to bnast's Mega Bracelet!</small><br>Camerupt has Mega Evolved into Mega Camerupt!<br></div><div class="spacer battle-history"><br></div><div class="battle-history">The opposing Cofagrigus used <strong>Shadow Ball</strong>!<br></div><div class="battle-history"><small>(Camerupt lost <abbr title="−127/341">37.2%</abbr> of its health!)</small><br></div><div class="spacer battle-history"><br></div><div class="battle-history">Camerupt used <strong>Earth Power</strong>!<br></div><div class="battle-history"><small>(The opposing Cofagrigus lost <abbr title="−243/320">75.9%</abbr> of its health!)</small><br></div><div class="spacer battle-history"><br></div><h2 class="battle-history">Turn 11</h2><div class="spacer battle-history"><br></div><div class="battle-history">PeteyPiranha withdrew Cofagrigus!<br></div><div class="battle-history">PeteyPiranha sent out <strong>Slowking</strong>!<br></div><div class="battle-history"><small>The opposing Slowking is hurt by the spikes!</small><br></div><div class="spacer battle-history"><br></div><div class="battle-history">Camerupt used <strong>Stealth Rock</strong>!<br></div><div class="battle-history"><small>Pointed stones float in the air around the opposing team!</small><br></div><div class="spacer battle-history"><br></div><div class="battle-history"><small>The opposing Slowking restored a little HP using its Leftovers!</small><br></div><div class="spacer battle-history"><br></div><h2 class="battle-history">Turn 12</h2><div class="spacer battle-history"><br></div><div class="battle-history">Camerupt, come back!<br></div><div class="battle-history">Go! <strong>Roselia</strong>!<br></div><div class="spacer battle-history"><br></div><div class="battle-history">The opposing Slowking used <strong>Scald</strong>!<br></div><div class="battle-history"><small>It's not very effective...</small><br></div><div class="battle-history"><small>(Roselia lost <abbr title="−66/303">21.8%</abbr> of its health!)</small><br></div><div class="spacer battle-history"><br></div><div class="battle-history"><small>The opposing Slowking restored a little HP using its Leftovers!</small><br></div><div class="spacer battle-history"><br></div><h2 class="battle-history">Turn 13</h2><div class="spacer battle-history"><br></div><div class="battle-history">The opposing Slowking used <strong>Psyshock</strong>!<br></div><div class="battle-history"><small>It's super effective!</small><br></div><div class="battle-history"><small>(Roselia lost <abbr title="−195/303">64.4%</abbr> of its health!)</small><br></div><div class="spacer battle-history"><br></div><div class="battle-history">Roselia fainted!<br></div><div class="spacer battle-history"><br></div><div class="battle-history"><small>The opposing Slowking restored a little HP using its Leftovers!</small><br></div><div class="battle-history"><small>The twisted dimensions returned to normal!</small><br></div><div class="spacer battle-history"><br></div><div class="battle-history">Go! <strong>Sigilyph</strong>!<br></div><div class="spacer battle-history"><br></div><h2 class="battle-history">Turn 14</h2><div class="spacer battle-history"><br></div><div class="battle-history">Sigilyph used <strong>Calm Mind</strong>!<br></div><div class="battle-history"><small>Sigilyph's Special Attack rose!</small><br></div><div class="battle-history"><small>Sigilyph's Special Defense rose!</small><br></div><div class="spacer battle-history"><br></div><div class="battle-history">The opposing Slowking used <strong>Nasty Plot</strong>!<br></div><div class="battle-history"><small>The opposing Slowking's Special Attack rose sharply!</small><br></div><div class="spacer battle-history"><br></div><div class="battle-history"><small>Sigilyph was burned!</small><br></div><div class="spacer battle-history"><br></div><h2 class="battle-history">Turn 15</h2><div class="chat"><small>Jauhn Sheena joined.</small></div><div class="chat chatmessage-peteypiranha"><strong style="color:hsl(101,52%,31.592535630048488%)"><small>★</small><span class="username" data-name="PeteyPiranha">PeteyPiranha</span>:</strong> <em>JOHN CENA!!!!</em></div><div class="chat chatmessage-jauhnsheena"><strong style="color:hsl(25,69%,40%)"><small> </small><span class="username" data-name="Jauhn Sheena">Jauhn Sheena</span>:</strong> <em>I love you too random citizen.</em></div><div class="chat chatmessage-peteypiranha"><strong style="color:hsl(101,52%,31.592535630048488%)"><small>★</small><span class="username" data-name="PeteyPiranha">PeteyPiranha</span>:</strong> <em>did you see Trump on WWE ?? i saw that for the first time yesterday</em></div><div class="chat chatmessage-peteypiranha"><strong style="color:hsl(101,52%,31.592535630048488%)"><small>★</small><span class="username" data-name="PeteyPiranha">PeteyPiranha</span>:</strong> <em>Elbowing VInce mcman in the face</em></div><div class="chat chatmessage-peteypiranha"><strong style="color:hsl(101,52%,31.592535630048488%)"><small>★</small><span class="username" data-name="PeteyPiranha">PeteyPiranha</span>:</strong> <em>classic!!</em></div><div class="spacer battle-history"><br></div><div class="battle-history">Sigilyph used <strong>Psycho Shift</strong>!<br></div><div class="battle-history"><small>The opposing Slowking was burned!</small><br></div><div class="battle-history"><small>Sigilyph's burn was healed.</small><br></div><div class="spacer battle-history"><br></div><div class="battle-history">The opposing Slowking used <strong>Scald</strong>!<br></div><div class="battle-history"><small>A critical hit!</small><br></div><div class="battle-history"><small>(Sigilyph lost <abbr title="−348/348">100%</abbr> of its health!)</small><br></div><div class="spacer battle-history"><br></div><div class="battle-history">Sigilyph fainted!<br></div><div class="spacer battle-history"><br></div><div class="battle-history"><small>The opposing Slowking was hurt by its burn!</small><br></div><div class="chat chatmessage-peteypiranha"><strong style="color:hsl(101,52%,31.592535630048488%)"><small>★</small><span class="username" data-name="PeteyPiranha">PeteyPiranha</span>:</strong> <em>I think that is what the innauguration is going to be like!!!</em></div><div class="spacer battle-history"><br></div><div class="battle-history">Go! <strong>Flygon</strong>!<br></div><div class="spacer battle-history"><br></div><h2 class="battle-history">Turn 16</h2><div class="chat chatmessage-jauhnsheena"><strong style="color:hsl(25,69%,40%)"><small> </small><span class="username" data-name="Jauhn Sheena">Jauhn Sheena</span>:</strong> <em>Now he elbowed Hillary Clinton</em></div><div class="spacer battle-history"><br></div><div class="battle-history">Flygon used <strong>U-turn</strong>!<br></div><div class="battle-history"><small>It's super effective!</small><br></div><div class="battle-history"><small>(The opposing Slowking lost <abbr title="−176/394">44.7%</abbr> of its health!)</small><br></div><div class="spacer battle-history"><br></div><div class="battle-history">Flygon went back to bnast!<br></div><div class="battle-history">Go! <strong>Alomomola</strong>!<br></div><div class="spacer battle-history"><br></div><div class="battle-history">The opposing Slowking used <strong>Scald</strong>!<br></div><div class="battle-history"><small>It's not very effective...</small><br></div><div class="battle-history"><small>(Alomomola lost <abbr title="−202/497">40.6%</abbr> of its health!)</small><br></div><div class="spacer battle-history"><br></div><div class="battle-history"><small>Alomomola restored a little HP using its Leftovers!</small><br></div><div class="battle-history"><small>The opposing Slowking restored a little HP using its Leftovers!</small><br></div><div class="battle-history"><small>The opposing Slowking was hurt by its burn!</small><br></div><div class="spacer battle-history"><br></div><h2 class="battle-history">Turn 17</h2><div class="spacer battle-history"><br></div><div class="battle-history">Alomomola used <strong>Knock Off</strong>!<br></div><div class="battle-history"><small>It's super effective!</small><br></div><div class="battle-history"><small>(The opposing Slowking lost <abbr title="−136/394">34.5%</abbr> of its health!)</small><br></div><div class="battle-history"><small>Alomomola knocked off the opposing Slowking's Leftovers!</small><br></div><div class="spacer battle-history"><br></div><div class="battle-history">The opposing Slowking used <strong>Psyshock</strong>!<br></div><div class="battle-history"><small>(Alomomola lost <abbr title="−208/497">41.9%</abbr> of its health!)</small><br></div><div class="spacer battle-history"><br></div><div class="battle-history"><small>Alomomola restored a little HP using its Leftovers!</small><br></div><div class="battle-history"><small>The opposing Slowking was hurt by its burn!</small><br></div><div class="spacer battle-history"><br></div><div class="battle-history">The opposing Slowking fainted!<br></div><div class="chat chatmessage-peteypiranha"><strong style="color:hsl(101,52%,31.592535630048488%)"><small>★</small><span class="username" data-name="PeteyPiranha">PeteyPiranha</span>:</strong> <em>right in the kisser!</em></div><div class="spacer battle-history"><br></div><div class="battle-history">PeteyPiranha sent out <strong>Ambipom</strong>!<br></div><div class="battle-history"><small>The opposing Ambipom is hurt by the spikes!</small><br></div><div class="battle-history"><small>Pointed stones dug into the opposing Ambipom!</small><br></div><div class="spacer battle-history"><br></div><h2 class="battle-history">Turn 18</h2><div class="spacer battle-history"><br></div><div class="battle-history">Alomomola used <strong>Protect</strong>!<br></div><div class="battle-history"><small>Alomomola protected itself!</small><br></div><div class="spacer battle-history"><br></div><div class="battle-history">The opposing Ambipom used <strong>Fake Out</strong>!<br></div><div class="battle-history"><small>Alomomola protected itself!</small><br></div><div class="spacer battle-history"><br></div><div class="battle-history"><small>Alomomola restored a little HP using its Leftovers!</small><br></div><div class="spacer battle-history"><br></div><h2 class="battle-history">Turn 19</h2><div class="spacer battle-history"><br></div><div class="battle-history">The opposing Ambipom used <strong>Thief</strong>!<br></div><div class="battle-history"><small>(Alomomola lost <abbr title="−89/497">17.9%</abbr> of its health!)</small><br></div><div class="spacer battle-history"><br></div><div class="battle-history">Alomomola used <strong>Wish</strong>!<br></div><div class="spacer battle-history"><br></div><div class="battle-history"><small>Alomomola restored a little HP using its Leftovers!</small><br></div><div class="spacer battle-history"><br></div><h2 class="battle-history">Turn 20</h2><div class="spacer battle-history"><br></div><div class="battle-history">Alomomola, come back!<br></div><div class="battle-history">Go! <strong>Barbaracle</strong>!<br></div><div class="spacer battle-history"><br></div><div class="battle-history">The opposing Ambipom used <strong>Covet</strong>!<br></div><div class="battle-history"><small>The Normal Gem strengthened the opposing Ambipom's power!</small><br></div><div class="battle-history"><small>It's not very effective...</small><br></div><div class="battle-history"><small>(Barbaracle lost <abbr title="−87/285">30.5%</abbr> of its health!)</small><br></div><div class="spacer battle-history"><br></div><div class="battle-history"><small>Alomomola's wish came true!</small><br></div><div class="spacer battle-history"><br></div><h2 class="battle-history">Turn 21</h2><div class="spacer battle-history"><br></div><div class="battle-history">The opposing Ambipom used <strong>U-turn</strong>!<br></div><div class="battle-history"><small>(Barbaracle lost <abbr title="−69/285">24.2%</abbr> of its health!)</small><br></div><div class="spacer battle-history"><br></div><div class="battle-history">The opposing Ambipom went back to PeteyPiranha!<br></div><div class="battle-history">PeteyPiranha sent out <strong>Cofagrigus</strong>!<br></div><div class="battle-history"><small>The opposing Cofagrigus is hurt by the spikes!</small><br></div><div class="spacer battle-history"><br></div><div class="battle-history">The opposing Cofagrigus fainted!<br></div><div class="battle-history">Barbaracle used <strong>Shell Smash</strong>!<br></div><div class="battle-history"><small>Barbaracle's Defense fell!</small><br></div><div class="battle-history"><small>Barbaracle's Special Defense fell!</small><br></div><div class="battle-history"><small>Barbaracle's Attack rose sharply!</small><br></div><div class="battle-history"><small>Barbaracle's Special Attack rose sharply!</small><br></div><div class="battle-history"><small>Barbaracle's Speed rose sharply!</small><br></div><div class="spacer battle-history"><br></div><div class="battle-history">PeteyPiranha sent out <strong>Ambipom</strong>!<br></div><div class="battle-history"><small>Pointed stones dug into the opposing Ambipom!</small><br></div><div class="battle-history"><small>The opposing Ambipom is hurt by the spikes!</small><br></div><div class="spacer battle-history"><br></div><h2 class="battle-history">Turn 22</h2><div class="spacer battle-history"><br></div><div class="battle-history">The opposing Ambipom used <strong>Fake Out</strong>!<br></div><div class="battle-history"><small>It's not very effective...</small><br></div><div class="battle-history"><small>(Barbaracle lost <abbr title="−66/285">23.2%</abbr> of its health!)</small><br></div><div class="spacer battle-history"><br></div><div class="battle-history">Barbaracle flinched and couldn't move!<br></div><div class="spacer battle-history"><br></div><h2 class="battle-history">Turn 23</h2><div class="spacer battle-history"><br></div><div class="battle-history">Barbaracle used <strong>Razor Shell</strong>!<br></div><div class="battle-history"><small>(The opposing Ambipom lost <abbr title="−148/292">50.7%</abbr> of its health!)</small><br></div><div class="spacer battle-history"><br></div><div class="battle-history">The opposing Ambipom fainted!<br></div><div class="spacer battle-history"><br></div><div class="battle-history">PeteyPiranha sent out <strong>Dusclops</strong>!<br></div><div class="battle-history"><small>Pointed stones dug into the opposing Dusclops!</small><br></div><div class="battle-history"><small>The opposing Dusclops is hurt by the spikes!</small><br></div><div class="battle-history"><small>[The opposing Dusclops's Frisk]</small><br><small>The opposing Dusclops frisked Barbaracle and found its Lum Berry!</small><br></div><div class="spacer battle-history"><br></div><h2 class="battle-history">Turn 24</h2><div class="spacer battle-history"><br></div><div class="battle-history">Barbaracle used <strong>Razor Shell</strong>!<br></div><div class="battle-history"><small>(The opposing Dusclops lost <abbr title="−136/222">61.3%</abbr> of its health!)</small><br></div><div class="battle-history"><small>The opposing Dusclops's Defense fell!</small><br></div><div class="spacer battle-history"><br></div><div class="battle-history">The opposing Dusclops used <strong>Will-O-Wisp</strong>!<br></div><div class="battle-history"><small>Barbaracle was burned!</small><br></div><div class="battle-history"><small>Barbaracle ate its Lum Berry!</small><br></div><div class="battle-history"><small>Barbaracle's burn was healed.</small><br></div><div class="spacer battle-history"><br></div><h2 class="battle-history">Turn 25</h2><div class="spacer battle-history"><br></div><div class="battle-history">Barbaracle used <strong>Razor Shell</strong>!<br></div><div class="battle-history"><small>(The opposing Dusclops lost <abbr title="−32/222">14.4%</abbr> of its health!)</small><br></div><div class="spacer battle-history"><br></div><div class="battle-history">The opposing Dusclops fainted!<br></div><div class="spacer battle-history"><br></div><div class="battle-history">PeteyPiranha sent out <strong>Slaking</strong>!<br></div><div class="battle-history"><small>The opposing Slaking is hurt by the spikes!</small><br></div><div class="battle-history"><small>Pointed stones dug into the opposing Slaking!</small><br></div><div class="spacer battle-history"><br></div><h2 class="battle-history">Turn 26</h2><div class="spacer battle-history"><br></div><div class="battle-history">Barbaracle used <strong>Razor Shell</strong>!<br></div><div class="battle-history"><small>(The opposing Slaking lost <abbr title="−332/442">75.1%</abbr> of its health!)</small><br></div><div class="spacer battle-history"><br></div><div class="battle-history">The opposing Slaking fainted!<br></div><div class="chat chatmessage-peteypiranha"><strong style="color:hsl(101,52%,31.592535630048488%)"><small>★</small><span class="username" data-name="PeteyPiranha">PeteyPiranha</span>:</strong> <em>I tanked it wen i tried to switch into cofagigarus</em></div><div class="spacer battle-history"><br></div><div class="battle-history">PeteyPiranha sent out Camerupt (<strong>Camerupt-Mega</strong>)!<br></div><div class="battle-history"><small>The opposing Camerupt is hurt by the spikes!</small><br></div><div class="battle-history"><small>Pointed stones dug into the opposing Camerupt!</small><br></div><div class="spacer battle-history"><br></div><h2 class="battle-history">Turn 27</h2><div class="spacer battle-history"><br></div><div class="battle-history">Barbaracle used <strong>Razor Shell</strong>!<br></div><div class="battle-history"><small>The opposing Camerupt avoided the attack!</small><br></div><div class="spacer battle-history"><br></div><div class="battle-history">The opposing Camerupt used <strong>Earth Power</strong>!<br></div><div class="battle-history"><small>It's super effective!</small><br></div><div class="battle-history"><small>(Barbaracle lost <abbr title="−150/285">52.6%</abbr> of its health!)</small><br></div><div class="spacer battle-history"><br></div><div class="battle-history">Barbaracle fainted!<br></div><div class="spacer battle-history"><br></div><div class="battle-history">Go! <strong>Alomomola</strong>!<br></div><div class="spacer battle-history"><br></div><h2 class="battle-history">Turn 28</h2><div class="spacer battle-history"><br></div><div class="battle-history">Alomomola used <strong>Scald</strong>!<br></div><div class="battle-history"><small>It's super effective!</small><br></div><div class="battle-history"><small>(The opposing Camerupt lost <abbr title="−172/344">50%</abbr> of its health!)</small><br></div><div class="spacer battle-history"><br></div><div class="battle-history">The opposing Camerupt used <strong>Sunny Day</strong>!<br></div><div class="battle-history"><small>The sunlight turned harsh!</small><br></div><div class="spacer battle-history"><br></div><div class="battle-history"><small>(The sunlight is strong!)</small><br></div><div class="battle-history"><small>Alomomola restored a little HP using its Leftovers!</small><br></div><div class="spacer battle-history"><br></div><h2 class="battle-history">Turn 29</h2><div class="chat chatmessage-bnast"><strong style="color:hsl(5,82%,41%)"><small>★</small><span class="username" data-name="bnast">bnast</span>:</strong> <em>0</em></div><div class="chat chatmessage-bnast"><strong style="color:hsl(5,82%,41%)"><small>★</small><span class="username" data-name="bnast">bnast</span>:</strong> <em>that was actually a snack for camel</em></div><div class="chat chatmessage-bnast"><strong style="color:hsl(5,82%,41%)"><small>★</small><span class="username" data-name="bnast">bnast</span>:</strong> <em>holy shit</em></div><div class="chat chatmessage-bnast"><strong style="color:hsl(5,82%,41%)"><small>★</small><span class="username" data-name="bnast">bnast</span>:</strong> <em>Jauhn you seeing this?</em></div><div class="chat chatmessage-peteypiranha"><strong style="color:hsl(101,52%,31.592535630048488%)"><small>★</small><span class="username" data-name="PeteyPiranha">PeteyPiranha</span>:</strong> <em>lol</em></div><div class="chat chatmessage-peteypiranha"><strong style="color:hsl(101,52%,31.592535630048488%)"><small>★</small><span class="username" data-name="PeteyPiranha">PeteyPiranha</span>:</strong> <em>gg</em></div><div class="chat chatmessage-bnast"><strong style="color:hsl(5,82%,41%)"><small>★</small><span class="username" data-name="bnast">bnast</span>:</strong> <em>gg</em></div><div class="spacer battle-history"><br></div><div class="battle-history">Alomomola used <strong>Scald</strong>!<br></div><div class="battle-history"><small>It's super effective!</small><br></div><div class="battle-history"><small>(The opposing Camerupt lost <abbr title="−43/344">12.5%</abbr> of its health!)</small><br></div><div class="spacer battle-history"><br></div><div class="battle-history">The opposing Camerupt fainted!<br></div><div class="spacer battle-history"><br></div><div class="battle-history"><strong>bnast</strong> won the battle!<br></div><div class="chat chatmessage-jauhnsheena"><strong style="color:hsl(25,69%,40%)"><small> </small><span class="username" data-name="Jauhn Sheena">Jauhn Sheena</span>:</strong> <em>I see everything</em></div><div class="chat">bnast's rating: 1432 → <strong>1443</strong><br>(+11 for winning)</div><div class="chat">PeteyPiranha's rating: 1261 → <strong>1248</strong><br>(-13 for losing)</div></div><div class="inner-preempt"></div></div></div>
</div>
<script>
let daily = Math.floor(Date.now()/1000/60/60/24);document.write('<script src="https://play.pokemonshowdown.com/js/replay-embed.js?version'+daily+'"></'+'script>');
</script>
